<?xml version="1.0" encoding="UTF-8"?>
<!DOCTYPE html PUBLIC "-//W3C//DTD XHTML 1.0 Transitional//EN"
    "http://www.w3.org/TR/xhtml1/DTD/xhtml1-transitional.dtd">
<html xmlns="http://www.w3.org/1999/xhtml" xml:lang="en" lang="en">
 <head>
  <title>
</title>
<meta http-equiv="Content-Type" content="text/html;charset=utf-8" />
  <meta name='ocr-system' content='tesseract 3.04.00' />
  <meta name='ocr-capabilities' content='ocr_page ocr_carea ocr_par ocr_line ocrx_word'/>
</head>
<body>
  <div class='ocr_page' id='page_1' title='image "./dematrimoniochr04perrgoog_0103.png"; bbox 0 0 3276 5083; ppageno 0'>
   <div class='ocr_carea' id='block_1_1' title="bbox 806 429 2631 499">
    <p class='ocr_par' dir='ltr' id='par_1_1' title="bbox 806 429 2631 499">
     <span class='ocr_line' id='line_1_1' title="bbox 806 429 2631 499; baseline 0.002 -5"><span class='ocrx_word' id='word_1_1' title='bbox 806 445 946 495; x_wconf 61' lang='lat' dir='ltr'>cir.</span> <span class='ocrx_word' id='word_1_2' title='bbox 990 442 1063 495; x_wconf 82' lang='lat' dir='ltr'>u.</span> <span class='ocrx_word' id='word_1_3' title='bbox 1105 445 1184 494; x_wconf 71' lang='lat' dir='ltr'>aa</span> <span class='ocrx_word' id='word_1_4' title='bbox 1219 442 1536 496; x_wconf 67' lang='lat' dir='ltr'>mammo.</span> <span class='ocrx_word' id='word_1_5' title='bbox 1578 446 1719 496; x_wconf 58' lang='lat' dir='ltr'>aar.</span> <span class='ocrx_word' id='word_1_6' title='bbox 1761 444 1859 496; x_wconf 87' lang='lat' dir='ltr'>m.</span> <span class='ocrx_word' id='word_1_7' title='bbox 1899 446 2238 499; x_wconf 71' lang='lat' dir='ltr'>coacti-u.</span> <span class='ocrx_word' id='word_1_8' title='bbox 2543 429 2631 498; x_wconf 75' lang='lat' dir='ltr'><em>w</em></span> 
     </span>
    </p>
   </div>
   <div class='ocr_carea' id='block_1_2' title="bbox 407 559 2650 4445">
    <p class='ocr_par' dir='ltr' id='par_1_2' title="bbox 407 559 2639 1238">
     <span class='ocr_line' id='line_1_2' title="bbox 407 559 2637 666; baseline 0 -28"><span class='ocrx_word' id='word_1_9' title='bbox 407 563 667 649; x_wconf 82' lang='lat' dir='ltr'>civilis,</span> <span class='ocrx_word' id='word_1_10' title='bbox 710 560 771 635; x_wconf 90' lang='lat' dir='ltr'>si</span> <span class='ocrx_word' id='word_1_11' title='bbox 807 586 930 660; x_wconf 89' lang='lat' dir='ltr'>pro</span> <span class='ocrx_word' id='word_1_12' title='bbox 980 576 1177 634; x_wconf 44' lang='lat' dir='ltr'>certow</span> <span class='ocrx_word' id='word_1_13' title='bbox 1210 559 1456 634; x_wconf 90' lang='lat' dir='ltr'>haheat</span> <span class='ocrx_word' id='word_1_14' title='bbox 1502 559 1572 632; x_wconf 88' lang='lat' dir='ltr'>in</span> <span class='ocrx_word' id='word_1_15' title='bbox 1627 559 1970 636; x_wconf 81' lang='lat' dir='ltr'>nonnullis</span> <span class='ocrx_word' id='word_1_16' title='bbox 2023 587 2276 648; x_wconf 85' lang='lat' dir='ltr'>rerum,</span> <span class='ocrx_word' id='word_1_17' title='bbox 2320 580 2438 638; x_wconf 83' lang='lat' dir='ltr'>aut</span> <span class='ocrx_word' id='word_1_18' title='bbox 2486 592 2637 666; x_wconf 88' lang='lat' dir='ltr'>per-</span> 
     </span>
     <span class='ocr_line' id='line_1_3' title="bbox 408 673 2632 755; baseline 0 -1"><span class='ocrx_word' id='word_1_19' title='bbox 408 702 730 754; x_wconf 87' lang='lat' dir='ltr'>sonarum</span> <span class='ocrx_word' id='word_1_20' title='bbox 789 673 1130 748; x_wconf 87' lang='lat' dir='ltr'>adiunctis</span> <span class='ocrx_word' id='word_1_21' title='bbox 1181 673 1267 748; x_wconf 88' lang='lat' dir='ltr'>ad</span> <span class='ocrx_word' id='word_1_22' title='bbox 1326 673 1673 748; x_wconf 86' lang='lat' dir='ltr'>societatis</span> <span class='ocrx_word' id='word_1_23' title='bbox 1739 673 1987 748; x_wconf 89' lang='lat' dir='ltr'>bonum</span> <span class='ocrx_word' id='word_1_24' title='bbox 2038 676 2336 753; x_wconf 81' lang='lat' dir='ltr'>conferre</span> <span class='ocrx_word' id='word_1_25' title='bbox 2382 679 2632 755; x_wconf 78' lang='lat' dir='ltr'>vinculi</span> 
     </span>
     <span class='ocr_line' id='line_1_4' title="bbox 410 788 2637 890; baseline 0.001 -22"><span class='ocrx_word' id='word_1_26' title='bbox 410 791 786 889; x_wconf 77' lang='lat' dir='ltr'>coniugalis</span> <span class='ocrx_word' id='word_1_27' title='bbox 834 788 1351 865; x_wconf 82' lang='lat' dir='ltr'>dissolutionem</span> <span class='ocrx_word' id='word_1_28' title='bbox 1393 847 1409 877; x_wconf 92' lang='lat'>,</span> <span class='ocrx_word' id='word_1_29' title='bbox 1467 790 1710 890; x_wconf 89' lang='lat' dir='ltr'>poterit</span> <span class='ocrx_word' id='word_1_30' title='bbox 1757 789 1970 889; x_wconf 79' lang='lat' dir='ltr'>legem</span> <span class='ocrx_word' id='word_1_31' title='bbox 2023 791 2194 867; x_wconf 82' lang='lat' dir='ltr'>ferre</span> <span class='ocrx_word' id='word_1_32' title='bbox 2232 849 2250 880; x_wconf 87' lang='lat'>‚</span> <span class='ocrx_word' id='word_1_33' title='bbox 2307 810 2380 868; x_wconf 85' lang='lat' dir='ltr'>ut</span> <span class='ocrx_word' id='word_1_34' title='bbox 2428 793 2637 870; x_wconf 89' lang='lat' dir='ltr'>libere</span> 
     </span>
     <span class='ocr_line' id='line_1_5' title="bbox 412 903 2627 1006; baseline 0 -25"><span class='ocrx_word' id='word_1_35' title='bbox 412 906 584 982; x_wconf 77' lang='lat' dir='ltr'>solvi</span> <span class='ocrx_word' id='word_1_36' title='bbox 636 906 883 1006; x_wconf 84' lang='lat' dir='ltr'>possit,</span> <span class='ocrx_word' id='word_1_37' title='bbox 938 931 1040 978; x_wconf 82' lang='lat' dir='ltr'>ex.</span> <span class='ocrx_word' id='word_1_38' title='bbox 1091 928 1191 1002; x_wconf 82' lang='lat' dir='ltr'>gr.</span> <span class='ocrx_word' id='word_1_39' title='bbox 1240 904 1313 975; x_wconf 90' lang='lat' dir='ltr'>in</span> <span class='ocrx_word' id='word_1_40' title='bbox 1356 929 1524 978; x_wconf 87' lang='lat' dir='ltr'>casu</span> <span class='ocrx_word' id='word_1_41' title='bbox 1573 903 1918 993; x_wconf 85' lang='lat' dir='ltr'>adulterii,</span> <span class='ocrx_word' id='word_1_42' title='bbox 1975 905 2192 982; x_wconf 82' lang='lat' dir='ltr'>aliove</span> <span class='ocrx_word' id='word_1_43' title='bbox 2237 908 2571 983; x_wconf 84' lang='lat' dir='ltr'>eiusmodi</span> <span class='ocrx_word' id='word_1_44' title='bbox 2609 940 2627 996; x_wconf 85' lang='lat'><strong>;</strong></span> 
     </span>
     <span class='ocr_line' id='line_1_6' title="bbox 412 1020 2639 1122; baseline 0.001 -25"><span class='ocrx_word' id='word_1_45' title='bbox 412 1021 752 1122; x_wconf 77' lang='lat' dir='ltr'>siquidem</span> <span class='ocrx_word' id='word_1_46' title='bbox 777 1021 999 1118; x_wconf 82' lang='lat' dir='ltr'>agitur</span> <span class='ocrx_word' id='word_1_47' title='bbox 1022 1020 1110 1094; x_wconf 88' lang='lat' dir='ltr'>de</span> <span class='ocrx_word' id='word_1_48' title='bbox 1141 1035 1482 1095; x_wconf 85' lang='lat' dir='ltr'>contractu</span> <span class='ocrx_word' id='word_1_49' title='bbox 1501 1077 1518 1107; x_wconf 88' lang='lat'>‚</span> <span class='ocrx_word' id='word_1_50' title='bbox 1550 1020 1696 1120; x_wconf 83' lang='lat' dir='ltr'>qui,</span> <span class='ocrx_word' id='word_1_51' title='bbox 1729 1020 1798 1093; x_wconf 89' lang='lat' dir='ltr'>in</span> <span class='ocrx_word' id='word_1_52' title='bbox 1826 1020 2184 1121; x_wconf 79' lang='lat' dir='ltr'>hypothesi</span> <span class='ocrx_word' id='word_1_53' title='bbox 2204 1080 2220 1110; x_wconf 88' lang='lat'>,</span> <span class='ocrx_word' id='word_1_54' title='bbox 2251 1023 2404 1099; x_wconf 83' lang='lat' dir='ltr'>eius</span> <span class='ocrx_word' id='word_1_55' title='bbox 2429 1024 2639 1100; x_wconf 80' lang='lat' dir='ltr'>subii·</span> 
     </span>
     <span class='ocr_line' id='line_1_7' title="bbox 410 1136 968 1238; baseline -0.007 -27"><span class='ocrx_word' id='word_1_56' title='bbox 410 1139 584 1211; x_wconf 90' lang='lat' dir='ltr'>citur</span> <span class='ocrx_word' id='word_1_57' title='bbox 632 1136 968 1238; x_wconf 81' lang='lat' dir='ltr'>potestati.</span> 
     </span>
    </p>

    <p class='ocr_par' dir='ltr' id='par_1_3' title="bbox 410 1248 2644 2162">
     <span class='ocr_line' id='line_1_8' title="bbox 565 1248 2637 1353; baseline 0 -26"><span class='ocrx_word' id='word_1_58' title='bbox 565 1251 938 1327; x_wconf 69' lang='lat' dir='ltr'>Undecimo.</span> <span class='ocrx_word' id='word_1_59' title='bbox 982 1249 1200 1325; x_wconf 86' lang='lat' dir='ltr'>Facile</span> <span class='ocrx_word' id='word_1_60' title='bbox 1233 1250 1508 1350; x_wconf 89' lang='lat' dir='ltr'>insuper</span> <span class='ocrx_word' id='word_1_61' title='bbox 1538 1276 1621 1324; x_wconf 84' lang='lat' dir='ltr'>ex</span> <span class='ocrx_word' id='word_1_62' title='bbox 1655 1248 1766 1324; x_wconf 90' lang='lat' dir='ltr'>his</span> <span class='ocrx_word' id='word_1_63' title='bbox 1799 1249 2121 1348; x_wconf 81' lang='lat' dir='ltr'>colligunt</span> <span class='ocrx_word' id='word_1_64' title='bbox 2167 1252 2286 1353; x_wconf 88' lang='lat' dir='ltr'>qui</span> <span class='ocrx_word' id='word_1_65' title='bbox 2329 1253 2637 1330; x_wconf 78' lang='lat' dir='ltr'>divortiis</span> 
     </span>
     <span class='ocr_line' id='line_1_9' title="bbox 414 1364 2639 1465; baseline 0.001 -24"><span class='ocrx_word' id='word_1_66' title='bbox 414 1368 644 1441; x_wconf 76' lang='lat' dir='ltr'>favent</span> <span class='ocrx_word' id='word_1_67' title='bbox 665 1425 681 1454; x_wconf 87' lang='lat'>‚</span> <span class='ocrx_word' id='word_1_68' title='bbox 734 1365 908 1437; x_wconf 86' lang='lat' dir='ltr'>nihil</span> <span class='ocrx_word' id='word_1_69' title='bbox 950 1364 1219 1452; x_wconf 86' lang='lat' dir='ltr'>obesse,</span> <span class='ocrx_word' id='word_1_70' title='bbox 1258 1365 1451 1465; x_wconf 88' lang='lat' dir='ltr'>quin,</span> <span class='ocrx_word' id='word_1_71' title='bbox 1488 1364 1824 1440; x_wconf 87' lang='lat' dir='ltr'>dissoluto</span> <span class='ocrx_word' id='word_1_72' title='bbox 1856 1366 2071 1465; x_wconf 89' lang='lat' dir='ltr'>primo</span> <span class='ocrx_word' id='word_1_73' title='bbox 2103 1368 2436 1465; x_wconf 81' lang='lat' dir='ltr'>coniugali</span> <span class='ocrx_word' id='word_1_74' title='bbox 2475 1395 2639 1444; x_wconf 86' lang='lat' dir='ltr'>con·</span> 
     </span>
     <span class='ocr_line' id='line_1_10' title="bbox 420 1477 2638 1582; baseline 0.001 -24"><span class='ocrx_word' id='word_1_75' title='bbox 420 1500 635 1558; x_wconf 84' lang='lat' dir='ltr'>tractu</span> <span class='ocrx_word' id='word_1_76' title='bbox 658 1480 879 1582; x_wconf 88' lang='lat' dir='ltr'>quoad</span> <span class='ocrx_word' id='word_1_77' title='bbox 902 1479 1243 1556; x_wconf 76' lang='lat' dir='ltr'>vinculum</span> <span class='ocrx_word' id='word_1_78' title='bbox 1269 1538 1285 1566; x_wconf 85' lang='lat'><em>,</em></span> <span class='ocrx_word' id='word_1_79' title='bbox 1326 1480 1543 1581; x_wconf 88' lang='lat' dir='ltr'>possit</span> <span class='ocrx_word' id='word_1_80' title='bbox 1562 1477 1903 1580; x_wconf 87' lang='lat' dir='ltr'>quispiam</span> <span class='ocrx_word' id='word_1_81' title='bbox 1929 1481 2293 1560; x_wconf 81' lang='lat' dir='ltr'>secundam</span> <span class='ocrx_word' id='word_1_82' title='bbox 2320 1540 2336 1569; x_wconf 91' lang='lat'><strong>‚</strong></span> <span class='ocrx_word' id='word_1_83' title='bbox 2377 1483 2638 1560; x_wconf 78' lang='lat' dir='ltr'>vivente</span> 
     </span>
     <span class='ocr_line' id='line_1_11' title="bbox 414 1594 2642 1698; baseline 0.002 -29"><span class='ocrx_word' id='word_1_84' title='bbox 414 1597 619 1698; x_wconf 80' lang='lat' dir='ltr'>priori</span> <span class='ocrx_word' id='word_1_85' title='bbox 640 1653 657 1684; x_wconf 86' lang='grc'>,</span> <span class='ocrx_word' id='word_1_86' title='bbox 703 1596 950 1671; x_wconf 83' lang='lat' dir='ltr'>ducere</span> <span class='ocrx_word' id='word_1_87' title='bbox 992 1620 1301 1683; x_wconf 81' lang='lat' dir='ltr'>uxorem3</span> <span class='ocrx_word' id='word_1_88' title='bbox 1350 1594 1487 1668; x_wconf 91' lang='lat' dir='ltr'>imo</span> <span class='ocrx_word' id='word_1_89' title='bbox 1543 1611 1612 1669; x_wconf 89' lang='lat' dir='ltr'>et</span> <span class='ocrx_word' id='word_1_90' title='bbox 1663 1595 1929 1670; x_wconf 87' lang='lat' dir='ltr'>tertium</span> <span class='ocrx_word' id='word_1_91' title='bbox 1985 1612 2051 1670; x_wconf 89' lang='lat' dir='ltr'>et</span> <span class='ocrx_word' id='word_1_92' title='bbox 2105 1612 2418 1696; x_wconf 83' lang='lat' dir='ltr'>quartum</span> <span class='ocrx_word' id='word_1_93' title='bbox 2469 1599 2642 1673; x_wconf 81' lang='lat' dir='ltr'>inire</span> 
     </span>
     <span class='ocr_line' id='line_1_12' title="bbox 410 1710 2635 1810; baseline 0 -21"><span class='ocrx_word' id='word_1_94' title='bbox 410 1713 828 1810; x_wconf 82' lang='lat' dir='ltr'>coniugium,</span> <span class='ocrx_word' id='word_1_95' title='bbox 891 1710 1335 1786; x_wconf 79' lang='lat' dir='ltr'>anterioribus</span> <span class='ocrx_word' id='word_1_96' title='bbox 1393 1711 1777 1786; x_wconf 81' lang='lat' dir='ltr'>successive</span> <span class='ocrx_word' id='word_1_97' title='bbox 1821 1711 2087 1787; x_wconf 81' lang='lat' dir='ltr'>solutis.</span> <span class='ocrx_word' id='word_1_98' title='bbox 2143 1713 2405 1788; x_wconf 85' lang='lat' dir='ltr'>Etenim</span> <span class='ocrx_word' id='word_1_99' title='bbox 2463 1715 2635 1789; x_wconf 84' lang='lat' dir='ltr'>nihil</span> 
     </span>
     <span class='ocr_line' id='line_1_13' title="bbox 412 1825 2643 1928; baseline 0.001 -25"><span class='ocrx_word' id='word_1_100' title='bbox 412 1846 515 1903; x_wconf 91' lang='lat' dir='ltr'>est</span> <span class='ocrx_word' id='word_1_101' title='bbox 538 1886 555 1916; x_wconf 89' lang='lat'>,</span> <span class='ocrx_word' id='word_1_102' title='bbox 599 1828 781 1928; x_wconf 91' lang='lat' dir='ltr'>quod</span> <span class='ocrx_word' id='word_1_103' title='bbox 819 1826 979 1900; x_wconf 90' lang='lat' dir='ltr'>huic</span> <span class='ocrx_word' id='word_1_104' title='bbox 1006 1825 1246 1924; x_wconf 84' lang='lat' dir='ltr'>agendi</span> <span class='ocrx_word' id='word_1_105' title='bbox 1283 1826 1522 1904; x_wconf 85' lang='lat' dir='ltr'>rationi</span> <span class='ocrx_word' id='word_1_106' title='bbox 1547 1826 1867 1912; x_wconf 86' lang='lat' dir='ltr'>obsistat,</span> <span class='ocrx_word' id='word_1_107' title='bbox 1902 1843 2201 1927; x_wconf 84' lang='lat' dir='ltr'>spectata</span> <span class='ocrx_word' id='word_1_108' title='bbox 2226 1829 2296 1902; x_wconf 86' lang='lat' dir='ltr'>in</span> <span class='ocrx_word' id='word_1_109' title='bbox 2323 1856 2397 1906; x_wconf 88' lang='lat' dir='ltr'>se</span> <span class='ocrx_word' id='word_1_110' title='bbox 2420 1830 2643 1906; x_wconf 75' lang='lat' dir='ltr'>civilis</span> 
     </span>
     <span class='ocr_line' id='line_1_14' title="bbox 413 1942 2644 2046; baseline 0.001 -27"><span class='ocrx_word' id='word_1_111' title='bbox 413 1960 792 2019; x_wconf 87' lang='lat' dir='ltr'>contractus</span> <span class='ocrx_word' id='word_1_112' title='bbox 852 1959 1123 2030; x_wconf 85' lang='lat' dir='ltr'>natura;</span> <span class='ocrx_word' id='word_1_113' title='bbox 1172 1956 1459 2017; x_wconf 79' lang='lat' dir='ltr'>attamen</span> <span class='ocrx_word' id='word_1_114' title='bbox 1507 1969 1712 2044; x_wconf 89' lang='lat' dir='ltr'>quam</span> <span class='ocrx_word' id='word_1_115' title='bbox 1749 1959 1942 2043; x_wconf 86' lang='lat' dir='ltr'>turpe</span> <span class='ocrx_word' id='word_1_116' title='bbox 1977 1942 2110 2020; x_wconf 87' lang='lat' dir='ltr'>hoc</span> <span class='ocrx_word' id='word_1_117' title='bbox 2143 1945 2265 2032; x_wconf 86' lang='lat' dir='ltr'>sit,</span> <span class='ocrx_word' id='word_1_118' title='bbox 2306 1961 2644 2046; x_wconf 68' lang='lat' dir='ltr'>quamque</span> 
     </span>
     <span class='ocr_line' id='line_1_15' title="bbox 415 2058 2633 2162; baseline 0 -28"><span class='ocrx_word' id='word_1_119' title='bbox 415 2059 776 2134; x_wconf 86' lang='lat' dir='ltr'>abhorreat</span> <span class='ocrx_word' id='word_1_120' title='bbox 798 2059 887 2131; x_wconf 87' lang='lat' dir='ltr'>ab</span> <span class='ocrx_word' id='word_1_121' title='bbox 916 2058 1287 2134; x_wconf 79' lang='lat' dir='ltr'>honestatis</span> <span class='ocrx_word' id='word_1_122' title='bbox 1313 2060 1687 2161; x_wconf 82' lang='lat' dir='ltr'>principiis,</span> <span class='ocrx_word' id='word_1_123' title='bbox 1711 2088 1905 2137; x_wconf 89' lang='lat' dir='ltr'>nemo</span> <span class='ocrx_word' id='word_1_124' title='bbox 1930 2078 2056 2148; x_wconf 86' lang='lat' dir='ltr'>est,</span> <span class='ocrx_word' id='word_1_125' title='bbox 2082 2063 2359 2162; x_wconf 89' lang='lat' dir='ltr'>quinon</span> <span class='ocrx_word' id='word_1_126' title='bbox 2384 2064 2633 2137; x_wconf 74' lang='lat' dir='ltr'>videat.</span> 
     </span>
    </p>

    <p class='ocr_par' dir='ltr' id='par_1_4' title="bbox 416 2173 2644 2945">
     <span class='ocr_line' id='line_1_16' title="bbox 570 2173 2643 2263; baseline 0.002 -16"><span class='ocrx_word' id='word_1_127' title='bbox 570 2174 981 2248; x_wconf 62' lang='lat' dir='ltr'>Duodecimn.</span> <span class='ocrx_word' id='word_1_128' title='bbox 1026 2173 1215 2261; x_wconf 85' lang='lat' dir='ltr'>Quod</span> <span class='ocrx_word' id='word_1_129' title='bbox 1261 2175 1514 2249; x_wconf 88' lang='lat' dir='ltr'>dictum</span> <span class='ocrx_word' id='word_1_130' title='bbox 1555 2191 1663 2250; x_wconf 87' lang='lat' dir='ltr'>est</span> <span class='ocrx_word' id='word_1_131' title='bbox 1708 2175 1794 2251; x_wconf 87' lang='lat' dir='ltr'>de</span> <span class='ocrx_word' id='word_1_132' title='bbox 1842 2176 2297 2263; x_wconf 82' lang='lat' dir='ltr'>matrimonio,</span> <span class='ocrx_word' id='word_1_133' title='bbox 2345 2176 2643 2251; x_wconf 84' lang='lat' dir='ltr'>subdunt</span> 
     </span>
     <span class='ocr_line' id='line_1_17' title="bbox 423 2289 2632 2392; baseline 0.001 -28"><span class='ocrx_word' id='word_1_134' title='bbox 423 2289 580 2376; x_wconf 83' lang='lat' dir='ltr'>alii,</span> <span class='ocrx_word' id='word_1_135' title='bbox 621 2289 707 2364; x_wconf 93' lang='lat' dir='ltr'>ob</span> <span class='ocrx_word' id='word_1_136' title='bbox 741 2289 1010 2365; x_wconf 86' lang='lat' dir='ltr'>rationis</span> <span class='ocrx_word' id='word_1_137' title='bbox 1047 2291 1397 2391; x_wconf 87' lang='lat' dir='ltr'>paritatem</span> <span class='ocrx_word' id='word_1_138' title='bbox 1447 2290 1769 2365; x_wconf 84' lang='lat' dir='ltr'>affirmari</span> <span class='ocrx_word' id='word_1_139' title='bbox 1816 2291 2016 2366; x_wconf 86' lang='lat' dir='ltr'>debet</span> <span class='ocrx_word' id='word_1_140' title='bbox 2042 2292 2131 2366; x_wconf 85' lang='lat' dir='ltr'>de</span> <span class='ocrx_word' id='word_1_141' title='bbox 2164 2292 2632 2392; x_wconf 69' lang='lat' dir='ltr'>sponsalibus,</span> 
     </span>
     <span class='ocr_line' id='line_1_18' title="bbox 421 2405 2642 2508; baseline 0.003 -32"><span class='ocrx_word' id='word_1_142' title='bbox 421 2425 706 2505; x_wconf 77' lang='lat' dir='ltr'>quorum</span> <span class='ocrx_word' id='word_1_143' title='bbox 756 2405 1311 2481; x_wconf 66' lang='lat' dir='ltr'>moderandos-um</span> <span class='ocrx_word' id='word_1_144' title='bbox 1345 2406 1453 2480; x_wconf 88' lang='lat' dir='ltr'>ius</span> <span class='ocrx_word' id='word_1_145' title='bbox 1485 2406 1830 2482; x_wconf 83' lang='lat' dir='ltr'>vindicare</span> <span class='ocrx_word' id='word_1_146' title='bbox 1880 2406 2009 2481; x_wconf 89' lang='lat' dir='ltr'>sibi</span> <span class='ocrx_word' id='word_1_147' title='bbox 2060 2408 2301 2508; x_wconf 87' lang='lat' dir='ltr'>poterit</span> <span class='ocrx_word' id='word_1_148' title='bbox 2344 2423 2642 2507; x_wconf 80' lang='lat' dir='ltr'>potestas</span> 
     </span>
     <span class='ocr_line' id='line_1_19' title="bbox 417 2519 2641 2624; baseline 0.001 -29"><span class='ocrx_word' id='word_1_149' title='bbox 417 2519 640 2595; x_wconf 82' lang='lat' dir='ltr'>civilis</span> <span class='ocrx_word' id='word_1_150' title='bbox 660 2578 676 2608; x_wconf 89' lang='lat'>,</span> <span class='ocrx_word' id='word_1_151' title='bbox 722 2534 949 2621; x_wconf 88' lang='lat' dir='ltr'>utpote</span> <span class='ocrx_word' id='word_1_152' title='bbox 987 2547 1166 2622; x_wconf 89' lang='lat' dir='ltr'>quae</span> <span class='ocrx_word' id='word_1_153' title='bbox 1200 2521 1487 2622; x_wconf 88' lang='lat' dir='ltr'>spectari</span> <span class='ocrx_word' id='word_1_154' title='bbox 1521 2521 1810 2597; x_wconf 86' lang='lat' dir='ltr'>debeant</span> <span class='ocrx_word' id='word_1_155' title='bbox 1840 2521 2043 2598; x_wconf 76' lang='lat' dir='ltr'>veluti</span> <span class='ocrx_word' id='word_1_156' title='bbox 2096 2524 2641 2624; x_wconf 80' lang='lat' dir='ltr'>praeparationes</span> 
     </span>
     <span class='ocr_line' id='line_1_20' title="bbox 416 2636 2635 2737; baseline 0.001 -26"><span class='ocrx_word' id='word_1_157' title='bbox 416 2637 751 2737; x_wconf 87' lang='lat' dir='ltr'>quaedam</span> <span class='ocrx_word' id='word_1_158' title='bbox 777 2636 865 2712; x_wconf 88' lang='lat' dir='ltr'>ad</span> <span class='ocrx_word' id='word_1_159' title='bbox 890 2652 1300 2713; x_wconf 85' lang='lat' dir='ltr'>contractum</span> <span class='ocrx_word' id='word_1_160' title='bbox 1327 2663 1508 2714; x_wconf 86' lang='lat' dir='ltr'>mere</span> <span class='ocrx_word' id='word_1_161' title='bbox 1532 2637 1797 2713; x_wconf 82' lang='lat' dir='ltr'>civilem</span> <span class='ocrx_word' id='word_1_162' title='bbox 1826 2637 2191 2713; x_wconf 85' lang='lat' dir='ltr'>ineundum</span> <span class='ocrx_word' id='word_1_163' title='bbox 2213 2696 2229 2725; x_wconf 82' lang='lat'><strong>‚</strong></span> <span class='ocrx_word' id='word_1_164' title='bbox 2260 2655 2376 2714; x_wconf 89' lang='lat' dir='ltr'>aut</span> <span class='ocrx_word' id='word_1_165' title='bbox 2405 2639 2635 2728; x_wconf 89' lang='lat' dir='ltr'>etiam,</span> 
     </span>
     <span class='ocr_line' id='line_1_21' title="bbox 417 2752 2644 2854; baseline 0.001 -28"><span class='ocrx_word' id='word_1_166' title='bbox 417 2752 479 2826; x_wconf 90' lang='lat' dir='ltr'>si</span> <span class='ocrx_word' id='word_1_167' title='bbox 538 2752 727 2827; x_wconf 86' lang='lat' dir='ltr'>lubet</span> <span class='ocrx_word' id='word_1_168' title='bbox 754 2810 772 2841; x_wconf 91' lang='lat'>‚</span> <span class='ocrx_word' id='word_1_169' title='bbox 840 2753 929 2827; x_wconf 87' lang='lat' dir='ltr'>ad</span> <span class='ocrx_word' id='word_1_170' title='bbox 982 2769 1396 2829; x_wconf 84' lang='lat' dir='ltr'>contractum</span> <span class='ocrx_word' id='word_1_171' title='bbox 1430 2812 1448 2842; x_wconf 84' lang='lat'>‚</span> <span class='ocrx_word' id='word_1_172' title='bbox 1504 2753 1623 2854; x_wconf 90' lang='lat' dir='ltr'>qui</span> <span class='ocrx_word' id='word_1_173' title='bbox 1673 2754 1873 2828; x_wconf 87' lang='lat' dir='ltr'>debet</span> <span class='ocrx_word' id='word_1_174' title='bbox 1930 2755 2278 2829; x_wconf 83' lang='lat' dir='ltr'>materiam</span> <span class='ocrx_word' id='word_1_175' title='bbox 2332 2770 2644 2829; x_wconf 78' lang='lat' dir='ltr'>remotam</span> 
     </span>
     <span class='ocr_line' id='line_1_22' title="bbox 419 2867 2073 2945; baseline -0.001 -3"><span class='ocrx_word' id='word_1_176' title='bbox 419 2867 829 2943; x_wconf 83' lang='lat' dir='ltr'>constituere</span> <span class='ocrx_word' id='word_1_177' title='bbox 876 2868 965 2942; x_wconf 87' lang='lat' dir='ltr'>ad</span> <span class='ocrx_word' id='word_1_178' title='bbox 1014 2885 1505 2945; x_wconf 87' lang='lat' dir='ltr'>sacramentum</span> <span class='ocrx_word' id='word_1_179' title='bbox 1556 2869 2073 2943; x_wconf 84' lang='lat' dir='ltr'>conficiendum.</span> 
     </span>
    </p>

    <p class='ocr_par' dir='ltr' id='par_1_5' title="bbox 424 2983 2650 4445">
     <span class='ocr_line' id='line_1_23' title="bbox 569 2983 2645 3071; baseline 0.001 -15"><span class='ocrx_word' id='word_1_180' title='bbox 569 2983 1045 3057; x_wconf 73' lang='lat' dir='ltr'>Dccimotertio.</span> <span class='ocrx_word' id='word_1_181' title='bbox 1089 2985 1339 3059; x_wconf 86' lang='lat' dir='ltr'>Eadem</span> <span class='ocrx_word' id='word_1_182' title='bbox 1374 2985 1459 3059; x_wconf 90' lang='lat' dir='ltr'>de</span> <span class='ocrx_word' id='word_1_183' title='bbox 1492 3008 1703 3059; x_wconf 83' lang='lat' dir='ltr'>causa</span> <span class='ocrx_word' id='word_1_184' title='bbox 1735 2985 1939 3058; x_wconf 88' lang='lat' dir='ltr'>iidem</span> <span class='ocrx_word' id='word_1_185' title='bbox 1996 2985 2321 3071; x_wconf 84' lang='lat' dir='ltr'>inferunt,</span> <span class='ocrx_word' id='word_1_186' title='bbox 2377 2985 2645 3059; x_wconf 83' lang='lat' dir='ltr'>discus-</span> 
     </span>
     <span class='ocr_line' id='line_1_24' title="bbox 430 3096 2644 3199; baseline 0 -28"><span class='ocrx_word' id='word_1_187' title='bbox 430 3096 536 3175; x_wconf 87' lang='lat' dir='ltr'>sio</span> <span class='ocrx_word' id='word_1_188' title='bbox 580 3114 646 3172; x_wconf 88' lang='lat' dir='ltr'>et</span> <span class='ocrx_word' id='word_1_189' title='bbox 695 3097 1016 3173; x_wconf 88' lang='lat' dir='ltr'>iudicium</span> <span class='ocrx_word' id='word_1_190' title='bbox 1068 3124 1427 3174; x_wconf 83' lang='lat' dir='ltr'>causarum</span> <span class='ocrx_word' id='word_1_191' title='bbox 1478 3099 2068 3175; x_wconf 78' lang='lat' dir='ltr'>matrimonialium</span> <span class='ocrx_word' id='word_1_192' title='bbox 2098 3158 2117 3187; x_wconf 89' lang='lat'>,</span> <span class='ocrx_word' id='word_1_193' title='bbox 2181 3124 2644 3199; x_wconf 88' lang='lat' dir='ltr'>quaecumque</span> 
     </span>
     <span class='ocr_line' id='line_1_25' title="bbox 424 3213 2643 3313; baseline -0.001 -26"><span class='ocrx_word' id='word_1_194' title='bbox 424 3238 545 3287; x_wconf 82' lang='lat' dir='ltr'>eae</span> <span class='ocrx_word' id='word_1_195' title='bbox 592 3213 731 3288; x_wconf 87' lang='lat' dir='ltr'>sint</span> <span class='ocrx_word' id='word_1_196' title='bbox 758 3271 777 3301; x_wconf 87' lang='lat'><strong>‚</strong></span> <span class='ocrx_word' id='word_1_197' title='bbox 846 3213 1245 3313; x_wconf 86' lang='lat' dir='ltr'>spectabunt</span> <span class='ocrx_word' id='word_1_198' title='bbox 1294 3216 1381 3290; x_wconf 88' lang='lat' dir='ltr'>ad</span> <span class='ocrx_word' id='word_1_199' title='bbox 1432 3214 1793 3289; x_wconf 85' lang='lat' dir='ltr'>tribunalia</span> <span class='ocrx_word' id='word_1_200' title='bbox 1841 3215 2090 3289; x_wconf 77' lang='lat' dir='ltr'>civilia.</span> <span class='ocrx_word' id='word_1_201' title='bbox 2148 3216 2316 3288; x_wconf 88' lang='lat' dir='ltr'>Nam</span> <span class='ocrx_word' id='word_1_202' title='bbox 2369 3213 2432 3288; x_wconf 90' lang='lat' dir='ltr'>si</span> <span class='ocrx_word' id='word_1_203' title='bbox 2483 3240 2643 3288; x_wconf 89' lang='lat' dir='ltr'>con-</span> 
     </span>
     <span class='ocr_line' id='line_1_26' title="bbox 428 3327 2645 3416; baseline -0 -16"><span class='ocrx_word' id='word_1_204' title='bbox 428 3327 733 3401; x_wconf 89' lang='lat' dir='ltr'>trahatur</span> <span class='ocrx_word' id='word_1_205' title='bbox 785 3344 1039 3403; x_wconf 88' lang='lat' dir='ltr'>tantum</span> <span class='ocrx_word' id='word_1_206' title='bbox 1088 3330 1582 3404; x_wconf 86' lang='lat' dir='ltr'>matrimonium</span> <span class='ocrx_word' id='word_1_207' title='bbox 1622 3329 1823 3403; x_wconf 83' lang='lat' dir='ltr'>civile</span> <span class='ocrx_word' id='word_1_208' title='bbox 1855 3389 1870 3416; x_wconf 89' lang='lat'>‚</span> <span class='ocrx_word' id='word_1_209' title='bbox 1927 3330 2202 3404; x_wconf 73' lang='lat' dir='ltr'>evidens</span> <span class='ocrx_word' id='word_1_210' title='bbox 2250 3346 2354 3404; x_wconf 85' lang='lat' dir='ltr'>est</span> <span class='ocrx_word' id='word_1_211' title='bbox 2402 3327 2488 3402; x_wconf 89' lang='lat' dir='ltr'>ad</span> <span class='ocrx_word' id='word_1_212' title='bbox 2537 3329 2645 3400; x_wconf 91' lang='lat' dir='ltr'>iu-</span> 
     </span>
     <span class='ocr_line' id='line_1_27' title="bbox 430 3441 2643 3547; baseline 0 -33"><span class='ocrx_word' id='word_1_213' title='bbox 430 3441 618 3517; x_wconf 87' lang='lat' dir='ltr'>dices</span> <span class='ocrx_word' id='word_1_214' title='bbox 649 3442 858 3520; x_wconf 86' lang='lat' dir='ltr'>laicos</span> <span class='ocrx_word' id='word_1_215' title='bbox 891 3471 1011 3519; x_wconf 88' lang='lat' dir='ltr'>eas</span> <span class='ocrx_word' id='word_1_216' title='bbox 1046 3471 1288 3520; x_wconf 79' lang='lat' dir='ltr'>causas</span> <span class='ocrx_word' id='word_1_217' title='bbox 1323 3445 1665 3520; x_wconf 76' lang='lat' dir='ltr'>exclusive</span> <span class='ocrx_word' id='word_1_218' title='bbox 1697 3446 2063 3547; x_wconf 84' lang='lat' dir='ltr'>pertinere;</span> <span class='ocrx_word' id='word_1_219' title='bbox 2093 3446 2156 3519; x_wconf 84' lang='lat' dir='ltr'>si</span> <span class='ocrx_word' id='word_1_220' title='bbox 2179 3470 2337 3518; x_wconf 80' lang='lat' dir='ltr'>vero</span> <span class='ocrx_word' id='word_1_221' title='bbox 2367 3442 2643 3543; x_wconf 85' lang='lat' dir='ltr'>nuptiae</span> 
     </span>
     <span class='ocr_line' id='line_1_28' title="bbox 433 3558 2644 3660; baseline -0 -29"><span class='ocrx_word' id='word_1_222' title='bbox 433 3582 655 3631; x_wconf 88' lang='lat' dir='ltr'>coram</span> <span class='ocrx_word' id='word_1_223' title='bbox 717 3559 1004 3634; x_wconf 88' lang='lat' dir='ltr'>ecclesia</span> <span class='ocrx_word' id='word_1_224' title='bbox 1062 3559 1478 3636; x_wconf 81' lang='lat' dir='ltr'>celebrentur</span> <span class='ocrx_word' id='word_1_225' title='bbox 1494 3618 1513 3647; x_wconf 93' lang='lat'>‚</span> <span class='ocrx_word' id='word_1_226' title='bbox 1570 3560 1702 3635; x_wconf 88' lang='lat' dir='ltr'>hae</span> <span class='ocrx_word' id='word_1_227' title='bbox 1755 3586 2029 3660; x_wconf 87' lang='lat' dir='ltr'>quoque</span> <span class='ocrx_word' id='word_1_228' title='bbox 2075 3560 2163 3634; x_wconf 89' lang='lat' dir='ltr'>ad</span> <span class='ocrx_word' id='word_1_229' title='bbox 2209 3558 2644 3656; x_wconf 78' lang='lat' dir='ltr'>magistratus</span> 
     </span>
     <span class='ocr_line' id='line_1_29' title="bbox 428 3672 2646 3777; baseline -0 -29"><span class='ocrx_word' id='word_1_230' title='bbox 428 3672 661 3749; x_wconf 81' lang='lat' dir='ltr'>civiles</span> <span class='ocrx_word' id='word_1_231' title='bbox 706 3676 1168 3776; x_wconf 84' lang='lat' dir='ltr'>pertinebunt:</span> <span class='ocrx_word' id='word_1_232' title='bbox 1225 3690 1454 3776; x_wconf 82' lang='lat' dir='ltr'>utpote</span> <span class='ocrx_word' id='word_1_233' title='bbox 1494 3676 1704 3776; x_wconf 85' lang='lat' dir='ltr'>quod,</span> <span class='ocrx_word' id='word_1_234' title='bbox 1763 3674 2128 3777; x_wconf 86' lang='lat' dir='ltr'>spectando</span> <span class='ocrx_word' id='word_1_235' title='bbox 2174 3673 2436 3747; x_wconf 83' lang='lat' dir='ltr'>civilem</span> <span class='ocrx_word' id='word_1_236' title='bbox 2485 3697 2646 3747; x_wconf 85' lang='lat' dir='ltr'>con-</span> 
     </span>
     <span class='ocr_line' id='line_1_30' title="bbox 426 3787 2645 3878; baseline -0.002 -15"><span class='ocrx_word' id='word_1_237' title='bbox 426 3804 710 3863; x_wconf 84' lang='lat' dir='ltr'>tractum</span> <span class='ocrx_word' id='word_1_238' title='bbox 750 3789 1139 3865; x_wconf 85' lang='lat' dir='ltr'>distinctum</span> <span class='ocrx_word' id='word_1_239' title='bbox 1177 3817 1218 3864; x_wconf 98' lang='lat' dir='ltr'>a</span> <span class='ocrx_word' id='word_1_240' title='bbox 1251 3805 1703 3878; x_wconf 87' lang='lat' dir='ltr'>sacramento,</span> <span class='ocrx_word' id='word_1_241' title='bbox 1759 3817 1840 3864; x_wconf 92' lang='lat' dir='ltr'>ea</span> <span class='ocrx_word' id='word_1_242' title='bbox 1887 3789 2088 3864; x_wconf 86' lang='lat' dir='ltr'>etiam</span> <span class='ocrx_word' id='word_1_243' title='bbox 2138 3789 2414 3862; x_wconf 78' lang='lat' dir='ltr'>materia</span> <span class='ocrx_word' id='word_1_244' title='bbox 2461 3787 2645 3862; x_wconf 77' lang='lat' dir='ltr'>civili</span> 
     </span>
     <span class='ocr_line' id='line_1_31' title="bbox 429 3904 2646 4008; baseline -0.002 -28"><span class='ocrx_word' id='word_1_245' title='bbox 429 3906 741 4006; x_wconf 85' lang='lat' dir='ltr'>potestati</span> <span class='ocrx_word' id='word_1_246' title='bbox 771 3909 1085 4008; x_wconf 90' lang='lat' dir='ltr'>competit</span> <span class='ocrx_word' id='word_1_247' title='bbox 1110 3907 1397 4006; x_wconf 80' lang='lat' dir='ltr'>eiusque</span> <span class='ocrx_word' id='word_1_248' title='bbox 1421 3906 1866 3981; x_wconf 87' lang='lat' dir='ltr'>iurisdictioni</span> <span class='ocrx_word' id='word_1_249' title='bbox 1894 3905 2150 3981; x_wconf 87' lang='lat' dir='ltr'>subest.</span> <span class='ocrx_word' id='word_1_250' title='bbox 2182 3904 2283 3977; x_wconf 75' lang='lat' dir='ltr'>Ad</span> <span class='ocrx_word' id='word_1_251' title='bbox 2309 3930 2646 3978; x_wconf 90' lang='lat' dir='ltr'>summum</span> 
     </span>
     <span class='ocr_line' id='line_1_32' title="bbox 428 4021 2650 4098; baseline 0.001 -5"><span class='ocrx_word' id='word_1_252' title='bbox 428 4021 540 4095; x_wconf 84' lang='lat' dir='ltr'>ius</span> <span class='ocrx_word' id='word_1_253' title='bbox 590 4022 791 4096; x_wconf 85' lang='lat' dir='ltr'>civile</span> <span class='ocrx_word' id='word_1_254' title='bbox 838 4023 1123 4096; x_wconf 86' lang='lat' dir='ltr'>dimittet</span> <span class='ocrx_word' id='word_1_255' title='bbox 1187 4021 1525 4098; x_wconf 87' lang='lat' dir='ltr'>iudicibus</span> <span class='ocrx_word' id='word_1_256' title='bbox 1574 4021 2055 4097; x_wconf 80' lang='lat' dir='ltr'>ecclesiasticis</span> <span class='ocrx_word' id='word_1_257' title='bbox 2108 4046 2380 4096; x_wconf 86' lang='lat' dir='ltr'>causam</span> <span class='ocrx_word' id='word_1_258' title='bbox 2427 4021 2650 4095; x_wconf 79' lang='lat' dir='ltr'>dicere</span> 
     </span>
     <span class='ocr_line' id='line_1_33' title="bbox 429 4136 2647 4240; baseline -0.001 -31"><span class='ocrx_word' id='word_1_259' title='bbox 429 4136 609 4212; x_wconf 85' lang='lat' dir='ltr'>circa</span> <span class='ocrx_word' id='word_1_260' title='bbox 652 4137 936 4214; x_wconf 80' lang='lat' dir='ltr'>effectus</span> <span class='ocrx_word' id='word_1_261' title='bbox 994 4166 1177 4212; x_wconf 81' lang='lat' dir='ltr'>mere</span> <span class='ocrx_word' id='word_1_262' title='bbox 1222 4138 1608 4240; x_wconf 85' lang='lat' dir='ltr'>spirituales</span> <span class='ocrx_word' id='word_1_263' title='bbox 1653 4196 1668 4224; x_wconf 87' lang='lat'>,</span> <span class='ocrx_word' id='word_1_264' title='bbox 1732 4138 1987 4237; x_wconf 79' lang='lat' dir='ltr'>quique</span> <span class='ocrx_word' id='word_1_265' title='bbox 2035 4138 2449 4212; x_wconf 76' lang='lat' dir='ltr'>sanctitatem</span> <span class='ocrx_word' id='word_1_266' title='bbox 2502 4154 2647 4209; x_wconf 81' lang='lat' dir='ltr'>tan·</span> 
     </span>
     <span class='ocr_line' id='line_1_34' title="bbox 432 4253 2649 4352; baseline -0.001 -27"><span class='ocrx_word' id='word_1_267' title='bbox 432 4254 776 4329; x_wconf 87' lang='lat' dir='ltr'>tummodo</span> <span class='ocrx_word' id='word_1_268' title='bbox 835 4254 1232 4328; x_wconf 86' lang='lat' dir='ltr'>sacramenti</span> <span class='ocrx_word' id='word_1_269' title='bbox 1282 4253 1658 4349; x_wconf 75' lang='lat' dir='ltr'>attingunt3</span> <span class='ocrx_word' id='word_1_270' title='bbox 1713 4253 2132 4352; x_wconf 89' lang='lat' dir='ltr'>praecisione</span> <span class='ocrx_word' id='word_1_271' title='bbox 2177 4254 2352 4328; x_wconf 76' lang='lat' dir='ltr'>facta</span> <span class='ocrx_word' id='word_1_272' title='bbox 2402 4279 2444 4325; x_wconf 91' lang='lat' dir='ltr'>a</span> <span class='ocrx_word' id='word_1_273' title='bbox 2489 4276 2649 4325; x_wconf 87' lang='lat' dir='ltr'>con·-</span> 
     </span>
     <span class='ocr_line' id='line_1_35' title="bbox 434 4367 1133 4445; baseline 0 -6"><span class='ocrx_word' id='word_1_274' title='bbox 434 4381 648 4443; x_wconf 87' lang='lat' dir='ltr'>tractu</span> <span class='ocrx_word' id='word_1_275' title='bbox 698 4396 880 4445; x_wconf 86' lang='lat' dir='ltr'>mere</span> <span class='ocrx_word' id='word_1_276' title='bbox 930 4367 1133 4443; x_wconf 89' lang='lat' dir='ltr'>civili.</span> 
     </span>
    </p>
   </div>
  </div>
 </body>
</html>
