3276 5083
758 441 1098 495 maana
1134 442 1322 492 ura.
1353 440 1481 492 civ.
1525 441 1693 491 ome.
1728 441 1802 490 ar
1845 441 2067 493 noan.
2096 443 2235 494 ιιιτ.
2262 444 2307 492 ι.
2513 422 2651 494 263

449 559 774 648 trimonii,
830 561 909 634 et¹
944 559 1368 659 nuptiarum,
1427 557 1472 629 l.
1519 560 1635 629 1⁰.
1682 558 1793 630 hcc
1845 560 1945 631 tit.
1988 573 2049 631 et
2096 560 2315 632 Instit.
2362 559 2438 632 de
2465 577 2647 658 patr.

437 691 577 775 pot.
619 700 700 748 ex
751 699 883 774 quo
930 672 1076 747 loco
1126 672 1326 744 etiam
1377 671 1788 744 consortium
1837 672 2056 744 omnis
2107 672 2284 744 vitae
2334 673 2656 772 interpre—

445 791 572 864 tari
623 790 824 875 licet,
879 786 1295 860 individuam
1344 785 1518 858 vitae
1567 785 2165 873 consuetudinem,
2239 788 2420 886 quod
2481 789 2654 863 vitae

445 905 865 989 societatem,
908 902 1030 999 leq.
1069 902 1152 971 Si
1179 925 1419 971 rerum.
1453 899 1550 970 De
1582 925 1652 970 re
1697 899 1835 971 iud
1860 898 1908 969 l.
1946 901 2013 971 1
2048 900 2200 972 Ber.
2240 915 2438 973 cmot.
2472 902 2653 1002 quod

443 1017 989 1093 Alicarnassaeus
1051 1000 1194 1085 t’wi
1239 1001 1527 1106 ωολλῇ
1578 1000 1988 1084 συνελθεῖν
2042 999 2290 1109 τύχῃ,
2342 1014 2457 1087 uhi
2494 1043 2654 1090 uxo.

444 1158 581 1206 rem
629 1133 831 1206 etiam
881 1129 1042 1201 facit
1091 1113 1436 1199 κοινωνὸν
1494 1113 1862 1197 ἁπάντων
1912 1114 2328 1224 χρημάτων
2379 1150 2458 1197 τε
2516 1117 2640 1199 καὶ

366 1226 374 1233 ’
450 1236 716 1347 ἱεράῖν,
768 1244 945 1318 idest
989 1269 1322 1316 sacrorum
1367 1244 1643 1326 sociam,
1702 1267 1901 1340 quam
1951 1242 2197 1329 divini,
2252 1261 2320 1316 et
2370 1244 2648 1317 humani

446 1362 618 1434 iuris
668 1358 1304 1432 communicationem
1351 1356 1763 1431 Modestinus
1810 1374 2032 1444 vocat,
2073 1374 2139 1430 et
2179 1359 2340 1457 imp.
2375 1359 2652 1431 Gordia-

445 1501 573 1548 nus
607 1473 918 1548 similiter
951 1471 1204 1545 sociam
1241 1472 1336 1543 rei
1383 1471 1747 1556 humanae,
1788 1487 1988 1569 atque
2022 1471 2327 1558 divinae,
2383 1473 2656 1546 domum

445 1590 701 1687 suscipi
744 1590 878 1683 (8).
912 1588 1034 1660 Est
1065 1601 1283 1660 autem
1319 1585 1548 1659 titulus
1584 1586 1698 1657 hic
1728 1587 1824 1657 Dc
1856 1588 1993 1657 ritu
2024 1588 2432 1683 nuptiarum,
2474 1587 2652 1686 quod

442 1702 820 1804 pontificale
862 1701 1139 1776 verbum
1174 1716 1312 1787 est;
1357 1727 1510 1774 nam
1545 1718 1611 1773 et
1645 1727 1815 1800 quas
1867 1699 1969 1773 fas
2019 1717 2199 1773 esset
2244 1701 2442 1788 duci,
2486 1728 2653 1800 pon-

444 1818 697 1891 tificum
747 1817 1082 1890 notionem
1134 1814 1345 1888 fixisse
1394 1814 1832 1911 intelligimus
1881 1839 1963 1886 ex
2006 1813 2231 1886 Tacito
2255 1815 2309 1884 1.
2342 1830 2408 1887 et
2438 1814 2652 1887 Dione

448 1930 762 2018 xlma„
796 1957 933 2030 qua
966 1931 1121 2003 item
1157 1927 1598 2011 solemnitate,
1637 1926 1818 2000 velut
1850 1926 2250 2000 deductione
2284 1926 2353 1998 in
2385 1926 2653 2001 domum

448 2046 710 2129 mariti,
749 2060 816 2117 et
848 2069 1095 2143 aquae,
1154 2043 1464 2141 ignisque
1514 2042 1923 2141 praelatione
1954 2057 2020 2114 et
2053 2042 2432 2141 acceptione
2465 2046 2643 2138 (9).»

446 2158 784 2232 Hactenus
838 2156 1110 2256 quidem
1169 2155 1470 2228 eruditus
1520 2171 1770 2229 auctor.
1829 2157 1927 2227 Ex
1976 2181 2108 2255 quo
2167 2154 2490 2229 discimus
2538 2156 2643 2230 vel

444 2270 532 2343 ab
580 2270 751 2369 ipsis
801 2268 1063 2366 legibus
1117 2268 1410 2342 romanis
1465 2268 1959 2342 matrimonium
2018 2284 2386 2368 spectatum
2437 2269 2648 2342 fuisse

447 2386 541 2459 uti
594 2411 734 2458 rem
784 2408 1043 2457 sacram
1065 2440 1082 2471 ,
1141 2408 1220 2455 ac
1268 2382 1650 2479 religiosam
1684 2385 1858 2477 (1⁰).

593 2502 729 2573 Nec
772 2500 1013 2572 mirum
1036 2557 1052 2585 ‚
1104 2497 1439 2598 siquidem
1476 2497 1562 2570 ab
1606 2497 2113 2572 immemorabili
2168 2524 2371 2598 penes
2419 2524 2652 2572 omnes

447 2612 729 2713 populos
783 2638 1017 2712 persas
1044 2669 1059 2700 ‚
1126 2611 1471 2711 aegyptios
1503 2668 1519 2698 ,
1582 2636 1857 2707 graecos
1904 2627 1971 2684 et
2021 2637 2328 2686 romanos
2380 2612 2651 2710 nuptiae

442 2727 570 2801 sub
629 2726 977 2823 religionis
1035 2724 1339 2823 auspicio
1400 2723 1811 2797 caelebratae
1849 2739 2028 2798 sunt.
2074 2724 2496 2825 Quamquam
2546 2753 2654 2799 res

441 2841 794 2914 notissima
827 2841 954 2926 sit,
995 2864 1076 2911 ac
1108 2837 1528 2912 documentis
1575 2837 1975 2910 certissimis
2011 2839 2474 2937 comprobata,
2517 2866 2648 2913 non

443 2952 802 3026 abnuimus
838 2952 1230 3051 speciminis
1266 2950 1500 3023 saltem
1536 2951 1750 3047 gratia
1785 2950 2105 3058 nonnulla
2138 2953 2378 3026 afferre
2403 2955 2490 3026 ad
2526 2954 2652 3025 hu-

448 3065 553 3138 ius
578 3066 672 3138 rei
700 3065 1291 3139 confirmationem.
1319 3065 1483 3136 Nam
1520 3063 1741 3137 nullae
1776 3049 2045 3164 nuptiae
2081 3065 2440 3140 nobiliores
2477 3083 2651 3141 certe

444 3205 524 3252 ac
571 3179 903 3278 legitimae
947 3177 1217 3264 fiebant,
1261 3178 1392 3250 nisi
1430 3177 1754 3252 adhibitis
1806 3178 2269 3278 aruspicibus,
2330 3196 2493 3253 teste
2541 3182 2651 3253 Iu-

587 3401 658 3464 (8)
687 3403 750 3452 Bt
768 3401 849 3451 bic
869 3401 1087 3451 attendat
1107 3401 1192 3450 cit.
1207 3400 1429 3451 eruditus
1449 3402 1679 3463 Senator,
1707 3413 1807 3450 uon
1839 3400 1999 3451 solum
2025 3399 2089 3450 ab
2110 3400 2252 3451 initio
2273 3399 2357 3451 aed
2377 3401 2523 3450 etiam
2548 3401 2649 3451 nab

441 3482 682 3544 imperio,
705 3484 888 3531 Romae
907 3480 1189 3543 coniugium
1209 3479 1432 3529 habitum
1453 3480 1604 3530 fuisse
1633 3482 1887 3543 tamquam
1910 3493 2012 3530 rem
2042 3493 2255 3540 sacram,
2278 3493 2392 3530 cum
2415 3479 2648 3543 iurispru·

440 3559 607 3609 datu
645 3573 789 3610 suum
830 3560 1140 3624 perfectionis
1178 3559 1366 3623 apicem
1403 3559 1643 3622 attigisset
1677 3573 1822 3623 penes
1852 3574 2094 3611 romanos.

581 3636 651 3700 (9)
681 3639 777 3688 iae.
806 3637 1021 3688 cuiaccii
1040 3638 1313 3688 Paratttla
1337 3640 1392 3686 tn
1422 3636 1580 3687 libros
1599 3640 1984 3702 quinquaqinta
2001 3639 2184 3701 diqest.
2207 3637 2292 3689 lib.
2316 3640 2467 3688 xxll.
2484 3639 2562 3688 tit.
2584 3641 2648 3689 11.

438 3718 515 3767 De
539 3717 652 3767 ritu
675 3718 923 3779 Νηρείων.
947 3720 1074 3780 opp.
1092 3716 1213 3767 edit.
1232 3717 1371 3767 Paris
1395 3720 1527 3767 1617.
1549 3719 1669 3767 tom.
1693 3718 1732 3766 1.
1756 3715 1852 3768 col.
1879 3724 1987 3768 522.

582 3793 683 3855 (ιο)
713 3792 1118 3856 Quandoquidem
1151 3807 1270 3844 vero
1290 3793 1545 3844 Cuiaccius
1578 3794 1630 3843 in
1658 3792 1743 3844 cit.
1767 3795 1862 3845 icc.
1884 3797 2046 3846 solum
2065 3794 2302 3845 iudicavit
2323 3795 2646 3846 textus'raciti

434 3884 495 3923 ac
512 3871 709 3934 Dionia,
731 3871 820 3921 aba
838 3885 891 3921 re
910 3886 1009 3921 non
1027 3874 1119 3923 erit
1138 3873 1245 3924 heic
1265 3873 1482 3937 ipsorum
1502 3873 1653 3923 verba
1672 3873 1960 3925 describere.
1980 3875 2061 3925 Sic
2080 3875 2227 3937 igitur
2240 3875 2438 3925 Tacitus
2456 3875 2645 3925 Annal.

442 3948 529 4000 lib.
552 3950 594 3999 1.
618 3955 692 4000 io.
710 3949 911 4012 Augusti
947 3949 1222 4001 simulatam
1259 3950 1435 4014 agendi
1469 3951 1708 4001 rationem
1734 3952 1916 4015 aperit,
1938 3952 2131 4002 dicens:
2170 3951 2430 4004 «Abducta
2447 3954 2652 4003 Neronis

434 4039 586 4077 uxor.
610 4029 663 4078 et
688 4026 921 4078 consulti
950 4039 1051 4091 per
1089 4028 1382 4080 ludibrium
1416 4028 1717 4092 pontifices,
1739 4043 1801 4080 an
1821 4033 2082 4094 concepto,
2105 4043 2167 4080 ne
2186 4031 2306 4080 dum
2325 4029 2457 4081 edito
2478 4033 2646 4095 partu,

434 4108 539 4156 rito
556 4107 826 4158 nuberet.»
840 4107 949 4157 Nun
967 4105 1031 4155 ad
1051 4110 1271 4159 acuatum
1290 4109 1538 4171 Augustus
1553 4121 1608 4158 se
1626 4109 1776 4159 vertit
1797 4111 1846 4159 in
1864 4122 2012 4172 causa
2028 4109 2268 4173 coniugii,
2287 4109 2371 4161 sed
2395 4110 2458 4160 ad
2490 4110 2648 4174 ponti·

435 4183 567 4234 fleo.
588 4183 821 4235 camden
837 4183 1107 4246 iisdemque
1134 4197 1255 4248 pene
1283 4185 1446 4237 verbis
1478 4199 1580 4236 rem
1616 4186 1763 4237 refert
1795 4187 1919 4237 Dio
1950 4188 2147 4239 cassius
2163 4190 2303 4239 Birt.
2323 4187 2410 4239 lib.
2430 4189 2645 4239 vaut.

431 4273 482 4310 ιι.
499 4265 620 4313 u.
596 4263 898 4327 Ambigenti
917 4264 1112 4313 cam
1132 4275 1192 4313 ac
1209 4266 1500 4316 oeucttanti
1521 4278 1556 4314 a
1570 4263 1910 4329 pontificibus
1928 4266 2003 4316 saa
2019 4280 2081 4318 nc
2099 4265 2193 4317 sibi
2214 4269 2365 4330 esset,
2387 4280 2494 4318 eam
2513 4278 2647 4330 prae·

432 4344 659 4398 amium
678 4342 888 4406 ducere,
915 4355 1201 4406 responsum
1222 4345 1296 4394 eat
1316 4345 1442 4394 etc.»
