3276 5083
684 455 821 504 cn.
856 454 926 503 11.
961 453 1039 502 ns
1073 452 1260 504 ιιι-ι.
1307 451 1432 503 c1v.
1476 454 1642 504 onte.
1689 455 1763 503 ιιι·
1799 453 2017 505 noes.
2063 454 2201 505 Αιιι.
2236 455 2306 504 ιι.
2499 433 2633 505 275

436 596 652 670 usque
686 570 773 642 ad
808 584 1141 667 postrema
1174 568 1340 642 haec
1373 583 1673 698 tempora
1725 568 2061 668 turpitudo
2103 595 2143 640 a
2190 569 2336 666 lege
2386 571 2640 644 sancita

439 685 733 759 nondum
767 698 906 770 est,
948 697 1285 768 attamen,
1327 698 1400 755 ut
1433 684 1743 783 superius
1778 683 2106 769 vidimus,
2148 709 2189 755 a
2224 708 2357 756 non
2399 686 2635 783 paucis

435 796 818 872 doctoribus
867 781 1383 896 protestantibus
1435 797 1802 870 adstruitur
1849 813 2189 894 tamquam
2238 797 2458 883 licita,
2518 824 2639 872 nec

433 911 678 984 desunt
723 909 840 1011 qui
890 935 1119 982 revera
1169 910 1242 981 in
1290 911 1546 1008 praxim
1597 909 1954 983 deducant.
2017 909 2208 996 Quod
2265 912 2326 982 si
2392 910 2637 984 alicubi

356 1102 361 1107 ,
435 1025 949 1098 mormonismus
1000 1023 1465 1109 invalesceret,
1507 1024 1738 1123 procul
1773 1023 1978 1097 dubio
2016 1023 2120 1096 vel
2154 1025 2240 1097 ab
2274 1025 2423 1121 ipsa
2457 1024 2634 1099 civili

432 1138 580 1235 lege
630 1138 875 1211 sanciri
928 1137 1199 1210 deberet
1247 1139 1422 1232 (32).

575 1252 937 1326 Practicam
1000 1277 1196 1351 porro
1248 1252 1423 1324 hanc
1468 1254 1972 1350 protestantium
2024 1252 2265 1349 agendi
2318 1259 2634 1326 rationem

432 1384 770 1465 tamquam
811 1393 852 1439 a
891 1365 1116 1439 radice
1167 1391 1290 1438 sua
1338 1366 1605 1464 prodire
1654 1393 1735 1439 ex
1783 1392 1862 1440 eo
1911 1366 2091 1465 quod
2141 1367 2633 1441 matrimonium

432 1480 630 1552 unice
679 1495 1012 1578 spectetur
1043 1479 1142 1551 uti
1186 1493 1564 1552 contractus
1590 1480 1845 1565 civilis,
1876 1480 2125 1577 ambigi
2154 1481 2409 1579 nequit.
2452 1480 2633 1556 Haec

431 1609 653 1666 autem
698 1593 1130 1667 sectariorum
1182 1592 1426 1688 agendi
1461 1593 1632 1666 ratio
1664 1618 1745 1666 ex
1779 1619 1953 1667 nova
1985 1594 2286 1668 doctrina
2336 1595 2631 1692 profecta

433 1705 837 1806 pedetentim
886 1733 961 1780 se
995 1733 1068 1781 se
1109 1705 1476 1779 insinuavit
1507 1708 1575 1778 in
1612 1706 2287 1806 pseudopoliticorum
2339 1708 2623 1781 animos.

430 1821 513 1895 ui
565 1836 927 1919 coeperunt
973 1820 1323 1894 commoda
1373 1820 1725 1906 admirari,
1769 1847 1943 1919 quae
1976 1822 2048 1891 in
2084 1821 2464 1894 societatem
2500 1821 2631 1896 sibi

426 1934 823 2007 videbantur
870 1934 1156 2006 derivari
1210 1959 1411 2031 posse
1462 1960 1542 2005 ex
1564 1928 1570 1933 ’
1590 1934 1839 2006 blanda
1871 1948 1936 2006 et
1970 1933 2151 2006 facili
2203 1934 2439 2008 horum
2476 1957 2630 2011 con·

430 2047 761 2141 iugiorum
805 2046 1242 2119 dissolutione
1261 2102 1277 2131 ,
1318 2072 1493 2143 quae
1540 2047 1708 2119 adeo
1758 2048 1934 2120 favet
1980 2047 2457 2146 cupiditatibus
2480 2106 2496 2134 ,
2556 2074 2633 2122 ac

430 2165 699 2237 demum
751 2164 934 2236 illam
976 2166 1174 2238 etiam
1222 2165 1393 2236 inter
1433 2162 1798 2238 catholicos
1846 2186 2214 2261 propagare
2256 2164 2439 2235 omni
2488 2177 2630 2235 stu-

427 2278 542 2351 dio
592 2293 924 2351 curarunt.
972 2280 1204 2376 ltaque
1251 2292 1510 2351 constat
1560 2302 1696 2350 non
1755 2275 2063 2363 aliunde,
2119 2301 2321 2373 quam
2372 2298 2412 2346 a
2461 2301 2629 2375 pro-

427 2393 843 2466 testantismo
866 2393 1189 2489 originem
1218 2393 1600 2490 nuptiarum
1619 2390 1917 2465 civilium
1936 2417 2088 2465 esse
2105 2389 2618 2488 agnoscendam.

561 2506 880 2579 Remanet
911 2520 984 2579 ut
1021 2504 1146 2580 boc
1197 2505 1419 2604 ipsum
1470 2531 1648 2577 nunc
1695 2504 1988 2605 denique
2037 2504 2505 2579 confirmemus
2538 2529 2624 2580 ex

422 2620 649 2696 indole
698 2645 819 2693 seu
868 2621 1250 2694 charactere
1299 2647 1562 2707 eorum,
1604 2620 1722 2719 qui
1774 2619 2059 2693 maxime
2110 2619 2346 2693 horum
2396 2619 2629 2693 coniu-

420 2739 679 2833 giorum
744 2735 1042 2809 civilium
1101 2737 1172 2808 in
1222 2735 1702 2809 catholicorum
1769 2734 2163 2832 regionibus·
2217 2735 2507 2808 fautores
2562 2751 2628 2807 et

420 2866 720 2923 auctores
771 2864 949 2937 sunt,
1000 2864 1116 2921 aut
1165 2850 1451 2922 fuerunt.
1497 2850 1595 2921 Ne
1643 2865 1862 2921 tamen
1918 2848 1989 2918 in
2039 2872 2270 2920 omnes
2322 2847 2626 2921 indiscri-

421 2963 720 3035 minatim
771 2964 1258 3037 accusationem
1301 2962 1750 3060 provehamus
1770 3019 1786 3048 ,
1827 2977 2028 3060 atque
2060 2961 2463 3035 calumniam
2499 2964 2624 3033 im-

422 3092 682 3173 portare
729 3077 1038 3150 omnibus
1089 3077 1462 3151 inconsulto
1513 3076 1906 3163 videamur,
1964 3076 2448 3175 praemittimus
2500 3103 2623 3151 nos

422 3263 552 3326 pulis
569 3263 777 3325 agitatus
802 3276 917 3313 suos
944 3262 1190 3312 consuluit
1209 3264 1429 3326 pastores
1452 3263 1782 3326 evangelicos,
1806 3262 1890 3324 qul
1914 3260 1963 3310 id
1981 3261 2026 3311 ei
2048 3258 2312 3310 concedere
2333 3273 2432 3310 non
2454 3258 2624 3311 abnue·

423 3344 554 3392 runt.
589 3342 665 3392 cs.
695 3341 951 3405 Avogadro
971 3354 1054 3405 op.
1075 3341 1160 3392 cit.
1181 3354 1231 3405 p.
1255 3345 1331 3392 ³7.
1356 3342 1407 3391 in
1431 3344 1563 3392 nota.
1591 3345 1665 3391 Ex
1695 3342 1772 3391 his
1803 3342 1939 3405 patet
1964 3338 2083 3403 quid
2114 3352 2145 3389 a
2174 3339 2346 3389 ceteris
2376 3342 2627 3402 expectan-

422 3421 542 3470 dum
558 3420 638 3471 slt.
661 3421 803 3472 certe
822 3421 873 3471 ln
894 3420 1084 3482 anglica
1101 3419 1412 3483 ephemeride
1435 3418 1634 3483 Weckly
1657 3421 1875 3482 reputer
1892 3425 1969 3470 29.
1985 3419 2129 3467 Mart.
2147 3424 2279 3468 1856.
2300 3416 2476 3479 legitur
2488 3417 2624 3468 iuxta

423 3498 691 3550 versionem
716 3502 937 3554 gallinam
953 3522 961 3546 2
993 3518 1013 3538 nt
1033 3502 1096 3548 Le
1115 3498 1240 3547 mois
1259 3497 1320 3548 de
1341 3500 1470 3548 Mars
1489 3496 1707 3546 derniers
1738 3510 1835 3546 aux
1866 3496 2040 3546 assises
2062 3495 2123 3544 de
2146 3495 2404 3558 Liverpool
2418 3531 2433 3555 ,
2453 3494 2499 3544 le
2513 3494 2628 3557 juge

422 3592 453 3626 a
472 3578 716 3639 constate,
740 3595 832 3639 quw
860 3583 925 3627 les
949 3595 1033 3627 επις
1053 3577 1115 3627 de
1135 3577 1344 3640 bigamis
1363 3576 1652 3626 devenaient
1670 3576 2071 3627 excessivement
2108 3573 2422 3634 nombreuoe3
2445 3573 2517 3623 les
2541 3586 2625 3623 cas

419 3656 483 3705 de
505 3658 743 3719 mum
757 3659 945 3721 mne,
970 3657 1229 3720 ajoutait-il
1243 3692 1260 3718 ,
1280 3669 1334 3706 se
1354 3656 1628 3719 presentent
1647 3656 2049 3720 frequemmeut.»

567 3735 667 3797 (³2)
700 3737 752 3784 ln
779 3738 992 3785 Univers
1016 3744 1092 3786 31.
1110 3736 1280 3786 Juinet
1305 3743 1436 3786 1856.
1456 3734 1630 3797 legitur
1652 3749 1709 3786 ex
1735 3735 1969 3786 relatione
1989 3732 2309 3798 ephemeridis
2336 3731 2628 3782 taurinensis

416 3816 690 3874 Armenta,
708 3814 980 3863 Mormones
1002 3827 1058 3863 ac
1081 3814 1402 3877 protestantes
1429 3816 1672 3875 Augustae
1689 3813 2008 3863 Taurinorum
2040 3812 2392 3862 commorantes
2420 3809 2546 3859 inter
2570 3822 2623 3860 se

416 3892 704 3943 commisse
736 3891 802 3941 ad
837 3892 1151 3943 obtinendum
1171 3906 1201 3943 a
1223 3892 1454 3955 regimim
1478 3892 1679 3954 politico
1698 3905 1878 3942 novum
1901 3890 2164 3942 articulum
2187 3891 2237 3938 in
2257 3889 2466 3952 legibus,
2487 3889 2621 3954 poly-

414 3972 603 4034 gamiae
636 3971 1014 4021 introducendae
1032 3985 1177 4023 causa
1193 4011 1209 4037 ,
1233 3976 1319 4022 aut
1341 3972 1401 4021 ad
1428 3973 1782 4022 conciliandam
1803 3971 2127 4036 polygamiam
2157 3983 2269 4018 cum
2296 3969 2479 4032 legibus
2511 3970 2620 4019 sub·

418 4052 612 4114 alpinis.
637 4050 811 4101 Omnia
831 4049 893 4100 ad
910 4050 1203 4101 credendum
1228 4052 1492 4113 inducunt,
1519 4052 1651 4114 quod
1672 4051 1824 4100 velint
1840 4051 2015 4101 olserrc
2034 4050 2256 4099 ministro
2278 4049 2409 4098 Dela
2428 4051 2624 4099 Foresta

414 4130 694 4194 paradigma
729 4132 863 4181 tituli
896 4130 1121 4193 specialis
1151 4130 1489 4181 introducendi
1510 4132 1561 4181 in
1583 4143 1761 4181 novam
1798 4131 1948 4193 legem
1988 4128 2287 4181 matrimonii
2311 4128 2496 4189 clvilis,
2532 4130 2620 4192 qui

416 4211 688 4262 contineret
718 4211 1086 4275 dispositiones,
1113 4210 1288 4273 quibus
1319 4209 1651 4261 Mormonibus
1682 4210 1830 4259 etism
1867 4208 2211 4260 concederetur
2240 4209 2381 4272 plena
2413 4208 2620 4259 facultas

413 4289 732 4342 contrahendi
771 4283 1081 4339 uiatrimonia
1118 4288 1255 4337 iuxta
1287 4290 1522 4352 principia
1558 4288 1794 4338 libertatis
1825 4289 2160 4339 conscientiae.
2180 4290 2327 4339 Fama
2347 4290 2444 4346 est,
2479 4287 2616 4337 mini·

414 4366 570 4420 strum
598 4370 935 4432 comparatum
968 4368 1036 4418 ita
1065 4366 1232 4417 animo
1261 4378 1381 4429 me,
1409 4369 1465 4417 ut
1490 4367 1651 4418 faveat
1672 4367 1912 4417 maximae
1942 4367 2165 4417 cultuum
2187 4365 2417 4417 libertati.

2476 4446 2514 4487 a
