3276 5083
647 452 791 527 17⁴·
1051 475 1172 528 m.
1218 478 1263 527 ι.
1309 478 1480 531 sacr.
1523 478 1570 527 1.
1615 477 1696 528 ns
1732 477 1993 528 numu.
2038 475 2473 527 SAannsNro.

645 591 765 669 rali
818 595 990 667 inter
1027 610 1528 694 protoparentes
1580 594 1868 694 primum
1920 593 2086 666 inito
2108 651 2123 680 ,
2182 593 2499 694 quodque
2547 618 2867 691 magnum

641 727 744 785 est
790 727 1279 784 sacramentum
1333 712 1402 781 in
1457 709 1727 783 Christo
1775 727 1842 783 et
1891 709 1961 780 in
2011 708 2330 782 ecclesia.

786 825 887 897 Ad
939 840 1161 924 patres
1216 851 1373 898 vero
1423 823 1605 923 quod
1659 825 1931 909 attinet,
1988 823 2283 897 vidimus
2344 849 2461 896 eos
2513 825 2877 899 unanimes

643 965 796 1014 esse
841 967 991 1014 cum
1043 939 1332 1013 ecclesia
1390 938 1721 1012 catholica
1747 997 1762 1026 ,
1821 938 1888 1009 in
1941 937 2372 1011 admittendis
2420 938 2521 1010 uti
2569 937 2822 1013 validis
2856 1000 2874 1026 ,

643 1056 769 1128 etsi
797 1051 1081 1142 illicitis,
1114 1053 1469 1128 connubiis
1493 1053 1873 1127 clanculum
1899 1051 2251 1127 celebratis
2271 1111 2287 1139 ,
2321 1068 2387 1125 et
2409 1052 2480 1124 in
2506 1079 2882 1150 agnoscen-

642 1167 752 1244 dis
778 1170 1073 1245 secundo
1092 1228 1107 1257 ,
1150 1170 1342 1243 tertio
1366 1166 1730 1243 alteriusve
1767 1169 2067 1268 repetitis
2096 1168 2348 1267 nuptiis
2373 1168 2691 1266 quamvis
2726 1169 2879 1241 sine

644 1282 1107 1359 benedictione
1156 1282 1550 1357 sacerdotali
1601 1282 1951 1356 inirentur.
1987 1284 2132 1356 Non
2181 1297 2536 1382 potuerunt
2591 1282 2879 1383 proinde

645 1398 975 1474 eiusmodi
1002 1399 1339 1473 connubia
1365 1398 1461 1470 uti
1491 1413 1908 1471 sacramenta
1932 1397 2304 1483 admittere,
2326 1398 2492 1496 quin
2529 1414 2876 1498 tamquam

645 1515 991 1588 ministros
1026 1514 1431 1588 matrimonii
1470 1529 1910 1609 agnoscerent
1941 1512 2128 1612 ipsos
2161 1512 2656 1586 contrahentes.
2683 1514 2874 1587 Fassi

551 1624 556 1629 ⁵
645 1644 995 1728 propterea
1043 1645 1201 1702 sunt
1249 1630 1424 1702 facto
1473 1629 1624 1728 ipso
1669 1627 2202 1701 benedictionem
2258 1643 2651 1727 ceterosque
2701 1630 2869 1702 ritus

645 1741 828 1816 haud
868 1759 1172 1843 spectare
1195 1744 1280 1817 ad
1309 1744 1709 1818 sacramenti
1745 1742 2109 1817 essentiam
2132 1799 2149 1830 ,
2193 1743 2399 1842 idque
2433 1743 2876 1818 confirmante

644 1856 930 1931 ecclesia
979 1857 1133 1957 ipsa
1181 1884 1444 1958 semper
1491 1874 1557 1932 et
1600 1858 1858 1957 ubique
1910 1858 2098 1957 praxi
2150 1883 2299 1931 sua.

790 1971 925 2045 Nec
981 1972 1207 2045 minus
1233 1971 1550 2047 ,solidum
1608 1987 1713 2044 est
1762 1987 2227 2068 argumentum
2250 2029 2265 2057 ‚
2322 1970 2503 2071 quod
2552 1971 2877 2070 suppedi-

648 2099 789 2159 tant
843 2083 1240 2183 euchologia
1287 2103 1354 2159 et
1402 2085 1678 2160 rituales
1740 2084 1894 2157 libri
1944 2086 2300 2185 utriusque
2364 2085 2685 2159 ecclesiae
2720 2143 2736 2172 ,
2806 2085 2878 2157 in

647 2198 894 2299 quibus
930 2200 1178 2300 pariter
1212 2199 1505 2274 vidimus
1540 2199 1723 2274 haud
1762 2199 2039 2299 reperiri
2075 2198 2280 2273 verba
2314 2198 2464 2285 illa,
2505 2225 2681 2297 quae
2715 2224 2877 2272 con-

647 2314 889 2388 trariae
938 2315 1307 2388 sententiae
1357 2313 1647 2411 theologi
1700 2312 1950 2387 vellent
1998 2313 2403 2387 constituere
2441 2329 2517 2386 ut
2553 2313 2872 2398 formam,

647 2454 851 2528 quam
900 2428 1214 2503 sacerdos
1266 2429 1573 2503 minister
1638 2429 2039 2529 pronunciat
2078 2456 2092 2500 :
2153 2429 2296 2527 qu
2343 2454 2458 2501 vos
2509 2430 2875 2526 coniunqo;

648 2541 770 2616 sed
807 2569 1025 2641 neque
1074 2543 1569 2643 aequivalentia
1603 2543 1936 2617 habentur
1966 2541 2103 2618 ullo
2136 2544 2363 2620 mod0.
2394 2543 2567 2617 Fieri
2600 2543 2878 2644 proinde

650 2656 918 2754 nequit,
950 2672 1025 2729 ut
1049 2657 1119 2728 in
1147 2656 1282 2743 his,
1317 2673 1434 2729 aut
1458 2656 1797 2730 similibus
1823 2656 2048 2731 verbis
2083 2657 2362 2731 formam
2397 2682 2870 2756 agnoscamus.

796 2768 981 2842 ldem
1025 2769 1216 2844 dicas
1254 2769 1340 2843 de
1372 2789 1765 2869 argumento
1784 2830 1799 2858 ‚
1856 2772 2038 2871 quod
2092 2772 2413 2871 praebent
2449 2771 2880 2847 oecumenica

654 2882 939 2958 concilia
986 2884 1408 2961 lateranense
1452 2889 1571 2958 111.
1614 2888 2044 2961 florentinum
2078 2914 2156 2962 ac
2190 2887 2626 2960 tridentinum
2654 2945 2669 2975 ‚
2709 2911 2881 2986 quae

649 2999 875 3074 omnia
902 3025 1034 3074 non
1059 3000 1244 3074 aliud
1282 3004 1630 3102 requirunt
1663 3003 2065 3077 elementum
2101 3019 2361 3103 praeter
2394 3018 2697 3077 mutuum
2732 3028 2884 3075 eon-

648 3116 1053 3190 trahentium
1088 3141 1494 3191 consensum
1529 3117 1615 3192 ad
1653 3136 2144 3192 sacramentum
2188 3117 2592 3191 matrimonii
2632 3118 2884 3191 consti-

649 3233 997 3305 tuendum.
1032 3233 1174 3307 lmo
1216 3258 1370 3306 cum
1413 3233 1855 3307 tridentinum
1904 3234 2036 3308 sub
2085 3233 2536 3308 anathematis
2580 3232 2884 3305 intermi-

652 3353 920 3421 natione
953 3348 1260 3421 statuerit
1283 3348 1597 3446 coniugia
1632 3348 2076 3436 clandestina,
2108 3348 2433 3449 quamdiu
2467 3373 2602 3421 non
2638 3346 2885 3420 fuerint

649 3461 738 3534 ab
784 3461 1075 3536 ecclesia
1123 3462 1312 3535 irrita
1360 3464 1534 3538 facta
1563 3522 1580 3550 ,
1653 3490 1811 3537 vera
1861 3490 1942 3536 ac
1988 3479 2139 3537 rata
2188 3490 2340 3537 esse
2403 3462 2830 3535 matrimonia
2862 3519 2876 3546 ,

651 3575 781 3651 hoc
828 3578 977 3680 ipso
1023 3576 1388 3652 declaravit
1441 3605 1522 3652 ea
1571 3605 1725 3653 esse
1770 3604 1928 3653 vere
1994 3593 2413 3652 sacramenta
2445 3635 2460 3665 ,
2519 3594 2717 3677 prout
2776 3603 2887 3650 ec-

653 3689 1034 3768 clesiastica
1070 3692 1387 3792 loquendi
1426 3694 1594 3767 ratio
1627 3694 1870 3791 exigit,
1902 3708 1969 3766 et
1993 3693 2332 3792 conceptis
2365 3690 2590 3767 verbis
2626 3718 2686 3766 s.
2710 3692 2887 3765 Tho-

653 3829 801 3879 mas
850 3804 1182 3911 expressit
1226 3833 1378 3882 cum
1430 3807 1712 3908 reliquis
1766 3807 2187 3882 scholasticis
2236 3806 2576 3881 omnibus.

800 3922 909 3995 Sic
931 3925 1131 3997 etiam
1156 3922 1585 3998 ineluctabile
1609 3940 1712 3997 est
1734 3938 2221 4022 argumentum,
2245 3921 2428 4022 quod
2455 3948 2536 3995 ex
2562 3919 2887 3994 ecclesiae

653 4057 734 4109 ac
749 4036 943 4110 sedis
968 4038 1375 4139 apostolicae
1399 4039 1642 4138 agendi
1674 4039 1929 4114 ratione
1952 4037 2350 4112 desumitur.
2378 4038 2545 4109 Nam
2572 4033 2658 4110 ab
2682 4033 2890 4108 eccle·

653 4150 762 4225 sia
783 4166 850 4225 et
872 4151 961 4225 ab
986 4155 1359 4253 apostolica
1394 4156 1557 4229 sede
1600 4170 1939 4256 tamquam
1981 4178 2142 4226 vera
2176 4152 2491 4250 coniugia
2511 4209 2527 4237 ,
2584 4150 2888 4248 adeoque

649 4280 995 4368 tamquam
1027 4293 1185 4342 vera
1211 4283 1635 4344 sacramenta
1689 4283 1986 4367 spectata
2024 4283 2185 4342 sunt
2209 4326 2224 4355 ,
2257 4292 2431 4367 quae
2476 4265 2626 4339 sine
2664 4289 2888 4339 saeer-

647 4379 827 4458 dotis
870 4384 1249 4486 praesentia
1292 4411 1410 4482 per
1433 4443 1437 4448 .
1457 4383 1958 4460 renovationem
2010 4408 2417 4468 consensus,
2476 4380 2641 4453 dum
2695 4379 2887 4478 prius
