3276 5083
482 454 622 508 cn.
666 454 714 506 1.
746 450 901 505 nr.
936 450 981 504 ι.
1016 448 1094 504 ns
1130 451 1429 505 vannus
1464 453 1726 505 sicus.
1763 456 1841 506 ει
1877 452 2052 506 scen.
2087 452 2306 506 socru·
2465 426 2557 504 13

485 576 758 662 Quanta
816 590 1038 648 autem
1099 575 1188 647 sit
1242 574 1662 673 liturgiarum
1688 631 1704 661 ‚
1744 599 1840 647 *ac
1879 576 2557 655 sacramentariorum

337 690 706 766 auctoritas
743 689 829 763 ad
873 689 1199 763 ecclesiae
1239 689 1439 764 fidem
1485 688 1858 763 testandam
1909 715 1989 763 ac
2017 690 2556 788 patefaciendam

343 831 546 880 nemo
587 804 716 878 nisi
758 805 1008 903 hospes
1045 803 1112 876 in
1146 803 1538 901 theologicis
1573 803 1954 903 disciplinis
1990 796 2273 901 ign'orat.
2331 804 2558 903 Siqui-

342 921 497 994 dem
550 920 700 993 heic
749 921 968 1017 agitur
1016 944 1149 993 non
1199 919 1285 993 de
1334 920 1616 993 testibus
1670 919 2126 1018 singularibus
2174 936 2374 1018 atque
2424 920 2562 1018 pri-

338 1035 547 1121 vatis,
590 1034 714 1108 sed
756 1034 845 1106 de
881 1033 1247 1109 collectivis
1296 1052 1362 1107 et
1409 1034 1735 1135 publicis;
1775 1035 1996 1132 agitur
2026 1035 2112 1108 de
2143 1033 2419 1109 vocibus
2456 1033 2562 1104 in-

336 1165 561 1246 tegrae
598 1148 1111 1224 communionis
1172 1174 1294 1223 seu
1352 1149 1716 1235 ecclesiam
1771 1149 1992 1247 agitur
2037 1149 2123 1222 de
2180 1148 2564 1222 testimonio

336 1262 659 1336 concordi
708 1279 775 1336 et
821 1262 1104 1337 solemni
1154 1262 1627 1350 ecclesiarum,
1675 1262 1831 1337 licet
1876 1263 2209 1336 interdum
2261 1264 2436 1337 inter
2477 1280 2560 1343 sa

340 1403 480 1450 non
532 1377 745 1451 solum
788 1377 1063 1466 ritibus,
1108 1403 1340 1452 verum
1381 1378 1579 1452 etiam
1621 1377 1758 1452 fide
1796 1393 1863 1450 et
1901 1377 2370 1452 communione
2415 1378 2562 1451 dis-⁸

343 1491 707 1565 sidentium
755 1517 797 1564 a
846 1490 1155 1591 pluribus
1205 1491 1491 1579 seculis;
1537 1492 1760 1590 agitur
1797 1491 1884 1564 de
1924 1492 2303 1565 testimonio
2345 1508 2563 1565 secta-

338 1630 522 1693 rum,
572 1631 753 1706 quae
801 1632 841 1679 a
892 1605 1119 1680 seculo
1169 1606 1265 1678 rei
1313 1604 1721 1680 christianae
1770 1607 2031 1706 quinto,
2072 1621 2189 1679 aut
2222 1620 2410 1680 sexto
2451 1631 2561 1679 se-

337 1737 611 1819 paratae
659 1738 820 1795 sunt
866 1719 954 1794 ab
1001 1720 1287 1795 ecclesia
1340 1745 1614 1795 romana
1672 1747 1793 1794 seu
1843 1719 2173 1795 catholica
2194 1777 2210 1808 ,
2241 1736 2553 1821 quarum

335 1835 734 1933 euchologia
765 1835 871 1908 vel
905 1834 1111 1935 paulo
1149 1851 1303 1937 post
1334 1837 1821 1936 separationem
1864 1834 2166 1910 confecta
2204 1852 2394 1923 sunt,
2435 1862 2556 1911 seu

337 1950 565 2048 potius
614 1965 811 2023 antea
831 2007 847 2036 ‚
894 1948 1143 2023 additis
1186 1949 1506 2051 deinceps
1549 1977 1629 2024 ac
1670 1950 2032 2035 interiectis
2073 1949 2411 2024 erroribus
2451 1975 2561 2025 se-

332 2080 480 2138 ctae
509 2063 1050 2164 uniuscuiusque
1082 2064 1374 2164 propriis
1394 2123 1409 2152 ,
1443 2065 1693 2165 quibus
1719 2066 1908 2164 ipsae
1932 2065 2405 2164 antiquissima
2439 2064 2559 2139 illa

334 2176 734 2276 euchologia
758 2196 1196 2279 corruperunt
1223 2183 1369 2275 (38)
1386 2237 1400 2252 .
1418 2180 1653 2278 Agitur
1674 2179 1761 2252 de
1784 2205 1864 2253 eo
1889 2180 2069 2279 quod
2096 2180 2165 2252 in
2190 2206 2321 2253 usu
2344 2180 2562 2279 quoti·

338 2291 549 2365 diano
582 2291 868 2392 positum
898 2309 1031 2380 est,
1064 2293 1439 2366 cuiusmodi
1474 2309 2043 2365 sacramentorum
2071 2291 2561 2365 administratio

338 2423 449 2480 est
493 2432 574 2481 ac
621 2408 990 2508 susceptio,
1034 2434 1116 2480 ac
1166 2406 1446 2508 proinde
1493 2406 1580 2479 de
1629 2432 1837 2479 manu
1855 2462 1871 2493 ,
1917 2422 1990 2478 ut
2037 2407 2130 2479 ita
2178 2404 2397 2479 dicam
2415 2463 2431 2493 ‚
2481 2407 2551 2478 in

334 2548 612 2597 manum
651 2523 1255 2609 mnsmittebatur;
1301 2522 1523 2620 agitur
1561 2521 1856 2622 denique
1891 2521 1979 2596 de
2019 2547 2094 2597 re
2131 2522 2375 2597 summi
2415 2548 2560 2598 mo-

334 2640 538 2712 menti
561 2697 578 2725 ,
620 2639 937 2712 nimirum
980 2639 1067 2713 de
1104 2640 1538 2713 sacramentis
1571 2665 1857 2739 quorum
1890 2639 2195 2713 doctrina
2228 2639 2557 2738 singulari

333 2755 629 2854 quadam
678 2779 843 2828 cura
890 2755 1017 2828 fuit
1064 2780 1331 2854 semper
1378 2755 1465 2828 ab
1513 2752 1800 2828 ecclesia
1841 2770 2125 2828 servata.
2183 2754 2306 2828 Est
2352 2755 2558 2852 igitur

334 2870 1001 2943 sacramentariorum
1038 2927 1054 2956 ,
1117 2869 1661 2966 euchologiorum
1692 2926 1708 2957 ,
1773 2869 2111 2943 ritualium
2158 2926 2176 2956 ‚
2254 2867 2558 2968 liturgia-

337 3009 624 3084 rumque
672 2984 1124 3058 testimonium
1173 2984 1355 3058 omni
1403 2986 1795 3084 exceptione
1842 2985 2088 3057 maius.

480 3097 645 3173 Cum
689 3123 849 3173 vero
892 3098 1133 3173 horum
1172 3099 1494 3175 librorum
1534 3090 1723 3197 origo
1766 3099 1936 3199 ipsis
1978 3096 2411 3172 ecclesiarum
2456 3099 2561 3170 in-

337 3214 694 3290 cunabulis
735 3214 1088 3290 tribuenda
1122 3217 1212 3290 sit
1235 3272 1251 3303 ,
1291 3213 1496 3288 immo
1527 3240 1686 3289 vero
1721 3212 2071 3313 apostolis,
2094 3213 2213 3312 qui
2238 3211 2561 3288 ecclesias

479 3428 579 3492 (⁸8)
599 3430 808 3480 constat
818 3428 949 3479 enlm
968 3428 1227 3493 piei-nque
1236 3427 1459 3492 liturgias
1476 3426 1737 3478 orientales
1752 3425 1886 3490 apud
1899 3437 2056 3488 syros,
2066 3425 2257 3489 coptos,
2270 3423 2376 3474 sive
2389 3435 2557 3474 mono·

338 3507 555 3570 physin:
568 3546 584 3571 ‚
614 3508 719 3559 sive
742 3509 1047 3560 nestorianos
1073 3510 1186 3559 ante
1212 3521 1382 3558 eorum
1409 3505 1731 3557 desectionem
1746 3507 1795 3555 in
1811 3519 1902 3556 usu
1917 3504 2082 3556 fuisse.
2095 3507 2204 3563 Qua
2216 3503 2279 3553 de
2292 3515 2439 3553 causa
2456 3504 2558 3552 tsm

338 3586 707 3649 monophysitae
720 3599 871 3650 quam
887 3583 1153 3637 nestoriani
1173 3584 1527 3648 cuiuscumque
1543 3586 1707 3635 sectae
1727 3596 1817 3634 sus
1838 3584 2067 3648 repetunt
2085 3580 2371 3644 euchologia
2381 3617 2396 3642 ,
2419 3579 2559 3630 litur-

332 3665 530 3729 31⁸,oe
548 3665 739 3716 rimulis
756 3665 820 3715 sb
841 3665 962 3729 ipsis
980 3665 1240 3728 spostolis;
1261 3663 1391 3715 idem
1405 3663 1487 3715 dic
1501 3662 1565 3713 de
1581 3662 1822 3724 annonis,
1834 3662 2124 3725 ceterisque,
2142 3659 2284 3710 cuius
2298 3658 2365 3709 rei
2386 3671 2557 3710 mouu-

332 3747 500 3796 mu
515 3758 618 3797 esso
634 3747 838 3811 possunt
860 3745 937 3795 vel
962 3745 1068 3809 ipsa
1099 3745 1298 3795 nomina
1332 3744 1496 3795 iacobi
1513 3780 1530 3807 ,
1553 3743 1705 3794 Marci
1725 3744 1819 3793 etc.
1845 3740 2027 3806 quibus
2047 3738 2287 3792 eiusmodi
2309 3738 2422 3790 libri
2442 3740 2559 3789 sunt

332 3824 555 3891 inscripti
570 3862 586 3887 ,
621 3827 797 3877 saltem
834 3827 1077 3890 quatenus
1111 3824 1318 3876 coniecti
1354 3826 1471 3876 sunt
1506 3824 1646 3875 iuxta
1674 3823 1899 3874 ordinem
1921 3835 1980 3873 ac
1998 3820 2292 3872 documenta
2307 3856 2322 3882 ,
2354 3832 2483 3883 quse
2506 3818 2558 3869 ln

329 3905 645 3958 absolvendis
681 3905 865 3958 divinis
899 3904 1078 3956 officiis
1109 3917 1170 3956 sc
1207 3904 1528 3956 mamantis
1555 3901 1961 3954 administrandis
1989 3900 2198 3966 apostoli
2219 3901 2306 3951 snt
2322 3899 2418 3951 viri
2443 3911 2561 3964 spo·

329 3985 493 4037 noua
512 3985 843 4036 tradiderunt.

465 4063 543 4115 Cf.
555 4062 916 4115 Rmudotium
928 4064 1291 4127 murmurum
1305 4061 1646 4114 maritalium
1657 4062 1842 4114 collect
1848 4060 2001 4112 ,Paris
2016 4063 2068 4112 17
2077 4066 2093 4111 ¹
2103 4066 2149 4112 6.
2162 4061 2282 4110 tom.
2296 4061 2337 4110 1.
2348 4058 2561 4109 inPrae·

320 4141 432 4204 sat.
445 4142 703 4207 malt,
720 4146 826 4194 tum
839 4143 890 4193 in
899 4144 1117 4194 Dium.
1131 4142 1197 4194 ds
1219 4144 1563 4206 morularum
1582 4141 1923 4192 orientalium
1936 4143 2136 4205 ormino
2148 4141 2200 4191 st
2219 4139 2558 4200 auctoritate,

334 4237 423 4275 sec
434 4237 536 4275 non
557 4225 609 4275 in
622 4225 840 4275 Dium.
851 4223 917 4274 de
934 4225 1253 4289 captaturum
1269 4220 1552 4274 alexandr.
1571 4221 1803 4284 lum-qus
1822 4223 1940 4271 tom.
1955 4224 1994 4272 1.
2015 4223 2137 4272 item
2145 4219 2558 4271 manumm-

335 4299 516 4355 buath.
536 4306 726 4356 orient.
749 4306 874 4357 tom.
900 4305 961 4353 ll.
986 4305 1124 4367 parte
1138 4302 1351 4354 aecnnda
1366 4302 1579 4353 οὔκοτε.
1594 4298 1661 4352 de
1679 4302 2145 4364 synt-nummis
2166 4298 2212 4363 ς.
2231 4299 2381 4351 xxii.
2405 4299 2557 4352 mm

333 4386 383 4433 ct
419 4383 824 4435 comumnes
856 4381 1149 4446 peculiares
1187 4385 1607 4434 nestorianorum
1626 4394 1677 4431 n.
1708 4387 1752 4430 5.
