3276 5083
656 434 791 504 3⁰0
1050 457 1172 506 m.
1216 457 1261 506 ι.
1301 457 1475 507 διατι.
1518 456 1780 508 ursan.
1824 457 1903 506 nr.
1939 457 2200 507 nunu.
2244 454 2458 505 cwm.

652 573 837 672 lique
869 573 1352 672 approbatione
1378 601 1497 647 seu
1521 591 1673 648 voto
1708 602 1785 648 ac
1821 574 2170 671 suffragio.
2194 575 2335 646 Hos
2373 572 2605 672 itaque
2639 574 2869 646 omnes

653 687 1032 783 gravissimi
1102 711 1322 760 coram
1381 688 1522 762 Deo
1571 688 1827 787 peccati
1882 714 2033 761 reos
2089 687 2231 759 fieri
2284 687 2617 772 dicimuS,
2679 703 2875 783 prout

655 803 1027 877 voluntarie
1088 805 1584 904 deliberataque
1636 806 1929 904 quisque
1980 819 2237 904 partem
2290 829 2483 875 suam
2536 802 2814 875 confert.

802 917 1034 990 Plures
1069 918 1347 992 forsitan
1383 947 1462 991 ex
1500 918 2083 1019 pseudo—politicis
2135 918 2222 990 ad
2273 916 2610 990 eiusmodi
2662 943 2876 989 enun-

655 1033 1012 1107 ciationem
1043 1034 1515 1121 subridebunt,
1557 1052 1672 1108 aut
1706 1036 1904 1108 etiam
1940 1034 2293 1107 cachinnis
2325 1059 2473 1106 eam
2509 1033 2864 1132 excipient.

659 1149 853 1235 Est03
911 1166 1367 1223 verumtamen
1419 1150 1547 1223 hoc
1597 1175 1723 1222 nos
1775 1149 2146 1223 absterrere
2194 1174 2327 1221 non
2377 1147 2577 1221 debet
2622 1147 2712 1220 ab
2759 1148 2873 1221 ad-

654 1263 975 1337 struenda
1020 1265 1298 1338 veritate
1348 1264 1726 1338 cuiusmodi
1779 1266 1845 1336 in
1899 1291 1973 1338 se
2023 1280 2162 1350 est3
2221 1290 2345 1336 nec
2395 1263 2571 1335 enim
2633 1263 2870 1362 impio-

655 1404 803 1452 rum
831 1380 1012 1453 risus
1047 1396 1345 1454 avertere
1379 1406 1505 1453 nos
1540 1380 1780 1468 debet,
1824 1381 1957 1452 imo
1991 1406 2115 1453 nec
2147 1379 2498 1451 minimum
2532 1377 2871 1452 dimovere

657 1493 744 1567 ab
805 1494 1053 1568 officio.
1105 1495 1279 1568 Huic
1343 1496 1510 1569 risui
1562 1521 1688 1568 nos
1740 1495 2166 1568 assuevimus
2216 1494 2417 1566 etiam
2487 1492 2710 1592 quoad
2761 1519 2870 1566 res

650 1609 926 1682 maioris
973 1612 1318 1683 momenti.
1363 1611 1648 1708 Insuper
1695 1609 2076 1682 istiusmodi
2129 1608 2393 1695 irrisio,
2433 1625 2550 1681 aut
2584 1608 2872 1681 subsan-

653 1723 837 1794 natio
870 1748 952 1795 eo
995 1721 1233 1795 melius
1285 1722 1751 1821 comprobaret
1798 1722 2354 1821 confirmaretque
2402 1721 2583 1823 quod
2634 1723 2698 1794 in
2748 1749 2866 1794 su-

655 1836 896 1934 periori
949 1835 1232 1909 articulo
1282 1837 1615 1923 diximus,
1657 1837 1971 1908 nimirum
2017 1836 2410 1912 huiusmodi
2447 1838 2753 1910 homines
2787 1862 2867 1907 ex

652 1949 788 2022 illis
821 1976 972 2023 esse
998 2008 1014 2036 ,
1055 1951 1171 2048 qui
1211 1951 1278 2021 in
1316 1950 1721 2049 profundum
1767 1951 2130 2050 impietatis
2180 1950 2443 2052 delapsi
2495 1952 2862 2051 practicum

652 2064 1048 2162 profitentur
1078 2064 1483 2138 atheismum
1507 2122 1523 2151 ‚
1564 2064 1818 2138 nullam
1844 2065 2001 2152 Dei,
2045 2066 2357 2165 propriae
2391 2066 2860 2151 conscientiae,

651 2193 768 2251 aut
809 2178 1071 2252 futurae
1109 2180 1286 2252 vitae
1320 2180 1645 2252 rationem
1683 2179 2033 2254 habentes.
2076 2180 2421 2280 Siquidem
2458 2180 2865 2279 exploratum

651 2308 755 2365 est
775 2349 793 2380 ‚
851 2305 984 2364 non
1033 2300 1285 2392 paucos
1333 2320 1413 2366 ex
1465 2293 1597 2367 his'
1627 2294 2211 2393 pseudo-politicis
2256 2294 2342 2367 ad
2387 2311 2677 2368 secretas
2714 2321 2868 2393 per-

651 2405 861 2479 tinere
911 2421 1126 2479 sectas
1152 2464 1168 2493 ‚
1224 2423 1341 2479 aut
1390 2406 1796 2507 quandoque
1846 2408 2049 2481 etiam
2101 2409 2658 2482 communismum
2683 2466 2698 2495 ,
2750 2425 2869 2481 aut

649 2519 1105 2594 socialismum
1155 2519 1539 2619 complexos
1592 2548 1769 2595 esse.

797 2634 1140 2733 Quidquid
1192 2660 1389 2734 porro
1438 2635 1523 2708 de
1573 2636 1702 2709 hoc
1751 2637 1872 2723 sit,
1916 2638 2006 2710 ita
2058 2663 2181 2710 nos
2234 2638 2638 2735 propositam
2688 2638 2872 2708 veri—

653 2766 852 2824 tatem
888 2749 1344 2823 adstruimus:
1390 2751 1507 2849 qui
1543 2749 1796 2823 violant
1829 2751 2153 2823 ecclesiae
2190 2751 2441 2847 legem;
2484 2752 2600 2850 qui
2637 2766 2874 2825 aucto·

650 2892 760 2939 res
808 2864 962 2938 aliis
1015 2881 1203 2951 sunt,
1244 2882 1318 2937 ut
1351 2891 1500 2938 eam
1536 2865 2152 2961 transgrediantur;
2196 2866 2311 2965 qui
2347 2865 2517 2940 alios
2561 2866 2871 2942 alliciunt

650 2979 735 3052 ad
786 2994 1032 3053 statum
1085 2978 1450 3051 habitualis
1502 2979 1797 3077 peccati;
1838 2979 1952 3077 qui
1994 2977 2165 3053 alios
2206 2979 2535 3054 obiiciunt
2574 2981 2865 3056 evidenti

650 3094 946 3194 periculo
988 3107 1329 3168 aeternum
1365 3093 1638 3166 exitium
1677 3093 2055 3166 incurrendi
2079 3123 2094 3181 ;
2121 3095 2190 3167 hi
2214 3096 2507 3194 profecto
2542 3123 2690 3172 reos
2726 3123 2869 3170 ma-

649 3212 885 3285 nifeste
920 3237 996 3283 se
1028 3208 1440 3284 constituunt
1491 3235 1716 3283 coram
1757 3210 1898 3283 Deo
1947 3211 2330 3308 gravissimi
2384 3212 2679 3286 sceleris.
2725 3213 2864 3285 lam

646 3352 804 3400 vero
853 3326 1019 3400 tales
1070 3351 1222 3399 esse
1271 3350 1389 3398 eos
1440 3351 1700 3414 omnes,
1744 3351 1916 3424 quos
1952 3351 2166 3425 nuper
2217 3328 2674 3400 recensuimus
2703 3384 2718 3414 ‚
2773 3327 2864 3399 ita

650 3442 784 3515 iam
822 3441 1213 3539 singulatim
1251 3440 1696 3514 ostendimus.

792 3557 887 3630 Ac
936 3560 1006 3628 1.
1042 3556 1341 3629 Graviter
1380 3582 1662 3655 peccare
1710 3582 1826 3630 eos
1855 3614 1870 3643 ‚
1927 3557 2044 3655 qui
2095 3554 2421 3629 ecclesiae
2471 3555 2682 3653 legem
2730 3557 2867 3630 vio-

646 3672 826 3760 lant,
879 3697 1166 3771 eamque
1217 3671 1486 3743 maximi
1540 3672 1891 3759 momenti,
1948 3670 2258 3745 videlicet
2308 3671 2376 3743 in
2430 3697 2540 3758 re,
2597 3698 2676 3744 ex
2729 3697 2865 3770 qua

649 3788 896 3887 pendet
919 3788 1022 3861 vel
1048 3787 1418 3885 legitimum
1457 3786 1949 3886 honestumque
1998 3786 2421 3883 coniugium,
2475 3803 2592 3859 aut
2649 3786 2866 3884 turpis

648 3902 1034 3991 fornicatio,
1093 3929 1287 3975 nemo
1313 3959 1327 3988 ‚
1370 3917 1446 3974 ut
1479 3901 1804 3988 arbitror,
1853 3903 1968 4002 qui
2023 3902 2508 4003 professionem
2553 3901 2865 3975 christia-

647 4043 800 4091 nam
853 4019 1137 4093 fateatur
1187 4018 1426 4119 poterit
1476 4044 1723 4116 negare
1749 4075 1765 4105 ‚
1824 4035 1941 4091 aut
1989 4018 2188 4092 etiam
2235 4019 2301 4089 in
2338 4016 2621 4090 dubium
2673 4042 2866 4090 revo-

645 4159 821 4207 care.
879 4134 1019 4206 lam
1067 4161 1224 4208 vero
1276 4134 1431 4208 talis
1481 4150 1587 4208 est
1637 4133 1996 4207 tridentina
2059 4133 2360 4219 sanctio,
2420 4133 2602 4206 iuxta
2657 4157 2860 4231 quam

645 4247 1018 4322 redduntur
1081 4249 1431 4324 inhabiles*
1471 4250 1558 4323 ad
1610 4263 2023 4323 contractum
2096 4248 2463 4321 ineundum
2526 4264 2728 4346 atque
2777 4245 2863 4319 ad

649 4364 1026 4441 faciendum
1069 4366 1450 4462 coniugium
1477 4423 1492 4452 ‚
1534 4365 1651 4463 qui
1689 4390 1912 4438 coram
1962 4363 2257 4463 parocho
2293 4389 2371 4436 ac
2405 4361 2705 4449 duobus,
2748 4378 2865 4435 aut
