3276 5083
546 448 685 497 cir.
719 447 785 495 v.
816 446 896 495 nr
951 444 1188 495 umtsr.
1231 444 1542 495 com-affl.
1578 445 1722 496 sur.
1756 444 1801 493 1.
1836 444 2073 496 nsum.
2106 445 2271 495 nm„
2431 423 2567 495 137

346 579 495 651 est,
541 587 672 636 non
727 562 799 634 in
846 587 925 635 se
945 619 963 648 ,
1008 586 1133 635 nec
1184 561 1490 661 praecise
1547 576 1749 659 prout
1795 576 1900 635 est
1951 560 2217 658 signum
2253 578 2319 635 et
2349 585 2579 637 sacra-

348 691 689 765 mentum,
748 677 871 751 sed
914 677 1005 750 win
1065 701 1191 751 suo
1248 676 1671 774 significato,
1725 675 1995 749 Christo
2055 675 2313 750 scilicet
2359 695 2426 750 et
2472 704 2580 751 ec-

352 794 568 880 lesia3
622 819 738 867 seu
789 807 1123 892 quatenus
1177 792 1517 889 significat
1575 818 1888 889 magnam
1951 790 2135 865 illam
2184 807 2251 864 et
2275 791 2581 866 ›admira-

353 910 560 982 bilem
612 909 929 983 unionem
980 908 1232 982 Christi
1283 924 1352 981 et
1395 907 1746 983 ecclesiae.
1780 909 2093 1005 Magnum
2128 923 2232 981 est
2264 933 2423 1004 ergo
2455 933 2581 981 sua

354 1024 886 1123 significatione,
945 1051 1066 1098 seu
1115 1024 1279 1123 quia
1330 1049 1469 1096 rem
1524 1051 1835 1122 magnam
1888 1038 2369 1122 repraesentat.
2405 1079 2419 1093 .
2455 1081 2468 1094 .
2498 1024 2583 1098 Ut

356 1141 527 1215 haec
561 1138 942 1213 sublimitas
975 1156 1043 1213 et
1075 1140 1463 1237 magnitudo
1498 1140 1855 1214 christiani
1891 1139 2293 1214 matrimonii
2328 1138 2580 1213 clarius

359 1254 778 1350 intelligatur
801 1312 817 1341 ,
858 1255 1145 1354 eiusque
1179 1255 1537 1342 sanctitas,
1577 1254 1827 1353 duplex
1859 1254 2075 1328 notari
2110 1253 2308 1327 debet
2332 1254 2581 1328 Christi

364 1370 531 1445 unio
579 1395 729 1443 cum
778 1369 1066 1443 ecclesia
1088 1428 1104 1456 ,
1153 1395 1291 1444 una
1339 1371 1539 1445 realis
1573 1388 1641 1446 et
1674 1370 1959 1470 physica
1994 1370 2166 1443 facta
2201 1386 2305 1443 est
2336 1396 2457 1468 per
2490 1371 2587 1443 in·

361 1485 814 1560 carnationem
834 1542 851 1570 ,
909 1510 1045 1585 qua
1092 1485 1400 1559 Christus
1428 1541 1444 1572 ‚
1498 1512 1620 1559 seu
1675 1485 1899 1586 potius
1948 1485 2235 1558 Verbum
2277 1485 2581 1560 divinum

364 1616 672 1673 naturam
709 1599 1074 1673 humanam
1101 1616 1167 1673 et
1189 1617 1678 1700 consequenter
1712 1600 2017 1675 homines
2043 1658 2059 1688 ,
2103 1598 2584 1701 hominumque

359 1715 718 1790 ecclesiam
755 1713 887 1788 sibi
921 1714 1140 1788 univit
1171 1731 1240 1789 et
1271 1716 1654 1814 sponsavit,
1699 1729 1766 1789 et
1802 1713 1967 1790 haec
2014 1715 2178 1789 unio
2211 1730 2317 1788 est
2348 1715 2584 1789 arctis-

362 1831 536 1904 sima
561 1888 579 1917 ,
635 1827 1130 1904 indissolubilis
1177 1845 1245 1903 et
1290 1845 1704 1903 caeterarum
1754 1829 1967 1927 origo.
1999 1828 2271 1904 Moralis
2320 1843 2388 1903 et
2436 1855 2585 1928 my-

364 1946 534 2019 stica
571 1945 648 2018 fit
682 1970 805 2044 per
836 1944 1118 2041 gratiam
1143 1960 1210 2019 et
1241 1944 1628 2019 charitatem
1654 2003 1670 2033 ,
1710 1972 1846 2045 qua
1879 1945 2230 2044 copulatur
2262 1943 2587 2019 ecclesiae

368 2087 663 2160 sponsae
701 2085 890 2134 suae.
924 2061 1288 2160 Utramque
1323 2042 1850 2165 hanclunionem
1875 2078 1942 2135 et
1965 2061 2320 2160 physicam
2345 2076 2412 2133 et
2444 2086 2586 2134 mo-

374 2174 584 2247 ralem
614 2174 861 2248 Christi
897 2200 1048 2248 cum
1085 2173 1374 2248 ecclesia
1401 2231 1416 2262 ,
1458 2191 1916 2273 repraesentat
1954 2174 2394 2248 christianum
2444 2199 2586 2246 ma-

377 2289 792 2377 trimonium,
848 2305 915 2363 et
965 2290 1036 2362 in
1086 2289 1215 2363 hoc
1261 2315 1570 2386 maqnum
1602 2304 1697 2361 est
1728 2303 2223 2362 sacramentum.
2265 2286 2488 2362 Realis
2520 2304 2587 2362 et

372 2403 664 2505 physion
711 2405 1211 2502 coniugatorum
1261 2405 1421 2477 unio
1440 2461 1457 2492 ,
1499 2429 1621 2478 seu
1664 2419 1854 2478 actus
1903 2403 2308 2478 matrimonii
2341 2420 2449 2479 est
2480 2428 2586 2478 re-

368 2520 818 2622 praesentatio
866 2519 1194 2622 physicae
1243 2535 1309 2595 et
1350 2518 1550 2595 realis
1591 2518 1866 2608 Christi,
1908 2547 2029 2620 per
2059 2519 2585 2596 incarnationem
2648 2573 2654 2580 ,

366 2663 521 2713 cum
572 2654 813 2713 natura
862 2654 1124 2724 nostra,
1175 2636 1470 2713 unionis.
1513 2635 1784 2712 Mor-alis
1826 2637 2329 2735 coniugatorum
2377 2636 2539 2712 unio
2563 2692 2582 2725 ,

368 2779 493 2827 seu
541 2751 922 2852 coniugalis
955 2754 1238 2828 affectus
1282 2753 1599 2829 moralem
1635 2752 1886 2827 Christi
1920 2778 2074 2828 cum
2107 2754 2426 2841 ecclesia,
2468 2779 2589 2853 per

366 2868 763 2944 charitatem
788 2926 805 2957 ,
861 2870 1177 2943 unionem
1227 2883 1682 2968 repraesentat
1710 2872 1890 2965 (2).»

514 2985 848 3071 Quocirca
873 3043 889 3073 ,
943 3011 1099 3060 cum
1149 3002 1284 3061 tota
1332 2985 1848 3083 significationis
1883 3012 1964 3059 ac
1998 2986 2173 3083 signi
2211 2987 2381 3059 ratio
2425 2984 2590 3059 insit

372 3100 686 3199 coniugio
721 3100 880 3200 ipsi,
927 3101 1108 3202 quod
1132 3100 1440 3176 Christus
1475 3102 1545 3173 in
1581 3126 1755 3175 nova
1787 3100 1934 3199 lege
1966 3127 2094 3174 sua
2128 3100 2589 3174 sanctificante

372 3216 585 3314 gratia
652 3217 1046 3314 insignivit,
1103 3231 1285 3317 patet
1340 3233 1832 3291 sacramentum
1895 3232 2103 3291 totum
2153 3214 2384 3315 perfici
2436 3216 2589 3315 ipso

375 3332 909 3407 contrahentium
951 3348 1106 3408 actu
1133 3390 1149 3421 ,
1203 3359 1323 3407 seu
1373 3358 1693 3421 assensu,
1733 3332 1898 3433 quin
1947 3331 2132 3406 aliud
2184 3331 2581 3430 requiratur.

378 3447 523 3522 Hoc
545 3448 722 3522 idem
748 3474 829 3521 ex
852 3474 934 3522 eo
959 3447 1414 3536 confirmatur,
1448 3448 1628 3549 quod
1657 3448 1846 3521 illum
1874 3447 2317 3547 eumdemque
2336 3462 2584 3534 actum,

379 3588 503 3638 seu
527 3591 905 3652 assensum,
929 3591 1063 3664 quo
1081 3564 1450 3665 antiquitus
1469 3565 1536 3637 in
1563 3564 1767 3638 veteri
1781 3562 1939 3661 ,lege
1962 3563 2345 3661 coniugium
2365 3560 2591 3636 absol-

376 3678 680 3768 vebatur,
712 3680 1021 3754 Christus
1056 3680 1576 3754 sanctificaverit
1616 3696 1685 3753 et
1720 3681 1806 3753 ad
1849 3680 2243 3777 dignitatem
2298 3678 2595 3754 evexerit

372 3796 800 3871 sacramenti.
836 3797 975 3870 lam
1017 3822 1176 3871 vero
1210 3795 1392 3896 apud
1428 3814 1685 3871 veteres
1722 3823 1856 3870 non
1896 3794 2409 3883 interveniebat,
2457 3793 2592 3870 sal-

376 3929 505 3986 tem
553 3930 895 4013 tamquam
937 3938 1094 4011 pars
1137 3937 1258 3985 seu
1298 3911 1698 3986 elementum
1748 3911 2111 3986 essentiale
2150 3912 2218 3984 in
2257 3912 2589 4010 coniugiis

516 4171 590 4234 (2)
620 4169 835 4234 Triplex
852 4171 1107 4234 expositio
1125 4171 1176 4220 in
1193 4170 1325 4221 hunc
1344 4170 1438 4221 loc.
1462 4171 1513 4220 si
1533 4171 1652 4220 inec
1669 4173 2013 4235 comparentur
2033 4183 2145 4220 cum
2166 4170 2320 4221 aridis
2339 4183 2397 4220 ac
2420 4169 2596 4220 ieiunis

374 4249 747 4313 ,mmmm
766 4262 827 4300 ac
846 4249 1258 4301 nuo-uictarum
1294 4249 1682 4315 expositionibus
1696 4285 1713 4312 ,
1745 4263 1895 4314 qnam
1926 4251 2140 4303 immane
2177 4249 2433 4315 apparebit
2464 4249 2590 4299 inter

374 4330 645 4381 catholicos
657 4329 1017 4380 etacatboiicos
1030 4335 1254 4393 exegetas
1271 4331 1560 4383 discrimem
1585 4332 1663 4382 Οἱ.
1684 4331 1830 4382 ctiam
1853 4332 2038 4383 Estium
2050 4369 2064 4394 ,
2084 4335 2136 4383 et
2154 4330 2435 4383 Cornelium
2449 4342 2479 4379 a
2500 4331 2590 4378 La-

378 4408 491 4471 pide
511 4409 561 4459 in
580 4408 947 4459 commta-m
966 4407 1018 4457 in
1039 4407 1169 4458 nnnc
1192 4409 1286 4459 ioc.
