3276 5083
811 528 949 576 cir.
983 526 1028 573 1.
1062 526 1140 573 ns
1176 523 1439 575 nram.
1474 523 1697 572 civius
1732 523 1999 572 unum.
2034 524 2172 587 aar.
2210 523 2303 570 ιιι.
2535 500 2665 567 229

478 644 794 747 religione
821 640 1199 740 praescindi
1229 699 1243 728 ,
1277 642 1422 711 iura
1448 640 1670 712 omnia
1697 637 2017 710 ecclesiae
2043 638 2462 736 pessumdat,
2496 664 2667 735 quae

475 757 873 830 catholicum
923 754 1170 828 clerum
1223 754 1619 837 insectatur,
1676 778 1848 850 quae
1898 750 2204 823 licentiae
2253 752 2460 835 favet,
2521 777 2672 849 pro-

475 869 962 944 testantismum
1017 882 1388 966 promovet,
1446 866 1670 939 omnia
1719 880 2065 964 expectare
2113 864 2288 937 licet.
2331 865 2669 963 Siquidem

472 985 722 1084 optime
773 984 898 1057 sibi
949 974 1293 1067 coliaeret‚
1350 997 1545 1080 atque
1594 978 2002 1079 deplorabile
2040 980 2269 1051 ruinae
2303 1005 2472 1077 opus
2506 980 2672 1052 satis

474 1100 644 1171 bene
695 1114 1000 1196 coeptum
1055 1096 1479 1195 perficeretur
1521 1098 1695 1189 (35).

618 1215 824 1298 Sane,
866 1227 1161 1310 recepta,
1205 1236 1405 1311 quam
1440 1225 1711 1294 vocant,
1768 1208 2069 1281 libertate
2101 1208 2449 1295 cultuum,
2474 1226 2673 1309 atque

475 1329 781 1401 libertate
838 1327 1279 1399 conscientiae
1344 1351 1477 1397 una
1534 1351 1682 1397 cum
1754 1323 2281 1396 institutionibus
2346 1324 2673 1423 cuiusque

476 1458 694 1514 sectae
747 1440 1071 1540 propriis,
1132 1439 1562 1536 gubernium‚
1619 1437 1795 1536 quod
1831 1436 2040 1533 legem
2077 1437 2478 1510 matrimonii
2516 1464 2675 1513 con-

473 1556 684 1629 stituit
732 1555 983 1641 civilis,
1026 1555 1082 1627 si
1120 1554 1472 1628 cohaerere
1520 1552 1651 1625 sibi
1702 1552 1897 1638 velit,
1938 1565 2238 1624 coercere
2287 1553 2520 1652 nequit
2552 1578 2670 1652 po-

472 1672 872 1770 lygamiam,
941 1670 1176 1742 saltem
1243 1668 1463 1767 quoad
1533 1666 1722 1751 illos,
1779 1666 1894 1765 qui
1953 1692 2098 1738 eam
2159 1667 2255 1738 uti
2315 1666 2672 1763 legitimam

473 1787 751 1874 habent,
811 1785 1335 1884 profitenturque
1372 1784 1553 1855 iuxta
1590 1782 1914 1880 privatam
1950 1780 2311 1852 Bibliorum
2350 1780 2671 1880 interpre-

468 1904 803 1975 tationem.
847 1899 1110 1972 Habent
1157 1916 1223 1972 et
1270 1899 1381 1971 isti
1419 1923 1609 1970 suam
1648 1897 2145 1995 persuasionem
2171 1954 2185 1980 ‚
2227 1922 2378 1982 seu,
2419 1913 2495 1968 ut
2537 1898 2665 1996 ipsi

468 2016 861 2113 loquuntur,
920 2016 1369 2085 convictione-m
1403 2012 1486 2084 de
1525 2009 1944 2110 polygamiae
1980 2010 2326 2083 honestate
2358 2011 2556 2082 etiam
2599 2013 2668 2081 in

471 2129 616 2225 lege
664 2126 1066 2224 evangelica,
1108 2127 1357 2226 Ecquis
1410 2126 1478 2196 in
1530 2139 1891 2224 systemate
1950 2124 2458 2223 protestantium
2528 2125 2669 2197 iure

475 2241 712 2339 poterit
761 2241 829 2311 in
880 2239 1158 2310 dubium
1210 2238 1277 2309 id
1329 2237 1696 2310 revocare?

616 2354 1030 2454 Quapropter
1064 2354 1153 2425 ita
1178 2351 1601 2425 vehementer
1625 2378 1754 2424 non
1783 2353 2005 2424 minus
2032 2377 2232 2450 quam
2256 2352 2467 2449 logice
2507 2351 2674 2425 Mor·

469 2470 794 2556 monitae,
854 2495 974 2543 seu
1023 2468 1251 2541 Sancti
1296 2467 1784 2538 novissimorum
1833 2466 2114 2552 dierum,
2186 2468 2364 2567 quod
2430 2458 2668 2540 nomen

467 2588 598 2685 ipsi
651 2586 780 2659 sibi
832 2584 1249 2670 adsciscunt,
1292 2582 1540 2682 quique
1588 2600 1743 2656 sunt
1795 2583 2315 2681 protestantismi
2353 2583 2471 2654 filii
2510 2600 2670 2655 natu

465 2701 719 2772 minimi
754 2703 897 2796 (39)
927 2758 942 2785 ,
967 2698 1288 2795 urgebant
1314 2724 1443 2770 non
1470 2699 1563 2771 ita
1588 2698 1847 2796 pridem
1875 2713 2176 2770 senatum
2208 2700 2508 2771 Statuum
2538 2698 2670 2772 foe-

606 2913 705 2974 (35)
737 2913 909 2975 Reipss
933 2911 1252 2963 Mormonitae
1271 2912 1593 2975 polygamiam
1617 2911 1800 2975 ubique
1816 2911 2125 2976 diffundunt5
2144 2925 2203 2963 ac
2225 2913 2267 2963 si
2282 2926 2398 2964 vera
2413 2915 2530 2963 sunt
2549 2926 2673 2978 quae

461 2993 689 3053 leguntur
717 2992 768 3041 in
795 2992 963 3041 Diario
997 2994 1212 3041 Univers
1237 2999 1312 3041 31.
1337 2992 1450 3041 Iulii
1487 2999 1619 3042 1856.
1642 2994 1945 3055 Mormones,
1967 2992 2052 3056 qui
2074 2996 2317 3055 Augustae
2344 2994 2666 3044 Taurinorum

461 3070 664 3132 (legunt,
687 3070 992 3120 collationem
1013 3071 1138 3120 inter
1161 3084 1213 3121 se
1234 3071 1510 3121 habuerunt
1531 3071 1580 3120 in
1601 3084 1699 3135 qua
1723 3070 1971 3121 decretum
2002 3075 2098 3134 est,
2141 3074 2197 3122 ut
2232 3072 2511 3136 paradigma
2550 3073 2669 3134 legis

459 3150 687 3200 ministro
723 3151 853 3213 regio
889 3151 1174 3212 offerretur,
1197 3151 1271 3201 uti
1301 3151 1350 3200 in
1378 3164 1507 3201 nova
1540 3152 1644 3214 lege
1668 3153 1984 3215 proponenda
2009 3154 2061 3203 et
2090 3153 2171 3203 hic
2190 3153 2427 3204 articulus
2459 3166 2665 3216 appone·

465 3230 599 3277 retur
618 3226 680 3277 de
704 3227 926 3278 ineundis
960 3228 1197 3291 coniugiis
1226 3230 1362 3278 iuxta
1389 3227 1686 3279 libertatem
1716 3232 2079 3292 conscientiae,
2101 3229 2321 3293 adeoque
2348 3231 2500 3294 ipsam
2519 3231 2665 3280 etiam

462 3305 784 3369 polygamiam
821 3307 1066 3371 sectandi3
1098 3309 1276 3369 atque,
1305 3309 1361 3355 ut
1388 3306 1569 3356 ibidem
1602 3307 1778 3370 legitur
1812 3308 2033 3358 minister
2054 3308 2211 3371 regius
2231 3307 2373 3358 valde
2392 3321 2444 3358 se
2464 3320 2663 3371 propen-

457 3398 572 3434 sum
609 3387 829 3448 praebuit
863 3387 924 3436 ad
963 3386 1322 3436 concessionem
1357 3385 1597 3436 eiusmodi
1635 3386 1925 3438 faciendam.

604 3465 701 3526 (ss)
733 3467 904 3528 coepit
923 3467 1041 3516 haec
1061 3469 1209 3526 secta,
1232 3479 1358 3530 quae
1378 3469 1577 3517 vocatur
1587 3466 1823 3517 Ecclesia
1837 3470 2139 3518 sanctorum
2153 3471 2549 3519 novissimorum
2568 3466 2667 3517 die·

464 3556 583 3593 mm
609 3545 637 3604 (
648 3546 959 3610 muer-Day
980 3547 1185 3606 saints)
1210 3559 1290 3597 an.
1320 3552 1450 3596 1830.
1475 3546 1525 3595 in
1552 3546 1774 3597 America
1802 3548 2161 3611 septentrionali
2181 3561 2273 3611 ope
2290 3546 2542 3597 cuiusdam
2567 3549 2661 3596 los.

455 3622 645 3684 Smith3
674 3625 723 3672 et
748 3637 826 3673 aa.
853 3633 982 3675 isat.
1007 3625 1087 3675 vix
1119 3624 1403 3675 numerabat
1435 3628 1665 3689 quinque
1690 3623 1878 3687 fideles
1900 3640 1985 3677 seu
2011 3629 2298 3689 sectatores3
2333 3639 2463 3676 anno
2500 3627 2663 3675 autem

463 3705 596 3751 1856.
612 3703 707 3750 lam
725 3702 984 3753 excedebat
1001 3717 1259 3754 numerum
1291 3710 1479 3765 30,οο0.
1491 3706 1541 3754 et
1553 3703 1777 3768 quotidie
1792 3717 1921 3755 nova
1943 3705 2086 3755 habet
2103 3706 2414 3755 incrementa.
2434 3705 2498 3754 ni
2518 3705 2664 3754 etiam

459 3780 802 3828 Mon-monitae
824 3781 1084 3845 nuncupati
1119 3781 1342 3831 acerrimi
1375 3781 1605 3831 ecclesiae
1641 3783 1908 3833 catholicae
1946 3783 2107 3832 hostes
2143 3783 2331 3845 fingunt
2362 3795 2415 3833 se
2448 3796 2535 3846 per
2570 3785 2661 3832 Ga·

453 3857 656 3907 brielem
695 3860 1038 3921 archangelum
1067 3874 1244 3911 novam
1278 3874 1418 3910 suam
1453 3863 1800 3913 revelationem
1824 3862 2068 3926 accepisse
2086 3861 2321 3912 adinstar
2338 3861 2658 3913 mahumeds.

453 3936 782 4000 contendunt,
804 3937 999 4002 librum,
1023 3940 1072 3989 ia
1093 3954 1193 4003 quo
1218 3941 1311 3991 hae
1338 3941 1660 3993 revelationes
1680 3943 2019 4004 continentur,
2059 3940 2408 3991 accensendum
2443 3955 2548 3992 esse
2586 3956 2659 3992 sa·
2755 3947 2761 3952 “

453 4016 550 4065 eris
572 4015 741 4066 Bibliis
766 4018 941 4067 veteris
964 4031 1019 4068 ac
1040 4021 1152 4068 novi
1173 4020 1466 4071 Testamenti
1492 4035 1650 4083 eaque
1671 4022 1929 4085 complere.
1954 4021 2163 4071 Possunt
2182 4020 2234 4069 hl
2259 4023 2332 4070 tot
2347 4021 2523 4071 ducere
2544 4035 2660 4070 uxo·

457 4107 534 4144 res
556 4099 678 4157 quot
696 4096 770 4146 eis
798 4109 1001 4159 magnus
1030 4097 1245 4160 ipsorum
1274 4098 1508 4162 propheta
1538 4100 1780 4161 indulget:
1808 4099 2051 4150 interdum
2076 4107 2154 4150 20.
2173 4102 2261 4150 aut
2281 4107 2355 4152 30.
2381 4114 2559 4152 uxorea
2576 4101 2661 4151 ha·

453 4173 591 4235 beut,
621 4187 678 4223 ac
706 4175 967 4224 universim
1001 4177 1122 4237 quot
1155 4177 1283 4226 alere
1312 4177 1864 4240 possunt32quandoque
1894 4177 2018 4227 duas
2053 4179 2239 4228 ducunt
2267 4191 2483 4241 sorores,
2509 4179 2660 4228 immo

453 4255 656 4303 matrem
679 4267 735 4304 ac
758 4255 883 4304 duas
900 4253 1042 4304 filias.
1057 4254 1245 4304 liabent
1266 4268 1381 4307 suos
1401 4256 1662 4319 apostolos,
1680 4270 1805 4319 quos
1817 4257 1865 4306 in
1878 4268 2045 4306 omnes
2059 4257 2278 4320 regiones
2297 4260 2513 4309 mittunt.
2525 4260 2665 4308 Unus

451 4343 510 4379 ex
524 4332 603 4382 liis
617 4332 681 4383 ad
701 4333 982 4397 subalpinos
998 4333 1219 4396 pervenit
1238 4345 1297 4382 ac
1315 4334 1585 4397 proselytos
1605 4335 1722 4384 t'seit
1743 4333 1867 4385 inter
1888 4336 2223 4398 protestantes.
2239 4337 2317 4386 ct'.
2331 4340 2401 4386 De
2419 4338 2510 4386 hac
2528 4339 2660 4385 secta

457 4409 552 4459 The
576 4413 852 4473 uomens,
871 4426 950 4475 or,
971 4414 1282 4474 latter-Dos«
1309 4418 1512 4475 Senius,-
1539 4429 1573 4465 α
1605 4417 2005 4478 contemperans!
2040 4418 2267 4477 nister-y,
2296 4414 2495 4465 London
2519 4412 2658 4462 omm-
