3276 5083
666 442 806 515 2⁰2
1049 463 1172 515 m.
1213 464 1260 514 1.
1301 461 1476 514 sacr.
1517 462 1563 513 1.
1603 463 1686 514 ns
1735 462 1997 515 uirtus.
2038 461 2469 517 stanneum.

657 583 998 683 perficitur
1042 595 1518 654 sacramentum
1548 579 1668 653 sub
1703 580 1914 679 [orma
1947 580 2360 679 praescripta
2410 580 2793 669 verborum,
2826 599 2900 657 et

667 714 773 773 est
819 696 1294 797 inseparabilis
1319 722 1399 769 ac
1426 696 1814 769 indistincta
1837 721 1880 768 a
1904 711 2353 783 sacramento;
2386 696 2481 769 ita
2505 713 2904 774 contractus

665 813 992 914 nuptialis
1014 871 1031 900 ,
1072 814 1227 887 dato
1268 813 1471 886 etiam
1495 869 1511 899 ,
1552 812 1733 911 quod
1767 829 1922 886 ante
1956 827 2447 886 sacramentum
2482 814 2902 891 matrimonii

664 928 1022 1015 subsistat,
1081 954 1214 1001 non
1248 942 1354 1001 est
1387 927 1519 1001 nisi
1572 927 1850 1000 materia
1898 942 2173 1013 remota,
2214 954 2367 1000 cum
2403 944 2624 1002 autem
2674 955 2906 1003 sacra-

661 1060 947 1132 mentum
985 1045 1324 1143 perficitur
1373 1041 1502 1116 sub
1550 1043 1797 1116 debitis
1840 1043 2378 1129 conditionibus,
2418 1059 2487 1116 et
2519 1043 2901 1142 prolatione

663 1161 914 1234 formae
939 1159 1388 1259 praescriptae
1409 1216 1424 1243 ‚
1458 1158 1533 1229 fit
1558 1158 1836 1231 materia
1856 1160 2166 1255 proxima
2184 1213 2202 1242 ‚
2235 1173 2313 1230 ut
2334 1158 2468 1230 iam
2496 1185 2629 1232 non
2655 1159 2899 1232 distin-.

662 1292 907 1372 guatur
933 1274 1019 1347 ab
1045 1275 1194 1373 ipso
1220 1273 1627 1348 matrimonii
1671 1288 2090 1348 sacramento
2139 1287 2336 1372 prout
2374 1299 2643 1347 rursum
2686 1299 2896 1373 expo-

661 1393 761 1466 nit
807 1419 865 1465 s.
901 1392 1191 1464 Thomas
1249 1417 1400 1463 cum
1463 1388 1732 1463 scribit:
1797 1419 1830 1458 α
1861 1388 2465 1487 Dicendumquod
2500 1446 2516 1475 ,
2587 1389 2766 1463 sicut
2812 1416 2889 1462 se

664 1506 867 1580 habet
921 1507 1169 1578 ablutio
1218 1508 1501 1579 exterior
1533 1505 1616 1578 ad
1652 1505 2062 1604 baptismum
2084 1562 2099 1591 ,
2142 1505 2235 1578 ita
2268 1530 2343 1577 se
2375 1504 2581 1577 habet
2617 1531 2887 1604 expres-

665 1622 768 1695 sio
817 1620 1171 1695 verborum
1214 1621 1299 1693 ad
1347 1621 1475 1695 hoc
1525 1636 2047 1707 sacramentum,
2104 1636 2180 1693 ut
2226 1620 2481 1695 dictum
2515 1637 2618 1694 est
2651 1624 2880 1715 (26).»

662 1735 746 1808 Et
783 1733 978 1807 alibi:
1028 1764 1062 1805 (ι
1094 1734 1299 1807 Actus
1349 1735 1739 1821 exteriores,
1797 1735 2054 1834 inquit,
2093 1751 2161 1808 et
2192 1735 2398 1808 verba
2447 1735 2879 1835 exprimentia

663 1876 1067 1927 consensum
1118 1849 1369 1922 directe
1417 1850 1673 1924 faciunt
1721 1875 1963 1922 nexum
2014 1850 2412 1949 quemdam,
2453 1850 2568 1948 qui
2615 1867 2719 1923 est
2764 1876 2879 1922 sa-

665 1980 1075 2041 cramentum
1125 1964 1528 2039 matrimonii
1563 1967 1630 2060 (2
1642 1968 1792 2060 7).»

805 2080 971 2154 Cum
1015 2078 1294 2179 proinde
1334 2080 1401 2151 in
1441 2106 1866 2180 quacumque
1917 2079 2316 2179 hypothesi,
2375 2106 2496 2155 seu
2526 2080 2879 2179 „theologo-

663 2225 809 2271 rum
847 2198 1022 2270 inter
1046 2223 1119 2270 se
1147 2198 1585 2296 pugnantium
1623 2197 1984 2284 sententia,
2044 2212 2533 2271 sacramentum
2582 2198 2881 2295 coniugii

663 2316 754 2387 sit
804 2328 1182 2388 contractus
1232 2312 1626 2386 nubentium
1654 2370 1669 2400 ,
1726 2328 2058 2412 quatenus
2091 2312 2159 2385 vi
2194 2311 2549 2386 verborum
2595 2339 2718 2386 seu
2751 2314 2881 2387 for-

665 2455 816 2503 mae
840 2429 1293 2528 praescriptae
1319 2427 1394 2500 fit
1418 2444 1904 2501 sacramentum
1926 2486 1942 2514 ,
1982 2428 2164 2528 quod
2198 2444 2301 2501 est
2342 2429 2409 2499 in
2447 2428 2879 2514 indivisibili,

665 2559 848 2644 patet
897 2544 1188 2643 profecto
1240 2559 1727 2617 sacramentum
1762 2569 1895 2616 non
1931 2541 2219 2643 amplius
2257 2545 2538 2644 spectari
2576 2569 2779 2645 posse
2807 2559 2882 2617 ut

667 2683 807 2730 rem
855 2658 1236 2732 distinctam
1276 2686 1317 2731 a
1352 2673 1694 2731 contractu
1731 2658 2137 2731 connubiali.
2175 2659 2595 2760 Quapropter
2618 2660 2703 2733 ad
2731 2686 2879 2733 eum

659 2771 958 2858 modum,
993 2798 1128 2871 quo
1152 2772 1446 2871 perfecta
1468 2773 1784 2846 unctione
1809 2801 1941 2847 non
1969 2791 2188 2874 potest
2221 2776 2546 2875 distingui
2586 2775 2674 2850 ab
2708 2775 2875 2864 oleo,

658 2913 794 2987 quo
835 2889 1062 2960 unctio
1103 2888 1276 2962 sacta
1323 2905 1463 2975 est,
1521 2915 1644 2963 seu
1692 2917 1733 2963 a
1783 2909 2199 2967 sacramento
2248 2910 2581 2966 extremae
2622 2893 2880 2965 unctio-

658 3002 805 3088 nis;
854 3018 924 3075 et
965 3018 1233 3101 peracta
1273 3006 1773 3080 consecratione
1809 3033 1940 3082 non
1978 3024 2263 3107 possunt
2295 3008 2619 3105 distingui
2656 3009 2728 3080 in
2761 3034 2877 3081 eu-

661 3116 982 3192 charistia
1041 3118 1237 3218 panis
1297 3146 1376 3193 ac
1437 3121 1666 3194 vinum
1719 3149 1759 3194 a
1810 3140 2226 3197 sacramento
2248 3181 2264 3210 ,
2320 3123 2503 3223 quod
2570 3123 2879 3197 subsistit

658 3233 1110 3309 mediantibus
1146 3236 1531 3336 speciebus,
1563 3237 1657 3310 ita
1691 3238 2019 3313 celebrato
2055 3238 2261 3312 semel
2296 3239 2717 3314 matrimonio
2753 3237 2882 3312 sub

657 3348 906 3425 debitis
957 3350 1454 3424 conditionibus
1479 3409 1495 3438 ,
1554 3377 1687 3424 non
1739 3368 1958 3453 potest
2002 3352 2295 3452 amplius
2345 3353 2672 3451 distingui
2721 3379 2880 3427 con-

658 3479 909 3539 tractus
961 3492 1001 3539 a
1053 3482 1468 3540 sacramento
1502 3525 1518 3554 ,
1584 3494 1735 3541 cum
1787 3470 1936 3567 ipse
1983 3485 2360 3544 contractus
2408 3471 2472 3543 vi
2520 3470 2877 3544 verborum

657 3606 810 3655 sese
858 3582 1253 3656 converterit
1304 3584 1373 3654 in
1425 3599 1911 3657 sacramentum
1962 3585 2277 3659 connubii
2312 3585 2695 3673 christiani,
2737 3586 2881 3659 sive

658 3695 825 3769 haec
881 3698 1087 3771 verba
1137 3697 1410 3808 prolata·
1445 3698 1691 3773 fuerint
1738 3700 1823 3772 ab
1874 3701 2044 3800 ipsis
2092 3700 2637 3775 contrahentibus
2672 3759 2689 3788 ,
2737 3702 2879 3775 sive

657 3835 698 3881 a
749 3811 1095 3887 sacerdote
1143 3813 1521 3888 conferente
1568 3813 2126 3889 benedictionem.

802 3921 1153 4026 Superflua
1204 3929 1369 4002 haec
1411 3954 1452 4000 a
1501 3927 1698 4002 nobis
1748 3929 2275 4030 appellarentur,
2319 3931 2450 4003 nisi
2488 3954 2733 4004 morem
2768 3952 2878 4024 ge-

659 4066 802 4114 rere
831 4042 1175 4118 ·vellemus
1219 4045 1493 4119 alterius
1539 4046 1938 4134 sententiae,
1980 4044 2239 4120 scilicet
2278 4045 2482 4133 Cani,
2538 4043 2869 4145 patroniS,

655 4184 821 4232 neve
888 4159 1290 4237 adversariis
1346 4163 1667 4261 effugium
1719 4162 2247 4262 relinqueremus
2288 4221 2303 4251 ,
2377 4163 2572 4264 quasi
2640 4184 2880 4259 nempe

806 4372 907 4437 (26)
933 4375 988 4424 In
1015 4378 1061 4425 4.
1083 4374 1208 4425 Dist.
1234 4380 1311 4426 27.
1333 4389 1419 4439 qn.
1440 4383 1481 4427 1.
1505 4379 1596 4427 art.
1623 4384 1670 4428 2.
1698 4375 1778 4428 Ad
1800 4378 2051 4442 quartam
2080 4378 2280 4444 quaese.

809 4454 907 4521 (27)
941 4453 1066 4506 lbid.
1095 4468 1182 4519 qu.
1209 4462 1255 4508 2.
1280 4456 1374 4507 art.
1397 4463 1443 4507 2.
1464 4455 1526 4506 ad
1546 4463 1591 4507 2.
