3276 5083
732 445 869 495 cn.
904 443 950 491 1.
986 443 1065 492 na
1099 439 1362 493 urm.
1403 441 1629 498 civius
1662 441 1931 493 uuum.
1972 442 2113 492 Anr.
2156 443 2221 490 v.
2441 419 2578 491 285

365 583 564 666 atque
605 562 855 634 idcirco
900 560 967 630 in
1021 559 1284 631 ruinam
1325 557 1703 646 societatis,
1753 583 1927 658 quae
1975 584 2091 633 eos
2143 559 2213 630 in
2264 558 2419 631 sinu
2467 557 2590 632 alit

364 706 443 754 ac
485 679 665 753 fovet
699 677 767 747 in
804 673 1141 772 propriam
1190 672 1549 772 perniciem
1585 730 1601 761 ,
1660 673 1854 746 cuius
1904 672 2162 745 viscera
2212 688 2589 772 opportuno

365 810 690 890 tempore,
744 814 823 861 ac
873 785 1096 860 oblata
1145 785 1494 859 occasione
1543 784 2008 858 dilacerabant
2048 786 2225 881 (54).

508 907 576 977 Si
626 903 848 1002 capita
898 901 1068 973 haec
1117 898 1387 996 singula
1435 899 1797 997 separatim
1865 900 1951 972 ad
2013 924 2288 972 examen
2354 915 2588 973 vocata

364 1020 675 1095 evincunt
724 1014 1159 1091 connubium·
1189 1011 1386 1087 civile
1446 1029 1684 1086 natura
1734 1038 1857 1085 sua
1909 1011 2180 1086 tendere
2234 1012 2320 1084 ad
2369 1012 2593 1087 disso-

364 1135 680 1209 lutionem
741 1158 818 1205 ac
882 1129 1216 1203 interitum
1282 1129 1619 1209 societatis
1688 1143 1755 1202 et
1822 1128 2116 1201 familiae
2158 1185 2174 1215 ,
2247 1125 2590 1202 collective

363 1266 630 1346 sumpta
666 1247 761 1321 ita
796 1272 933 1318 rem
969 1242 1358 1329 conficiunt,
1399 1259 1472 1315 ut
1504 1241 1844 1341 scepticae
1896 1243 1987 1316 sit
2034 1258 2322 1341 oportet,
2363 1242 2479 1342 qui
2517 1243 2586 1315 id

368 1361 435 1432 in
486 1358 763 1433 dubium
816 1357 1036 1430 adhuc
1084 1381 1393 1429 revocare
1440 1354 1623 1428 velit.

522 1472 860 1572 Complexi
911 1486 1129 1546 autem
1181 1495 1414 1544 sumus
1456 1497 1575 1570 per
1610 1470 1881 1544 modum
1933 1471 2134 1544 unius
2184 1471 2253 1542 in
2305 1471 2435 1545 hac
2484 1471 2591 1544 di-

365 1589 782 1688 sceptatione
840 1587 1218 1661 societatem
1254 1601 1322 1658 et
1359 1584 1715 1671 familiam,
1767 1585 1928 1684 quia
1978 1611 2153 1683 quae
2187 1585 2273 1658 de
2306 1611 2441 1658 una
2484 1585 2588 1657 di·

363 1719 634 1790 cuntur,
699 1703 785 1776 de
833 1701 1039 1775 altera
1087 1724 1355 1801 quoque
1403 1700 1548 1799 pari
1600 1700 1859 1773 ratione
1904 1700 2040 1774 dici
2091 1699 2360 1773 debent.
2419 1703 2586 1773 Nam

365 1819 623 1892 familia
660 1818 921 1917 privata
959 1817 1157 1890 refert
1190 1816 1258 1887 in
1295 1841 1371 1890 se
1405 1815 1556 1913 ipsa
1597 1814 2143 1902 similitudinem,
2188 1815 2466 1890 sormam
2507 1841 2585 1888 ac

364 1932 569 2007 veluti
623 1950 854 2032 typum
906 1931 1249 2005 societatis
1303 1930 1657 2029 publicae3
1715 1930 2002 2004 societas
2052 1955 2208 2004 vero
2268 1928 2538 2028 publica
2566 1989 2581 2017 ,

370 2064 636 2145 praeter
681 2071 883 2145 quam
934 2044 1116 2145 quod
1168 2071 1250 2117 ex
1297 2043 1573 2118 familiis
1626 2044 1909 2143 privatis
1958 2044 2221 2140 exurgit
2263 2060 2328 2117 et
2364 2045 2584 2119 coale-

370 2162 533 2248 scit,
580 2161 941 2260 quaedam,
994 2175 1071 2231 ut
1107 2160 1201 2233 ita
1242 2157 1515 2258 loquar,
1558 2184 1803 2256 magna
1841 2157 2100 2233 familia
2146 2175 2255 2232 est
2301 2158 2429 2232 sub
2472 2185 2586 2258 pa-

368 2291 556 2349 terno
608 2275 984 2374 principum
1036 2273 1394 2371 regimin03
1445 2273 1750 2373 adeoque
1798 2272 1978 2374 quod
2027 2273 2339 2349 convenit
2387 2273 2585 2347 fami-

366 2389 501 2464 liae
525 2447 541 2476 ‚
599 2388 756 2462 data
805 2388 1265 2489 proportione,
1330 2388 1644 2462 convenit
1692 2388 2033 2477 societati,
2090 2404 2159 2462 et
2189 2414 2227 2461 e
2260 2412 2584 2465 converso

369 2504 550 2604 quod
602 2503 915 2579 conducit
961 2502 1048 2577 ad
1100 2502 1443 2577 societatis
1492 2501 1740 2577 bonum
1765 2562 1782 2593 ,
1828 2503 2142 2580 conducit
2189 2502 2276 2578 ad
2328 2502 2576 2578 bonum

366 2619 693 2707 familiae,
742 2620 1057 2720 quodque
1108 2617 1288 2692 cedit
1337 2620 1406 2692 in
1457 2618 1750 2694 dedecus
1788 2646 1868 2695 ac
1912 2619 2169 2694 ruinam
2221 2620 2460 2708 unius,
2510 2621 2581 2693 in

365 2733 657 2809 dedecus
710 2762 789 2809 ac
838 2735 1201 2835 perniciem
1253 2734 1442 2808 cedet
1490 2732 1788 2808 alterius.

512 2990 613 3052 (54)
642 2990 894 3041 Praeclare
932 2992 994 3040 D.
1031 2992 1207 3041 sauzet
1247 2990 1298 3040 in
1341 3003 1510 3054 opusc.
1545 2989 1842 3054 nme-‘riom
1875 3002 1974 3041 mr
2011 2989 2059 3041 le
2089 2993 2327 3054 mar-tayo
2360 2989 2490 3042 civil
2536 2993 2589 3042 et

372 3063 421 3116 le
453 3071 687 3130 mannos
719 3068 1465 3133 chram.1,yontss⁸.p·g.2o
1484 3070 1815 3134 semustam&
1844 3070 2220 3121 l’amslioration
2256 3070 2344 3121 des
2374 3083 2585 3133 murs,

370 3144 556 3208 inquit,
581 3159 644 3196 on
670 3160 730 3196 ue
749 3150 924 3199 trouve
957 3162 1132 3198 encore
1151 3162 1248 3212 qne
1269 3151 1379 3212 trop
1409 3150 1472 3198 de
1501 3151 1760 3200 situations
1786 3150 2114 3214 eqnivoqnes,
2139 3150 2202 3199 de
2227 3149 2434 3200 samilles
2454 3151 2585 3200 trou-

368 3222 500 3273 blces
520 3261 536 3285 ‚
576 3225 830 3288 d'epouses
853 3225 1315 3278 donloureusement
1331 3226 1632 3278 combuttues
1648 3231 1784 3279 entre
1806 3229 1876 3280 les
1894 3229 2148 3292 exigences
2168 3229 2437 3278 contraires
2458 3227 2521 3278 ds
2539 3228 2588 3278 la

366 3302 461 3363 toi,
500 3301 565 3352 de
604 3304 838 3368 ropinion
865 3309 914 3356 et
934 3305 998 3357 de
1016 3307 1065 3356 la
1081 3306 1382 3357 conscience.
1407 3309 1579 3366 Quone
1600 3308 1736 3360 eoois
1753 3322 1879 3373 pour
1901 3309 1975 3360 les
1993 3309 2187 3360 entant·
2203 3321 2305 3371 qne
2324 3321 2407 3360 ces
2423 3307 2588 3359 tristes

370 3379 687 3431 traillements
707 3383 769 3431 de
791 3382 925 3446 foyer
952 3383 1258 3448 domestique
1293 3386 1356 3435 ou
1390 3385 1512 3434 Dieu
1537 3386 1789 3438 lui-meme
1816 3390 1890 3438 est
1922 3389 2018 3438 mis
2042 3400 2103 3436 en
2134 3386 2363 3451 question
2385 3388 2497 3436 tous
2519 3386 2590 3436 les

363 3458 503 3520 jours
527 3472 614 3522 par
638 3460 682 3511 le
700 3461 869 3512 counit
892 3463 1138 3528 perpetuet
1163 3463 1225 3514 de
1244 3463 1294 3513 la
1318 3463 1522 3527 religion
1542 3466 1592 3515 et
1607 3466 1694 3516 des
1711 3467 1833 3517 lois!
1859 3466 2009 3524 Quels
2039 3467 2284 3529 exemples
2312 3479 2436 3530 pour
2466 3465 2585 3515 Γου-

369 3537 515 3587 ωήίό
552 3538 844 3603 paternelle,
878 3545 928 3592 et
951 3542 1066 3606 quel
1097 3543 1268 3594 avenlr
1297 3556 1420 3607 pour
1455 3544 1503 3594 la
1537 3545 1654 3608 paix
1685 3545 1773 3597 des
1792 3546 2013 3598 ‘familias
2033 3548 2084 3597 et
2107 3546 2237 3598 dela
2259 3545 2463 3598 saintet&
2496 3545 2587 3596 des

366 3629 548 3667 moeurs
599 3617 908 3681 publiquest.
1022 3625 1263 3674 personne
1300 3636 1362 3673 ne
1397 3623 1553 3675 desire
1584 3639 1682 3689 que
1724 3626 1795 3677 les
1831 3627 2143 3691 populations
2180 3627 2423 3678 decertent
2458 3626 2589 3678 leurs

367 3707 626 3756 eroyences
645 3696 1041 3750 ets'habituitent
1073 3701 1102 3750 ὁ
1136 3701 1405 3765 multiplier
1437 3716 1524 3776 par
1555 3703 1643 3754 des
1676 3705 1875 3768 simplcs
1902 3706 2081 3755 formes
2114 3705 2285 3755 civiles
2306 3705 2377 3754 les
2394 3716 2590 3767 engage·

361 3775 521 3823 muts
539 3773 771 3836 religieux
795 3774 856 3825 do
878 3776 1008 3827 leurs
1033 3778 1203 3842 peren
1232 3780 1355 3830 e'est
1386 3780 1568 3842 qu’une
1597 3781 1807 3845 accim,
1832 3783 1920 3846 qni
1943 3795 2007 3834 ne
2028 3783 2374 3834 reconnottrslt
2401 3782 2592 3833 d’antro

366 3852 649 3903 conscience
668 3866 763 3916 que
781 3854 826 3904 le
844 3854 964 3906 froin
991 3858 1136 3920 legal,
1153 3859 1343 3910 d'autre
1355 3859 1478 3910 Dieu
1500 3875 1596 3925 que
1611 3862 1658 3913 le
1675 3862 1947 3926 magistrat,
1964 3862 2154 3914 d’autre
2175 3862 2376 3926 religion
2399 3876 2495 3926 que
2517 3864 2587 3914 ies

366 3929 536 3993 codes,
559 3931 837 3994 effrayerait
852 3932 959 3984 bien
978 3938 1075 3985 vite
1090 3938 1157 3986 les
1171 3937 1497 3988 admirateurs
1519 3938 1587 3989 les
1604 3941 1716 4003 plus
1730 3940 1961 3991 exclusiss
1978 3941 2039 3991 de
2059 3942 2105 3992 la
2120 3941 2375 4006 pnissance
2395 3941 2555 3992 civile.
2566 3963 2588 3983 u

366 4008 604 4139 dmiltio
621 4023 770 4075 porro
793 4010 869 4063 vir
887 4024 1003 4067 cum
1034 4014 1182 4066 fuerit
1211 4016 1412 4082 publico
1431 4017 1705 4069 ministerio
1729 4018 1951 4082 functos,
1971 4021 2156 4083 opttme
2177 4021 2316 4072 novit
2336 4017 2386 4071 id
2405 4019 2469 4072 ds
2487 4033 2587 4083 quo
