3276 5083
611 425 752 496 178
993 445 1113 495 m.
1160 445 1206 493 ι.
1248 443 1418 493 sacr.
1465 444 1510 491 ι.
1552 443 1632 491 ns
1685 441 1947 492 usi-alu.
1993 440 2423 491 sacnaussnro.

752 561 1020 636 SciHcet
1089 560 1310 635 fatalis
1379 561 1545 634 haec
1596 559 1941 633 distinctio
1968 618 1985 647 ‚
2040 585 2180 658 qua
2227 574 2575 658 tantopere
2640 559 2830 635 abusi

613 690 770 749 sunt
803 692 1133 776 quotquot
1170 674 1675 749 ecclesiasticae
1696 673 2003 772 potestati
2031 673 2280 748 bellum
2324 673 2719 762 intulerunt,
2759 701 2844 748 ea

611 809 750 880 est,
808 820 982 894 quae
1030 819 1217 867 arma
1266 792 1579 892 praebuit
1623 789 2051 864 validissima
2082 791 2167 863 ad
2202 790 2575 864 doctrinam
2617 790 2844 864 catho-

613 906 810 980 licam
845 906 1400 983 labefactandam.
1436 907 1532 978 Ea
1558 904 1852 1004 denique
1884 919 2010 991 est,
2043 930 2245 1003 quam
2283 904 2392 978 his
2430 905 2566 978 fere
2598 904 2845 979 diebus

615 1022 1045 1099 exsuscitavit
1078 1021 1148 1095 in
1183 1021 1492 1095 eumdem
1529 1020 1731 1094 finem
1768 1019 1991 1117 regius
2042 1019 2448 1093 taurinensis
2501 1020 2846 1118 professor

616 1138 709 1209 Io
754 1138 1262 1235 Nepomucenus
1304 1136 1556 1234 Nuytz‚
1614 1134 1808 1207 cuius
1858 1159 2061 1232 opera
2113 1134 2514 1276 proscripsit
2560 1133 2847 1211 damna-

616 1254 845 1352 vitque
893 1252 1194 1350 pontifex
1245 1251 1407 1323 Pius
1460 1250 1571 1320 lx.

721 1368 860 1441 Ne
910 1367 1115 1463 igitur
1168 1365 1460 1439 exitialis
1519 1364 1850 1438 eiusmodi
1903 1365 2206 1438 doctrina
2255 1363 2483 1463 plures
2532 1364 2795 1439 inficiat
2824 1424 2840 1449 ,

621 1482 1230 1581 praecidanturque
1261 1507 1398 1555 uno
1432 1482 1566 1554 ictu
1601 1478 1979 1566 corollaria,
2004 1504 2181 1579 quae
2205 1478 2705 1553 ecclesiasticae
2730 1505 2853 1580 po-·

623 1596 879 1669 testatis
914 1621 994 1667 ac
1028 1595 1213 1668 sedis
1249 1593 1661 1693 apostolicae
1692 1619 1923 1667 osores
1975 1593 2376 1681 intulerunt,
2414 1618 2565 1667 eam
2600 1592 2849 1666 adoriri

621 1724 821 1807 atque
853 1724 1153 1780 evertere
1188 1707 1712 1807 assumpsimus,
1745 1705 2163 1782 ostendendo
2188 1734 2390 1808 quam
2422 1707 2599 1781 falsa
2620 1708 2715 1782 sit
2734 1706 2852 1780 illa

623 1821 969 1895 distinctio
1036 1822 1209 1896 inter
1272 1838 1685 1895 contractum
1737 1840 1802 1896 et
1850 1838 2346 1895 sacramentum
2396 1823 2464 1895 in
2514 1822 2851 1919 coniugiis

623 1936 1041 2010 christianis.
1079 1937 1289 2036 quue
1311 1938 1692 2011 efficiemus
1728 1954 1865 2010 tum
1904 1939 2057 2038 ipsa
2099 1939 2405 2037 inspecta
2440 1939 2535 2011 rei
2569 1954 2840 2020 natura,

626 2069 764 2125 tum
816 2068 1115 2151 spectato
1165 2052 1582 2151 antiquitatis
1619 2076 1827 2126 sensu
1853 2109 1869 2138 ,
1911 2069 2051 2125 tum
2087 2051 2379 2151 denique
2410 2060 2701 2150 expensa
2736 2075 2853 2123 ec-

625 2165 874 2241 clesiae
922 2166 1294 2241 catholicae
1341 2166 1678 2241 sentiendi
1729 2166 2109 2266 agendique
2160 2168 2440 2241 ratione.

774 2282 869 2354 Ac
895 2282 1116 2381 primo
1142 2283 1445 2382 inspecta
1471 2283 1566 2355 rei
1595 2298 1864 2370 natura;
1886 2281 2446 2381 quandoquidem
2472 2307 2554 2355 ex
2578 2280 2859 2356 demon-

634 2398 859 2470 stratis
886 2398 956 2469 in
983 2397 1331 2496 superiore
1356 2398 1748 2471 tractatione
1764 2397 1849 2471 de
1867 2398 2267 2471 sacramenti
2295 2396 2703 2472 matrimonii
2731 2397 2859 2469 mi-

627 2512 879 2598 nistro,
912 2512 975 2586 is
1004 2537 1137 2587 non
1172 2513 1346 2588 alius
1381 2514 1656 2612 agnosci
1709 2529 1929 2613 potest
1965 2538 2169 2614 quam
2210 2512 2615 2587 contrahens
2638 2570 2655 2600 ‚
2695 2512 2852 2586 dum

637 2651 832 2707 suum
862 2626 1133 2725 praebet
1155 2651 1558 2701 consensum
1583 2643 1653 2701 et
1673 2628 1944 2728 quidem
1970 2629 2300 2716 vicissim3
2335 2628 2456 2702 sed
2484 2654 2607 2728 per
2630 2626 2860 2700 huius·

634 2738 815 2810 modi
860 2763 1262 2812 consensum
1317 2741 1391 2814 fit
1439 2768 1575 2816 uno
1624 2742 1995 2843 eodemque
2044 2760 2196 2816 actu
2246 2758 2627 2817 contractus
2660 2758 2727 2815 et
2761 2765 2862 2815 sa-

629 2868 1082 2940 cramentum3
1128 2880 1280 2927 nam
1316 2871 1473 2930 tunc
1523 2857 1830 2930 minister
1878 2859 2279 2957 pronunciat
2325 2860 2606 2933 sormam
2656 2882 2863 2955 super

625 2967 998 3064 legitimam
1061 2969 1410 3043 materiam
1453 3029 1469 3058 ,
1540 2997 1719 3072 quae
1769 2972 2198 3046 constituitur
2245 3000 2325 3045 ex
2375 2972 2652 3046 alterius
2702 2997 2862 3045 con·-

633 3084 958 3158 trahentis
1015 3109 1340 3184 corpore3
1398 3112 1561 3184 ergo
1611 3087 1933 3185 distingui
1990 3088 2222 3187 nequit
2271 3095 2612 3186 tamquam
2664 3112 2775 3161 res
2823 3112 2864 3159 a

634 3223 708 3272 re
753 3215 1131 3273 contractus
1192 3201 1360 3275 ratio
1401 3229 1442 3274 a
1490 3203 1748 3276 ratione
1792 3203 2219 3290 sacramenti,
2259 3218 2326 3276 et
2357 3218 2702 3301 tamquam
2754 3228 2866 3274 en-

629 3318 791 3387 titas
842 3315 928 3387 ab
977 3318 1240 3390 emitote
1292 3318 1361 3389 in
1412 3318 1772 3392 connubiis
1822 3318 2240 3393 christianis.

653 3491 656 3496 .
779 3431 1117 3504 Rursum:
1176 3433 1247 3505 id
1297 3433 1372 3505 fit
1421 3448 1945 3520 sacramentum,
2002 3433 2185 3532 quod
2232 3457 2313 3505 ex
2364 3431 2615 3505 Christi
2667 3431 2865 3509 insti-e

631 3549 923 3635 tutione,
968 3564 1035 3621 et
1068 3548 1517 3621 declaratione
1550 3547 1853 3647 Apostoli
1892 3548 2143 3648 Ephes.
2177 3549 2252 3620 V.
2279 3562 2548 3622 auctum
2584 3564 2692 3621 est
2724 3572 2869 3643 gra·

625 3662 756 3747 tia,
789 3687 868 3735 ao
893 3662 1162 3760 signum
1189 3662 1557 3761 praesefert
1582 3661 2075 3735 coniunctionis
2101 3662 2351 3735 Christi
2378 3659 2685 3735 eiusdem
2714 3685 2867 3734 cum

635 3775 923 3850 ecclesia
960 3804 1121 3864 sua;
1176 3777 1361 3877 atqui
1416 3776 1544 3851 hoc
1595 3802 1729 3851 non
1781 3792 1883 3850 est
1933 3777 2065 3851 nisi
2117 3777 2267 3876 ipse
2316 3791 2694 3850 contractus
2744 3799 2867 3846 seu

636 3891 1010 3986 coniugalis
1060 3893 1221 3966 unio
1255 3919 1296 3965 a
1327 3893 1468 3965 Deo
1514 3893 1664 3991 ipso
1698 3893 1768 3964 in
1805 3892 2122 3991 paradiso
2156 3892 2328 3966 inter
2361 3903 2867 3990 protoparentes

641 4003 964 4075 instituta.
1001 4007 1260 4078 Etenim
1300 4007 1534 4079 Matth.
1569 4008 1740 4078 xlx.
1781 4009 1821 4078 4
1858 4032 2050 4105 seqq.
2095 4006 2263 4079 dixit
2294 4006 2604 4080 Christus
2639 4003 2871 4104 phari·

641 4117 854 4192 saeis:
904 4119 1088 4203 «Qui
1127 4121 1281 4193 fecit
1317 4121 1658 4196 hominem
1711 4121 1798 4194 ab
1850 4122 2042 4194 initio
2092 4121 2466 4195 masculum
2518 4136 2585 4193 et
2635 4118 2871 4192 foemi-

647 4257 797 4302 nam
852 4232 1003 4303 secit
1053 4259 1206 4319 eoa,
1249 4251 1312 4307 et
1355 4237 1560 4308 dixit:
1628 4252 1895 4337 propter
1956 4237 2083 4311 hoc
2143 4237 2431 4310 dimittet
2489 4236 2691 4309 homo
2751 4258 2872 4332 pa-

644 4365 805 4418 trem
860 4364 923 4420 et
974 4363 1275 4436 matrem,
1320 4367 1382 4421 et
1421 4349 1809 4422 adhaerebit
1858 4352 2046 4423 uxori
2109 4379 2307 4439 suae,
2365 4370 2429 4437 ct
2481 4367 2675 4424 erunt
2737 4349 2871 4420 duo
