3276 5083
551 454 693 519 mr.
720 466 808 518 ιν.
835 465 914 516 nn
947 465 1186 519 Ancon.
1210 466 1326 519 rao
1361 466 1518 519 rear
1554 465 1633 517 na
1666 465 1858 520 uara.
1884 465 2011 519 cxv.
2043 467 2186 518 aar.
2222 468 2317 520 ιιι.
2430 444 2565 519 ⁴35

356 587 657 686 regimen
704 585 941 673 civile,
989 586 1049 660 si
1083 585 1244 660 velit
1292 586 1416 659 rite
1463 574 1690 660 officio
1742 611 1866 660 suo
1915 585 2146 682 fungi,
2188 584 2303 659 ubi
2339 585 2572 683 religio

354 701 688 776 catholica
739 717 841 775 est
899 700 1005 775 lex
1064 701 1250 799 regni
1299 700 1403 775 vel
1457 699 1862 801 reipublicae
1893 758 1909 787 ,
1966 701 2217 775 efficiat
2258 716 2332 774 ut
2383 727 2426 775 a
2474 702 2573 774 ci-

356 816 557 890 vibus
609 802 728 903 ea,
786 841 963 914 quae
1002 814 1089 887 ad
1133 812 1524 911 religionem
1561 829 1902 915 spectant,
1945 830 2314 887 serventur.
2355 814 2567 886 Debet

355 929 540 1002 enim
581 944 878 1028 potestas
915 927 1134 1002 civilis
1175 928 1500 1002 ecclesiae
1534 943 1804 1027 praesto
1830 954 1983 1002 esse
2008 928 2076 1000 in
2106 928 2192 1001 iis
2222 928 2561 1014 omnibus,

358 1068 536 1143 quae
585 1042 730 1115 eius
789 1042 1086 1115 muneris
1137 1058 1345 1130 sunt,
1400 1057 1467 1115 et
1524 1040 1610 1115 ab
1663 1040 1814 1141 ipsa
1863 1041 2076 1142 poscit
2127 1040 2436 1114 ecclesia.
2497 1041 2566 1112 Si

356 1182 581 1230 sermo
631 1158 719 1230 sit
768 1157 853 1230 de
903 1155 1134 1257 aliqua
1201 1156 1556 1230 statuenda
1612 1155 1761 1254 lege
1828 1157 2006 1230 circa
2070 1156 2569 1230 matrimonium

356 1272 480 1343 sub
521 1299 734 1371 poena
780 1273 1147 1357 nullitatis,
1198 1287 1377 1344 certe
1419 1269 1642 1344 civilis
1692 1271 2052 1344 auctoritas
2101 1285 2389 1344 statuere
2424 1296 2568 1342 eam

356 1412 492 1459 non
526 1402 781 1487 potest,
827 1413 978 1460 cum
1015 1386 1143 1460 hoc
1178 1387 1455 1460 excedat
1492 1385 1742 1460 limites
1782 1385 2086 1459 eiusdem
2131 1386 2564 1471 auctoritatiS,

359 1514 577 1601 potest
623 1525 782 1575 vero
832 1501 1064 1601 utique
1111 1516 1178 1574 et
1225 1501 1424 1574 debet
1485 1499 1703 1599 legem
1763 1500 2093 1575 eiusmodi
2146 1499 2231 1573 ab
2281 1499 2569 1574 ecclesia

358 1614 561 1689 iatam
610 1616 793 1689 omni
844 1616 1184 1717 praesidio
1241 1641 1510 1690 servare
1557 1641 1635 1689 ac
1693 1599 1892 1688 tueri.

502 1731 661 1804 Ideo
693 1756 851 1804 vero
898 1730 1034 1805 dici
1088 1731 1321 1831 nequit
1371 1730 1764 1816 haereticus,
1814 1744 1931 1804 aut
1970 1730 2419 1804 schismaticus
2453 1730 2569 1830 qui

358 1859 536 1919 tenet
571 1845 945 1919 doctrinam
981 1845 1069 1919 de
1107 1847 1511 1944 separatione
1548 1871 1685 1947 seu
1734 1843 1821 1917 de
1867 1845 2357 1947 separabilitate
2398 1844 2572 1917 inter

359 1973 769 2030 contractum
828 1973 895 2030 et
945 1974 1435 2031 sacramentum
1464 2016 1479 2045 ‚
1537 1958 1700 2057 quia
1748 1957 1932 2031 nulla
1981 1957 2110 2032 hac
2157 1957 2244 2031 de
2294 1985 2365 2032 re
2413 1958 2574 2031 data

359 2068 486 2142 fuit
514 2096 831 2170 expressa
864 2096 946 2145 ac
978 2071 1276 2145 formalis
1305 2071 1391 2144 ab
1418 2070 1707 2145 ecclesia
1737 2070 2062 2145 definitio.
2109 2071 2347 2144 Verum
2391 2072 2573 2145 eius-

356 2183 540 2256 modi
577 2184 989 2259 definitionis
1029 2186 1337 2259 defectus
1373 2211 1506 2260 non
1548 2185 1831 2285 impedit
1864 2185 2223 2285 quominus
2272 2185 2573 2260 doctrina

354 2296 491 2371 dici
560 2323 693 2371 non
743 2298 983 2372 debeat
1029 2300 1245 2397 salsa,
1304 2324 1567 2372 erronea
1614 2314 1682 2372 et
1730 2298 2053 2374 ecclesiae
2101 2298 2445 2374 doctrinae
2493 2324 2574 2373 ac

356 2405 543 2511 praxi
592 2413 923 2484 contraria
945 2468 962 2495 ,
1004 2429 1071 2485 et
1103 2413 1220 2512 qui
1271 2438 1420 2487 eam
1469 2412 1852 2513 profitetur,
1911 2416 2289 2488 temerarius
2309 2469 2327 2498 ,
2372 2431 2573 2513 atque

360 2552 403 2600 a
452 2553 771 2624 germana
820 2524 1145 2601 ecclesiae
1193 2527 1565 2603 catholicae
1612 2527 1920 2603 doctrina
1969 2526 2255 2603 alienus.
2304 2530 2575 2603 Praeter

354 2641 673 2727 haeresis,
709 2658 825 2715 aut
854 2644 1223 2717 schismatis
1274 2660 1465 2718 notas
1491 2702 1507 2731 ,
1565 2642 1794 2743 plures
1841 2643 2018 2716 ‘aliae
2068 2644 2415 2718 censoriae
2459 2670 2572 2717 no-

356 2771 462 2830 tae
489 2751 610 2830 seu
637 2783 964 2832 censurae
1013 2773 1171 2832 sunt
1222 2758 1471 2858 quibus
1522 2759 2055 2866 propositiones,
2090 2774 2205 2833 aut
2228 2758 2572 2833 doctrinae

359 2886 709 2958 notantur,
762 2898 865 2945 ex.
917 2899 1018 2970 gr.
1052 2872 1131 2945 do
1181 2872 1433 2945 haeresi
1464 2889 1833 2972 suspectae,
1895 2873 2146 2946 haeresi
2182 2877 2560 2973 prooeimae,

358 2987 680 3083 sapientes
720 2985 1033 3060 haeresim
1050 3043 1067 3072 ,
1120 2989 1493 3062 temerariae
1514 3042 1534 3074 ,
1594 3014 1893 3062 erroneae
1939 3005 2059 3061 etc.

498 3099 728 3197 Neque
784 3099 870 3173 ad
927 3099 1058 3175 hoc
1112 3102 1491 3176 necessario
1540 3102 1901 3203 requiritur
1947 3102 2212 3177 concilii
2264 3128 2571 3176 oecume-

359 3211 492 3287 nici
555 3213 951 3302 declaratio,
1007 3242 1214 3315 quum
1265 3243 1396 3291 non
1449 3217 1673 3291 minus
1723 3217 1812 3292 sit
1861 3216 2237 3291 infallibilis
2285 3217 2569 3293 ecclesia

356 3326 669 3427 dispersa
694 3386 710 3415 ,
767 3355 968 3428 quam
1020 3329 1091 3402 in
1143 3330 1430 3405 concilio
1477 3347 1899 3429 congregata.
1955 3332 2291 3406 Romanus
2351 3334 2571 3431 ponti-

357 3441 464 3514 fex
511 3441 837 3518 ecclesiae
885 3460 1088 3543 caput
1137 3445 1301 3519 satis
1353 3462 1579 3546 aperte
1626 3439 2000 3520 innumeris
2053 3471 2260 3547 prope
2309 3447 2568 3521 actibus

359 3580 582 3630 veram
632 3558 955 3632 ecclcsiae
1005 3559 1133 3634 hac
1180 3560 1267 3635 de
1317 3587 1388 3634 re
1437 3562 1746 3662 exposuit
1794 3561 2204 3649 doctrinam,
2236 3578 2311 3636 ut
2340 3588 2420 3636 ex
2471 3564 2570 3637 al·-

360 3669 514 3745 latis
559 3672 975 3747 documentis
1015 3679 1295 3749 constat.
1350 3677 1484 3750 Nec
1526 3676 1809 3776 proinde
1845 3703 2118 3752 necesse
2159 3693 2294 3767 est,
2335 3691 2409 3752 ut
2440 3678 2567 3752 bac

358 3783 443 3857 de
491 3810 698 3860 causa
748 3788 1131 3862 immutetur
1179 3790 1735 3889 iurisprudentia.

501 3901 611 3975 Sic
659 3929 828 4002 opus
880 3905 1131 4002 pariter
1195 3930 1328 3979 non
1397 3920 1500 3979 est
1566 3906 1973 3981 constituere
2029 3922 2104 3980 ut
2163 3905 2379 3981 solum
2430 3933 2570 3981 ma-

360 4016 743 4091 trimonium
793 4032 1042 4103 ratam,
1100 4045 1233 4094 non
1284 4036 1501 4094 autem
1552 4047 1720 4094 mere
1774 4023 2163 4121 legitimum,
2220 4038 2295 4095 ut
2349 4038 2570 4097 orato-

360 4128 451 4205 ris
504 4130 734 4231 phrasi
788 4148 1089 4220 utamur,
1148 4134 1473 4233 producat
1521 4134 1801 4210 effectus
1851 4136 2108 4209 civiles.
2154 4136 2348 4222 Quod
2384 4137 2563 4208 enim

358 4263 627 4320 vocatur
673 4273 855 4321 mere
912 4248 1280 4347 legitimum
1307 4307 1324 4337 ‚
1395 4276 1524 4325 non
1575 4265 1680 4325 est
1739 4276 1969 4325 verum
2033 4252 2554 4326 matrimonium.

359 4359 654 4437 Viderint
687 4389 885 4464 porro
918 4364 1492 4441 administratores
1527 4366 1712 4464 regni
1749 4365 1852 4440 vel
1896 4364 2300 4466 reipublicae
2341 4365 2566 4441 catho-

2375 4482 2419 4526 ᾗ.
