3276 5083
706 413 842 484 286
1067 435 1191 485 m.
1230 434 1278 482 1.
1319 433 1531 486 sterio
1580 434 1837 485 Διτιω.
1880 434 1959 485 ns
1993 434 2253 487 numu.
2296 434 2507 489 emti.

701 554 796 627 ita
827 567 893 625 et
916 549 1443 651 'pseudopolitici
1495 549 1698 623 veluti
1749 552 2017 648 agmine
2063 552 2236 627 facto
2282 569 2511 626 contra
2535 572 2751 626 =verae
2798 581 2904 630 re-

697 665 965 762 ligionis
1013 665 1434 738 intemeratas
1500 663 1684 761 leges
1751 666 2159 765 conspirant.
2225 667 2324 739 Ex
2381 667 2509 740 hoc
2570 685 2902 743 venenato

698 781 1074 879 infectoque
1107 781 1286 853 fonte
1324 781 1594 877 agnosci
1630 780 1826 854 debet
1857 780 2137 854 facilitas
2172 781 2322 867 illa,
2363 806 2539 880 quae
2573 781 2642 853 in
2677 782 2904 880 publi-

697 895 798 968 cis
822 894 1109 968 comitiis
1137 895 1269 965 iam
1295 894 1379 966 ab
1405 894 1661 992 aliquot
1685 894 1878 968 annis
1905 895 2196 968 cernitur
2231 895 2556 994 probandi
2581 896 2902 995 adoptan-

698 1005 904 1105 dique
941 1007 1151 1104 leges,
1204 1033 1375 1105 quae
1424 1024 1654 1104 aperta
1697 1009 1909 1081 fronte
1958 1009 2259 1105 religioni
2311 1036 2390 1083 ac
2439 1010 2737 1085 iustitiae
2777 1011 2900 1084 ad-

695 1136 1078 1208 versantur,
1118 1146 1359 1217 magno
1406 1147 1559 1194 cum
1610 1122 2043 1196 honestorum
2091 1124 2336 1198 civium
2388 1124 2784 1198 detrimento
2817 1152 2896 1199 ac

696 1261 1016 1311 moerore.
1064 1238 1229 1309 Nam
1279 1237 1458 1309 haud
1510 1237 1705 1336 pauci
1741 1264 1823 1310 ex
1857 1238 1944 1311 iis
1996 1239 2188 1337 ipsis,
2243 1240 2359 1338 qui
2410 1240 2678 1313 comitia
2728 1241 2898 1314 haec

696 1350 969 1451 publica
1006 1352 1436 1440 constituunt,
1478 1366 1594 1425 aut
1623 1352 1996 1425 clanculum
2034 1368 2149 1427 aut
2200 1370 2422 1453 aperte
2471 1356 2895 1453 protestanti-

696 1466 857 1553 bus,
910 1467 1373 1540 communistis
1407 1492 1487 1541 ac
1521 1467 1882 1542 socialistis
1924 1467 2186 1553 favent;
2231 1470 2430 1542 immo
2481 1494 2603 1541 nec
2648 1469 2898 1544 desunt

695 1607 779 1653 ex
826 1580 916 1655 iis
942 1638 958 1667 ‚
1014 1582 1132 1681 qui
1182 1582 1268 1653 ad
1319 1580 1581 1654 illorum
1632 1598 1881 1654 sectam
1933 1583 2325 1679 pertineant.
2387 1583 2562 1668 Quid
2611 1584 2893 1681 proinde

693 1695 933 1767 mirum
961 1749 977 1779 ,
1047 1695 1107 1767 si
1171 1694 1499 1767 eiusmodi
1569 1695 2023 1768 sectariorium
2074 1696 2408 1769 doctrinas
2469 1697 2886 1796 approbent,

695 1808 1087 1905 foveamque
1134 1832 1556 1906 quacumque
1605 1807 1860 1880 ratione
1907 1808 2232 1905 possunt?
2276 1810 2343 1881 Si
2389 1810 2504 1909 qui
2556 1811 2681 1884 viri
2733 1837 2890 1885 vere

696 1922 896 1996 fortes
948 1922 1018 1993 in
1069 1921 1398 1996 eiusmodi
1448 1922 1740 1995 comitiis
1790 1948 1870 1996 ac
1917 1924 2224 2019 generosi
2275 1925 2727 2022 reperiuntur,
2769 1929 2889 2026 qui

694 2037 1075 2135 propositae
1121 2036 1252 2133 legi
1296 2037 1657 2125 obsistant,
1700 2053 2137 2138 tueanturque
2172 2039 2513 2138 religionis
2550 2041 2733 2129 iura,
2772 2042 2890 2114 de·-

693 2151 992 2226 ridentur
1020 2209 1039 2239 ‚
1113 2152 1577 2240 exsibilantur,
1635 2171 1835 2253 atque
1885 2182 1926 2228 a
1980 2154 2403 2229 multitudine
2465 2155 2831 2231 obruuntur
2862 2216 2878 2242 ,

692 2292 869 2366 quae
902 2293 1104 2365 saepe
1129 2268 1212 2339 ad
1238 2268 1419 2341 hunc
1454 2268 1654 2342 finem
1691 2270 1995 2343 mercede
2041 2270 2367 2345 conducta
2400 2286 2537 2359 est,
2578 2297 2885 2371 quaeque

690 2399 1061 2482 opportune
1112 2383 1282 2481 pede
1331 2384 1636 2483 plaudit,
1692 2385 2037 2457 cachinnis
2102 2385 2487 2481 perturbat,
2544 2402 2610 2460 et
2659 2387 2891 2459 incon-

690 2496 854 2570 ditis
902 2497 1178 2572 vocibus
1228 2514 1521 2572 oratores
1555 2498 1642 2572 ad
1678 2498 2016 2573 silentium
2064 2500 2340 2596 redigit;
2390 2524 2750 2599 eorumque
2783 2501 2891 2573 in-

690 2612 950 2684 terdum
999 2611 1409 2684 solidissima
1449 2614 1779 2685 rationum
1825 2629 2157 2686 momenta
2208 2630 2545 2711 tamquam
2599 2617 2891 2687 anteacti

690 2725 898 2799 seculi
934 2740 1001 2798 et
1033 2725 1413 2821 retrogada‚
1452 2741 1526 2798 ut
1558 2727 1779 2813 aiunt,
1818 2727 2167 2799 hominum
2219 2726 2656 2801 deliramenta
2704 2729 2890 2801 exci-

692 2838 990 2936 piuntur.

834 2952 1092 3027 Interea
1130 2952 1463 3027 societatis
1516 2979 1833 3054 compago
1867 2953 2160 3042 laxatur,
2205 2955 2592 3029 debilitatur
2621 2956 2875 3053 religio,

692 3092 857 3142 sana
906 3067 1126 3140 ethica
1173 3069 1426 3141 maiora
1472 3069 1542 3140 in
1593 3067 1738 3142 dies
1789 3068 2184 3143 detrimenta
2233 3071 2485 3170 patitur
2513 3128 2531 3159 ‚
2586 3097 2881 3146 corrum-

692 3197 940 3283 puntur
968 3207 1217 3269 mores,
1273 3198 1340 3255 et
1388 3183 1564 3281 quod
1617 3209 2035 3282 consequens
2086 3201 2187 3258 est
2217 3241 2233 3272 ,
2290 3185 2692 3258 matrimonii
2727 3210 2881 3258 san-

687 3296 883 3372 ctitas
930 3296 1216 3370 laeditur
1261 3322 1341 3371 ac
1390 3296 1846 3372 labefactatur.
1893 3298 2068 3371 Talis
2118 3311 2220 3372 est
2268 3299 2437 3372 ratio
2468 3357 2483 3386 ‚
2542 3299 2629 3372 oh
2676 3323 2877 3397 quam

689 3409 1168 3485 connubiorum
1202 3438 1383 3485 mere
1415 3412 1709 3485 civilium
1743 3412 2087 3513 proposita
2120 3411 2223 3485 lex
2251 3427 2345 3485 tot
2369 3411 2878 3511 adstipulatores

689 3554 771 3601 ac
792 3527 1094 3600 vindices
1120 3528 1190 3599 in
1217 3528 1551 3601 nonnullis
1588 3528 1971 3624 regionibus
2005 3527 2094 3600 sit
2125 3527 2389 3626 adepta,
2421 3544 2489 3601 et
2512 3537 2718 3626 quare
2743 3544 2876 3600 tam

690 3643 932 3717 ardens
954 3641 1178 3714 adhuc
1205 3642 1275 3713 in
1302 3643 1640 3744 plerisque
1654 3644 1899 3716 ferveat
1922 3668 2080 3740 erga
2102 3641 2312 3740 legem
2340 3642 2521 3715 illam
2549 3642 2868 3716 studium.

832 3756 1046 3855 Atque
1094 3773 1166 3829 ut
1210 3756 1359 3830 vela
1415 3758 1548 3829 iam
1610 3759 2110 3845 contrahamus,
2165 3782 2245 3830 ex
2294 3757 2493 3830 dictis
2542 3756 2878 3831 evidenter

686 3886 980 3956 constat,
1022 3870 1245 3943 civilia
1279 3872 1590 3968 coniugia
1614 3929 1630 3958 ,
1674 3898 1954 3970 quorum
1992 3873 2206 3970 prima
2240 3872 2310 3942 in
2345 3869 2879 3969 protestantismo

687 3984 1209 4084 deprehenditur
1266 3986 1450 4083 origo
1474 4044 1490 4071 ‚
1547 3985 1616 4057 in
1677 3986 1980 4083 regiones
2046 3985 2520 4059 catholicorum
2580 4010 2658 4056 ex
2718 3983 2878 4054 irre·

689 4098 929 4194 ligioso
978 4100 1443 4173 communismi
1495 4125 1573 4172 ac
1622 4098 1982 4173 socialismi
2045 4098 2286 4198 spiritu
2346 4096 2745 4198 propagari,
2800 4118 2880 4168 ac

687 4210 984 4285 vicissim
1020 4213 1242 4287 civilia
1281 4215 1593 4313 coniugia
1645 4212 2071 4314 propagando
2121 4214 2534 4312 fovendoque
2583 4236 2876 4287 commu-

685 4328 909 4404 niumo
953 4354 1033 4402 ac
1081 4330 1458 4405 socialismo
1508 4355 1638 4404 non
1689 4354 1923 4429 parum
1972 4330 2288 4403 conterre.
