3276 5083
675 425 762 496 46
870 478 875 481 -
1059 446 1181 497 ιιι.
1227 447 1274 496 ι.
1316 446 1487 497 secr.
1532 450 1578 497 1.
1623 448 1702 497 nr.
1755 447 2018 499 unum.
2064 444 2497 499 smutturam

669 572 1066 644 sacramenti
1089 628 1106 659 ,
1160 596 1336 671 quae
1386 574 1629 671 iugiter
1663 576 1731 647 in
1765 576 2050 649 ecclesia
2089 572 2461 647 christiana
2496 592 2617 643 seu
2661 569 2894 643 catho-

668 684 800 761 lica
843 687 1056 783 viguit
1087 701 1152 760 et
1185 688 1477 783 obtinuit¹
1511 693 1737 786 (119).

815 800 991 887 Quid
1044 802 1360 876 nimirum
1388 863 1403 891 ,
1462 806 1519 878 si
1572 804 1889 879 haeretici
1940 831 2071 878 non
2123 802 2556 903 acquiescant
2598 799 2764 873 huie
2791 798 2899 871 bi-

668 914 886 989 blicae
934 917 1355 1015 probationi,
1413 920 1471 992 si
1524 918 1658 992 alia
1709 920 1911 993 etiam
1961 916 2171 991 multo
2219 915 2545 990 validiora
2587 914 2901 987 reiiciunt

668 1029 916 1105 biblica
967 1032 1345 1105 testimonia
1367 1091 1381 1120 ,
1425 1060 1598 1131 quae
1631 1051 1859 1132 aperte
1892 1034 2061 1107 adeo
2097 1031 2292 1105 nobis
2326 1030 2666 1104 veritatem
2700 1028 2896 1100 exhi-

669 1145 830 1218 bent
861 1163 1231 1220 ceterorum
1267 1164 1837 1221 sacramentorum
1863 1207 1879 1235 ,
1910 1175 2088 1247 quae
2112 1162 2333 1220 tamen
2369 1145 2542 1244 ipsis
2576 1168 2893 1242 respuere

670 1261 924 1358 placuit
972 1263 1247 1360 propria
1295 1263 1595 1362 ipsorum
1648 1264 1956 1360 exegesi,
2016 1263 2180 1362 quin
2231 1262 2553 1334 rationem
2603 1257 2894 1331 habeant

674 1373 884 1447 ullam
947 1377 1291 1449 unanimis
1349 1402 1724 1451 consensus
1783 1377 1984 1450 totius
2034 1375 2448 1475 antiquitatis
2482 1372 2519 1444 Y
2567 1373 2895 1453 Nimirum

670 1490 809 1589 ipsi
861 1491 1051 1589 prius
1093 1518 1173 1563 ex
1215 1492 1476 1589 privato
1523 1517 1732 1565 sensu
1780 1492 2328 1590 interpretantur,
2369 1515 2490 1562 seu
2525 1488 2752 1588 potius
2785 1487 2898 1560 de-

668 1621 979 1703 torquent
1019 1607 1430 1704 Scripturas,
1491 1608 1561 1679 in
1609 1607 1860 1707 quibus
1912 1605 2008 1678 nil
2055 1605 2288 1680 vident
2327 1605 2460 1678 nisi
2502 1602 2683 1702 quod
2720 1601 2893 1701 ipsis

668 1715 951 1805 arridet;
1009 1744 1161 1792 cum
1220 1744 1378 1793 vero
1436 1717 1604 1818 ipsis
1668 1719 2044 1794 seculorum
2094 1719 2390 1794 omnium
2440 1718 2895 1818 interpretatio

668 1830 984 1905 obiicitur
1025 1847 1314 1932 patrum,
1359 1834 1795 1909 conciliorum
1818 1894 1835 1923 ,
1885 1861 2050 1909 rom.
2100 1833 2522 1933 pontificum,
2567 1848 2636 1905 et
2682 1832 2897 1905 eccle-

670 1945 814 2023 siae
868 1947 1223 2021 universae
1279 1974 1522 2022 sensus
1585 1964 1656 2022 et
1710 1950 1938 2050 praxis
1981 2008 1996 2037 ,
2066 1974 2214 2023 eam
2278 1962 2507 2046 utpote
2568 1948 2896 2019 hominum

670 2060 1278 2159 interpretationem
1315 2063 1603 2163 superbe
1640 2080 1964 2163 respuunt
1995 2079 2196 2163 atque
2229 2076 2674 2137 contemnunt.
2711 2060 2891 2147 Quid

671 2200 873 2274 perro
926 2202 1092 2276 agas
1144 2203 1298 2251 cum
1351 2179 1684 2253 eiusmodi
1735 2179 2092 2253 haereticis
2116 2237 2131 2266 ,
2194 2178 2313 2277 qui
2366 2176 2537 2250 nihil
2588 2176 2717 2249 nisi
2768 2202 2894 2250 sua

672 2291 1160 2389 magnifaciunt
1183 2307 1412 2393 utpote
1437 2293 1562 2367 soli
1591 2293 1892 2367 videntes
1910 2352 1925 2381 ,
1957 2294 2118 2364 dum
2144 2292 2386 2365 caeteri
2411 2316 2641 2364 eorum
2665 2290 2896 2363 existi·

667 2408 961 2482 mationa
1009 2423 1077 2482 et
1127 2409 1378 2482 iudicio
1430 2410 1703 2483 totidem
1753 2409 1932 2483 caeci
1974 2406 2180 2482 sunt?
2228 2407 2365 2507 Ipsi
2409 2422 2485 2478 ut
2529 2404 2892 2506 plurimum

670 2547 842 2620 pene
908 2522 1247 2597 exclusive
1302 2549 1543 2597 vocum
1610 2524 2079 2622 ethimologias
2155 2536 2622 2598 consectantur
2695 2537 2897 2620 atque

668 2636 1172 2731 grammaticam
1239 2635 1675 2735 philologiam
1712 2695 1728 2726 ,
1786 2639 1882 2711 uti
1943 2664 2022 2710 ex
2075 2663 2304 2711 eorum
2360 2636 2554 2710 libris
2606 2636 2887 2736 patefit;

668 2749 934 2822 interim
982 2749 1269 2848 logicam
1305 2809 1320 2838 ,
1377 2777 1498 2825 seu
1546 2753 1771 2825 verius
1825 2753 2310 2828 traditionalem
2352 2755 2665 2850 exegesin
2701 2752 2932 2829 omit·.

668 2877 852 2950 tunt,
904 2877 1105 2962 atque
1149 2864 1515 2941 catholicos
1565 2867 1913 2940 ut·minus
1964 2866 2216 2965 peritos
2278 2883 2584 2965 exegetas
2637 2868 2891 2965 passim

665 2992 975 3077 carpunt.

819 3092 1038 3191 Atque
1059 3110 1135 3165 ut
1161 3094 1555 3168 insistamus
1583 3096 1652 3167 in
1681 3122 1761 3169 eo
1782 3123 1983 3195 quem
2008 3123 2355 3171 versamus
2383 3111 2562 3169 textu
2585 3096 2888 3195 paulino,

662 3221 1012 3281 autumant
1045 3223 1490 3307 protestantes
1515 3211 1671 3286 ideo
1695 3212 2059 3286 catholicos
2100 3235 2462 3310 agnoscere
2487 3211 2558 3283 in
2583 3210 2893 3307 coniugio

664 3337 1154 3395 sacramentum
1189 3381 1204 3409 ‚
1274 3326 1434 3423 quia
1482 3326 1845 3426 Apostolus
1896 3327 2083 3401 iuxta
2131 3325 2468 3423 ¹vulgatam
2516 3324 2890 3400 versionem

664 3437 974 3537 scripsit:
1031 3439 1525 3512 Sacramentum
1574 3441 1688 3513 hoc
1737 3467 2048 3540 maynum
2097 3457 2227 3526 est,
2287 3468 2418 3514 non
2472 3439 2896 3514 animadver-

664 3569 879 3627 tentes
948 3557 1170 3655 ipsum
1239 3580 1474 3652 graece
1538 3558 1851 3656 posuisse
1897 3542 2342 3654 μυστήριονς
2394 3558 2591 3658 quasi
2655 3581 2896 3656 nempe

665 3666 731 3736 1.
785 3667 1097 3742 catholici
1168 3671 1589 3767 peregrinam
1653 3670 1829 3744 hanc
1897 3672 2323 3769 ignorassent
2386 3671 2886 3756 eruditionem;

664 3782 732 3853 2.
766 3783 1101 3857 nescirent
1144 3784 1422 3884 perinde
1473 3786 1732 3885 passim
1783 3814 1935 3861 esse
1983 3786 2240 3890 graecis
2288 3787 2670 3887 mysterium
2708 3785 2891 3886 quod

662 3912 769 3968 est
800 3896 1026 3973 latinis
1070 3917 1545 3976 sacramentum
1566 3959 1582 3986 ,
1644 3929 1783 4003 qua
1831 3902 2226 3977 sacramenti
2261 3927 2425 3975 voce
2456 3928 2609 3974 cum
2643 3901 2742 3972 illi
2777 3926 2893 3974 ca-

807 4157 942 4219 (ns)
970 4157 1097 4207 Snus
1131 4171 1272 4210 conc.
1306 4160 1629 4212 tridentinum
1670 4163 1781 4224 post
1815 4160 1965 4211 alata
2004 4159 2143 4208 Pauli
2184 4158 2335 4209 verba
2372 4157 2654 4209 immediato
2690 4156 2890 4209 subdit:

658 4257 683 4280 «
703 4239 829 4287 cum
856 4236 1004 4301 igitur
1033 4238 1397 4290 nutrimentum
1429 4242 1480 4290 in
1512 4241 1617 4304 lege
1647 4240 1925 4303 evangelica
1955 4238 2202 4288 veteribus
2231 4238 2490 4289 connubiis
2526 4251 2610 4302 per
2638 4238 2892 4288 christum

662 4316 819 4380 mua
856 4318 1104 4382 praestet,
1145 4317 1324 4368 nerito
1356 4319 1482 4371 inter
1514 4327 1673 4369 novae
1711 4316 1831 4381 legis
1873 4320 2176 4368 momenta
2218 4317 2667 4369 connumerandum
2716 4320 2890 4368 sancti

659 4401 842 4460 patres
873 4400 1067 4460 nostrl,
1100 4397 1327 4448 coneum
1353 4401 1409 4448 et
1439 4396 1759 4449 universatis
1796 4397 2042 4448 eeclesiae
2082 4397 2302 4449 traduco
2338 4410 2528 4461 semper
2565 4397 2887 4447 docuemnt.»
