3276 5083
589 444 730 494 cn.
756 443 800 493 1.
829 442 972 492 aar.
996 441 1066 493 n.
1093 441 1171 492 os
1198 442 1499 493 vamur
1534 442 1797 493 smum.
1824 444 1904 494 rx
1929 442 2150 495 soora.
2177 443 2398 495 scum..
2523 419 2614 495 28

386 588 509 637 cra
576 561 924 636 tractanda
974 561 1297 635 invectam
1366 560 1751 635 methodum
1784 618 1802 648 ,
1857 587 1979 635 seu
2028 564 2253 660 potius
2320 563 2620 664 philoso-

389 678 656 779 phandi
707 677 1052 751 rationem.
1121 677 1332 776 quue
1391 694 1527 751 tam
1586 676 1766 751 circa
1827 694 2319 751 sacramentum
2383 680 2614 779 ipsum

388 793 721 893 coniugii,
774 811 918 867 tum
967 794 1395 893 potissimum
1429 795 1608 869 circa
1642 794 1946 868 naturam
1994 794 2252 892 gratiae
2283 821 2458 895 quae
2489 823 2611 896 per

390 911 523 986 hoo
566 924 1061 984 sacramentum
1111 909 1472 983 confertur.

530 1027 671 1100 Nos
706 1025 994 1100 iniurios
1029 1026 1100 1096 in
1136 1025 1581 1099 scholasticos
1630 1024 1960 1100 eiusmodi
1995 1026 2428 1105 accusatores
2462 1051 2616 1101 esse

376 1141 659 1215 omnino
707 1139 1114 1215 arbitramur
1144 1141 1327 1213 circa
1360 1156 1719 1239 utrumque
1761 1138 2151 1225 articulum3
2191 1138 2398 1241 idque
2427 1141 2616 1215 evin·

379 1258 609 1331 cimus
656 1273 799 1330 tum
848 1284 891 1330 a
939 1257 1182 1356 priori,
1238 1272 1379 1330 tum
1428 1283 1471 1330 a
1520 1254 1899 1355 posteriori.
1942 1256 2000 1328 Α
2047 1255 2255 1354 priori
2290 1257 2606 1356 quidem,

384 1371 557 1470 quia
610 1377 673 1444 1.
708 1371 1026 1445 transitus
1060 1397 1102 1444 a
1136 1370 1441 1470 patribus
1474 1371 1561 1444 ad
1598 1369 2043 1446 scholasticos
2077 1370 2173 1443 ita
2206 1370 2613 1468 pedetentim

388 1486 606 1559 sactus
665 1501 767 1559 est
787 1544 805 1572 ,
876 1502 953 1559 ut
1008 1512 1084 1560 se
1139 1502 1372 1565 mutuo
1435 1486 1836 1586 exceperint.
1889 1486 2029 1559 lam
2078 1486 2259 1560 enim
2307 1501 2618 1586 caeperat

386 1625 560 1676 nova
594 1598 956 1676 methodus
1007 1601 1364 1689 introduci,
1420 1601 1695 1702 quando
1743 1616 2008 1700 patrum
2057 1600 2269 1675 serios
2318 1601 2617 1675 nondum

378 1715 646 1815 expleta
694 1731 839 1790 erat
893 1719 1072 1811 (69);
1116 1715 1419 1815 adeoque
1460 1714 1620 1789 fieri
1671 1741 1804 1790 non
1857 1716 2076 1814 potuit
2130 1732 2205 1789 ut
2270 1715 2384 1789 isti
2441 1716 2614 1790 adeo

379 1829 777 1911 deflexerint
822 1854 866 1902 a
915 1845 1297 1903 sanctorum
1349 1846 1609 1928 patrum
1662 1830 1986 1904 institutis
2034 1845 2111 1902 ut
2159 1853 2402 1904 novam
2435 1830 2614 1904 intu-

382 1943 585 2020 lerint
617 1942 994 2021 doctrinam
1013 2001 1030 2031 ,
1086 1960 1308 2044 neque
1357 1945 1576 2019 solum
1626 1945 1997 2033 diversam,
2037 1945 2161 2025 sed
2210 1947 2614 2021 contrariam

379 2057 479 2132 illi
526 2085 735 2160 quam
785 2076 1011 2160 patres
1058 2060 1497 2137 tradiderunt.
1542 2060 1685 2135 Hoc
1721 2076 1900 2134 certe
1944 2059 2277 2137 absonum
2304 2078 2411 2135 est
2432 2065 2616 2161 cogi·-

378 2189 552 2251 tare.
594 2175 907 2275 Alioquin
942 2175 1012 2246 in
1048 2175 1680 2273 repraehensionem
1712 2177 2091 2250 certissime
2136 2174 2607 2263 incurrissent;

381 2287 569 2374 Quia
619 2291 688 2360 2.
730 2305 988 2364 constat
1018 2315 1137 2364 eos
1173 2290 1243 2362 in
1277 2305 1542 2390 patrum
1593 2290 1881 2364 lectione
1909 2315 2045 2363 non
2088 2289 2259 2363 adeo
2308 2290 2614 2389 hospites

382 2402 637 2490 fuisse,
680 2418 758 2476 ut
786 2404 1240 2501 ignoraverint
1285 2428 1465 2503 quae
1512 2403 1600 2477 ab
1650 2403 1824 2501 ipsis
1875 2403 2141 2477 fuerant
2179 2402 2421 2478 litteris
2453 2428 2616 2479 con·-

374 2518 679 2616 signata:
720 2515 882 2592 hinc
911 2543 1031 2592 eos
1065 2516 1375 2592 videmus
1408 2517 1668 2617 passim
1702 2516 1789 2591 ad
1823 2543 1920 2592 ss.
1956 2516 2353 2616 praesertim
2384 2517 2614 2618 Augu·

379 2633 634 2709 stinum
654 2692 670 2721 ,
728 2627 1213 2733 Hieronymum
1231 2690 1248 2721 ,
1291 2632 1681 2730 Gregorium
1725 2633 2186 2718 M.‚1oannem
2218 2631 2614 2734 Chrysono-

375 2774 561 2822 mum
594 2748 904 2848 aliosque
937 2773 1299 2848 provocare
1329 2750 1508 2843 (70);
1536 2747 1714 2833 Quia
1741 2747 1809 2818 Β.
1832 2746 2135 2826 nonnulli
2169 2772 2252 2821 ex
2283 2748 2371 2824 iis
2405 2748 2606 2848 ipsis,

375 2865 495 2964 qui
520 2864 731 2938 huius
756 2879 1117 2937 temeratae
1137 2863 1486 2936 doctrinae
1498 2861 1679 2938 circa
1694 2857 2079 2959 coniugium
2107 2862 2604 2952 insimulantur,

377 2995 572 3054 erant
614 2979 948 3079 episcopi,
990 2994 1110 3052 aut
1140 2976 1460 3078 praelati,
1518 2977 1638 3077 qui
1669 2993 1868 3051 :certe
1912 2977 2222 3075 ignorare
2256 3003 2390 3054 non
2426 2996 2612 3079 pote-

381 3110 534 3167 rant
579 3094 650 3167 id
701 3094 886 3194 quod
931 3089 1076 3168 erat
1106 3094 1177 3165 in
1212 3119 1344 3168 usu
1392 3093 1790 3193 quotidiano
1838 3093 2132 3192 positum
2158 3149 2175 3180 ,
2230 3093 2607 3169 cuiusmodi

377 3209 705 3309 profecto·
728 3225 874 3283 erat
919 3207 1279 3284 celebratio
1328 3209 1790 3305 coniugiorum
1831 3210 2030 3304 (71),
2077 3214 2147 3281 4.
2182 3208 2359 3295 Quia
2414 3208 2611 3310 plura

381 3351 462 3398 ex
518 3324 692 3411 illis,
744 3350 921 3424 quae
960 3324 1186 3399 adhuc
1233 3340 1596 3424 supersunt
1652 3321 1945 3411 ritualia,
2009 3324 2080 3395 in
2142 3323 2392 3423 quibus
2449 3324 2613 3398 orde

383 3439 667 3514 traditur
715 3438 1268 3515 celebrandorum
1316 3439 1782 3536 coniugiorum
1804 3495 1821 3525 ,
1871 3438 2041 3512 etin
2083 3437 2335 3539 quibus
2386 3453 2612 3537 aperte

528 3617 627 3681 (69)
655 3619 794 3669 Dlxl:
827 3618 1053 3683 caeperat
1086 3631 1226 3668 nova
1259 3617 1535 3669 methodus
1566 3617 1852 3680 introduci,
1892 3630 2009 3668 nam
2040 3616 2084 3668 si
2112 3630 2276 3681 presse
2305 3629 2363 3666 sc
2396 3616 2614 3681 rigoroso

373 3706 526 3750 sm
556 3695 690 3760 loqui
724 3695 968 3759 velimus,
1002 3696 1285 3748 scholasti&
1319 3708 1417 3747 non
1454 3698 1720 3761 caeperunt
1759 3695 1856 3747 nlsl
1883 3698 1997 3760 post
2026 3698 2227 3746 Petrum
2260 3694 2611 3758 bernhardum,

374 3775 464 3840 qni
481 3774 551 3828 ob
566 3774 727 3830 editos
740 3788 857 3832 suos
873 3778 1086 3839 quattuor
1103 3776 1259 3832 libros
1275 3775 1625 3834 seomtisrum
1643 3812 1660 3838 ,
1687 3777 1943 3840 Manum·
1960 3773 2349 3830 cometarum
2368 3774 2466 3830 tuit
2485 3787 2610 3830 m·

371 3857 614 3920 capatus,
645 3855 735 3918 qul
764 3867 883 3906 vero
912 3857 1006 3912 hos
1032 3855 1190 3906 libros
1220 3856 1582 3910 commentariis
1618 3857 1931 3908 illustrarunt
1964 3856 2128 3906 vocati
2160 3859 2277 3906 sunt
2309 3855 2610 3908 scholastici

371 3936 596 3997 respectu
620 3937 887 4002 υιιιιιρίειῊ.
909 3934 962 3986 sl
993 3934 1221 3999 ampliori
1252 3934 1603 3998 significatione
1633 3936 2041 3987 scholasticorum
2070 3945 2248 3985 nomeu
2282 3945 2606 4000 usurpemus,

372 4015 661 4070 mest
680 4014 818 4077 quod
848 4015 992 4079 losse
1027 4017 1143 4070 ante
1170 4015 1758 4080 ungranus-cmm,
1782 4028 1932 4078 cm,
1959 4014 2036 4067 utl
2063 4013 2376 4083 rumim.
2396 4015 2454 4069 ln
2479 4015 2611 4070 noth

372 4091 738 4158 chronologicis
759 4093 840 4144 vel
862 4094 1023 4158 lpsum
1046 4107 1088 4145 s.
1115 4093 1418 4146 Bernardum
1441 4094 1810 4158 praecesserint.

519 4172 623 4238 (7⁰)
653 4172 786 4222 satis
811 4172 887 4221 est
910 4172 1137 4224 manibus
1154 4173 1311 4224 terere
1332 4172 1540 4222 istorum
1559 4171 1818 4222 volumina
1833 4208 1849 4235 ,
1874 4172 1931 4222 ut
1959 4172 2170 4238 quisque
2196 4185 2341 4237 saepe
2360 4172 2464 4224 suls
2490 4171 2611 4236 lpsls

372 4249 533 4301 oenus
552 4248 888 4313 deprehendat
906 4249 1088 4313 passim
1107 4249 1197 4302 hos
1213 4252 1377 4315 patres
1396 4249 1460 4300 ab
1481 4250 1602 4314 lpsls
1623 4249 1828 4315 allcgsrl
1852 4261 1945 4315 pro
1966 4250 2211 4303 substrata
2236 4250 2458 4302 materia.

518 4328 623 4391 (71)
652 4329 796 4379 Tales
818 4327 946 4378 inter
967 4330 1152 4379 ceteros
1180 4329 1377 4381 suerunt
1400 4331 1572 4382 Petrus
1599 4328 1931 4395 Lomhsrdus,
1963 4343 2005 4381 s.
2027 4331 2393 4392 Bonsventura,
2420 4332 2606 4380 Duran-

378 4404 474 4456 dus
488 4443 505 4468 ,
529 4408 707 4457 Petrus
739 4406 1020 4457 Paludanus
1040 4408 1132 4458 etc.
