3276 5083
568 454 707 506 aar.
744 455 790 504 1.
828 452 968 505 Aar-
1001 455 1047 504 1.
1081 453 1161 504 nr.
1194 452 1493 507 vsmrnn
1529 455 1791 508 sAanu.
1817 456 1909 508 nx
1944 458 2117 510 scon.
2152 458 2371 512 noem.
2507 439 2590 511 21

364 574 763 674 coniugium
797 575 969 647 inter
1003 590 1257 672 septem
1292 592 1709 648 sacramenta
1744 575 2204 651 connumerari
2247 583 2393 677 (64)
2426 582 2450 668 ;’
2484 598 2599 656 aut

366 689 462 762 de
513 687 928 773 Cassandro,
986 686 1201 759 dum
1184 714 1253 759 ιιι
1288 687 1774 762 consultatione
1823 690 1945 788 pro
1994 717 2161 788 pace
2210 696 2598 770 auctoritate

375 805 590 878 fretus
622 804 1051 903 potissimum
1085 802 1385 876 Durandi
1420 804 1721 877 insinuat
1752 805 2246 881 matrimonium
2279 835 2411 884 non
2446 812 2598 887 'esse

375 934 867 992 sacramentum
925 919 1196 1046 proprie
1258 916 1510 990 dictum
1567 921 1761 1015 (65);
1820 935 1966 993 aut
1984 919 2071 993 de
2119 924 2596 1001 recentioribus

366 1033 807 1133 quibusdam,
851 1033 966 1132 qui
1006 1034 1496 1106 matrimonium
1550 1034 1721 1107 inter
1780 1052 2222 1111 sacramenta
2252 1059 2600 1117 recensent

362 1147 454 1219 ab
489 1147 775 1221 ecclesia
803 1142 1130 1219 instituta.
1169 1146 1457 1233 Quidam
1489 1148 1669 1221 enim
1698 1151 1925 1223 nescio
1950 1152 2143 1225 cuius
2169 1151 2381 1229 falsae
2404 1158 2593 1255 pacis

361 1289 523 1336 cum
554 1261 1077 1361 protestantibus
1103 1261 1562 1336 conciliandae
1583 1264 1837 1363 cupidi,
1873 1281 2118 1339 temere
2143 1272 2596 1368 excogitarunt

369 1376 704 1450 ecclesiae
748 1375 1151 1450 institutioni
1203 1375 1620 1449 referendum
1656 1402 1809 1450 esse
1842 1398 2329 1453 sacramentum
2365 1387 2593 1458 matri-

366 1492 614 1577 monii;
654 1507 855 1591 atque
904 1490 1239 1583 affirmare
1284 1517 1418 1565 non
1468 1491 1858 1565 dubitarunt
1905 1495 2328 1569 matrimonia
2351 1554 2367 1583 ,
2425 1526 2586 1586 seu,

362 1624 441 1680 ut
467 1602 746 1707 quidam
783 1604 1186 1706 loquuntur,
1229 1606 1584 1682 sollemnia
1619 1607 2043 1684 connubialis
2093 1628 2471 1688 contractus
2507 1615 2592 1689 ab

361 1718 654 1798 eeclesia
687 1724 758 1796 in
795 1724 1143 1797 numerum
1179 1723 1647 1822 primax-iarum
1674 1725 2223 1816 ceremoniarum,
2246 1730 2316 1801 in
2335 1734 2590 1829 partem

359 1839 582 1913 cultus
631 1839 753 1911 Dei
804 1837 1105 1938 publici,
1157 1838 1245 1927 in¹
1279 1856 1845 1913 sacramentorum
1896 1842 2194 1942 systema
2231 1865 2591 1948 assumpta

358 1952 850 2052 fuisse‚'atque
884 1951 1054 2025 adeo
1089 1950 1249 2025 hinc
1282 1953 1719 2052 conspicuum
1756 1955 1979 2044 reddi,
2013 1956 2352 2033 Christum
2386 1963 2592 2037 eccle-

357 2066 503 2140 siae
555 2081 954 2165 potestatem
1004 2067 1274 2141 dedisse
1300 2125 1316 2154 ,
1373 2084 1449 2141 ut
1496 2072 1933 2144 sacramentis
1984 2071 2071 2144 ab
2121 2073 2271 2172 ipso
2322 2074 2589 2151 Christo

360 2182 694 2255 institutis
711 2238 729 2268 ,
755 2180 1232 2282 aliadeinceps
1257 2183 1405 2282 pari
1430 2186 1821 2258 auctoritate
1855 2187 2137 2286 parique
2169 2196 2328 2261 cum
2348 2190 2589 2264 effectu

366 2293 879 2394 superadderet,
917 2296 1114 2396 prout
1163 2298 1532 2397 temporum
1581 2297 1900 2371 adiuncta
1951 2300 2364 2398 postularent
2402 2305 2578 2397 (60).

359 2409 694 2483 Nimirum
719 2436 798 2485 eo
828 2411 1166 2510 progressi
1205 2427 1364 2485 sunt
1394 2412 1670 2511 quidam
1691 2471 1707 2500 ,
1738 2428 1814 2485 ut
1836 2415 2213 2489 assererent
2243 2413 2585 2489 Christum

354 2524 743 2600 immediate
789 2525 924 2600 duo
971 2543 1230 2601 tantum
1295 2545 1714 2602 sacramenta
1775 2528 2153 2605 instituisse
2176 2589 2192 2619 ,
2249 2531 2585 2633 baptisma

351 2642 618 2716 scilicet
665 2660 732 2715 et
776 2643 1292 2731 eucharistiam;
1351 2660 1567 2718 cetera
1590 2704 1605 2731 ,
1665 2670 1744 2718 ac
1795 2647 2184 2721 nominatim
2243 2647 2584 2724 matrimo-

353 2757 540 2830 nium
564 2814 580 2845 ,
632 2758 920 2832 mediate
971 2758 1188 2832 solum
1243 2784 1363 2858 per
1386 2759 1786 2833 ecclesiam.
1847 2759 1945 2833 lta
1997 2761 2268 2861 quidem
2329 2764 2584 2863 impru-

352 2872 589 2947 dentes
621 2872 1103 2972 liberioresque
1136 2872 1424 2970 theologi
1463 2873 1785 2974 putabant
1810 2900 1885 2947 se
1909 2873 2106 2948 facile
2132 2903 2332 2976 posse
2358 2880 2445 2952 ad
2472 2906 2581 2952 ec-

505 3112 605 3175 (⁶⁴)
635 3113 1221 3177 opp.e‹1„1,ugn.‚satav.
1252 3117 1386 3165 uus.
1410 3115 1549 3165 tomo
1575 3117 1662 3165 vi.
1685 3115 1781 3165 ωι.
1806 3120 1919 3176 suo,
1941 3113 2026 3165 um
2052 3116 2312 3179 postqum
2342 3103 2585 3167 maanus

352 3192 819 3256 ests.Angustinnm
840 3204 1014 3243 vocem
1039 3195 1364 3244 sacramenti
1386 3206 1647 3257 usurpasse
1668 3207 1727 3244 eo
1750 3193 1800 3243 in
1827 3206 1971 3245 sensu
2003 3207 2105 3257 quo
2136 3207 2226 3244 nos
2250 3208 2309 3246 ea
2333 3195 2580 3253 nunenti·

352 3285 489 3334 mur,
507 3273 559 3322 et
576 3272 839 3336 postquam
869 3268 1116 3323 silentium
1139 3269 1351 3323 auctoris
1370 3286 1572 3337 operum
1591 3286 1720 3337 quae
1738 3272 1831 3324 sub
1853 3274 2073 3337 Dionysii
2099 3273 2297 3325 nomine
2324 3274 2576 3324 circumre-

349 3353 558 3414 nntnr,
591 3347 863 3415 notaverit,
886 3347 1079 3402 subdit:
1116 3371 1141 3396 ιι
1156 3351 1321 3410 Quum
1350 3353 1426 3402 tot
1456 3352 1789 3406 voluminibus
1808 3355 2074 3404 tractatum
2096 3356 2162 3405 sit
2180 3354 2244 3405 de
2262 3355 2575 3405 matrimonio

354 3429 439 3479 vel
466 3443 497 3480 a
525 3431 713 3494 graecis
741 3431 821 3481 vel
851 3439 885 3481 a
913 3430 1110 3493 latinis,
1141 3430 1309 3481 nullus
1350 3433 1426 3481 eet
1452 3431 1591 3482 locus
1621 3432 1754 3484 unde
1782 3432 1970 3497 liqueat
1995 3432 2110 3484 illos
2138 3432 2417 3495 coniugium
2450 3433 2576 3483 inter

357 3508 546 3571 septem
571 3511 873 3560 saaementa
896 3522 1327 3560 commemorare-
1347 3508 1535 3560 Deinde
1558 3509 1731 3575 agendi
1759 3512 1999 3561 rationem
2027 3503 2167 3574 urget
2196 3511 2466 3574 Ioviniani,
2491 3511 2577 3576 qui

353 3585 486 3635 inter
507 3585 664 3636 eota-a
680 3590 989 3650 argumenta,
1014 3583 1196 3651 quibus
1214 3601 1365 3652 supra
1383 3587 1713 3651 virginitatem
1739 3587 1961 3640 attollere
1985 3590 2159 3640 nititur
2185 3590 2572 3654 matrimonium,

350 3662 506 3714 huius
522 3662 768 3729 dignitatis
787 3667 1082 3717 mentionem
1112 3666 1299 3718 nnllam
1325 3667 1507 3718 iniecit.
1529 3671 1690 3726 Quam
1712 3667 1833 3719 falsa
1861 3669 1927 3720 sit
1953 3669 2112 3733 prima
2140 3668 2246 3719 eins
2274 3669 2478 3722 assertio
2513 3681 2575 3720 ex

351 3741 519 3793 allatis
539 3755 570 3794 a
594 3743 735 3794 nobis
769 3745 1076 3796 documentis
1118 3744 1310 3796 abunde
1348 3746 1556 3797 constat.
1589 3746 1763 3805 Quoad
1793 3747 2101 3797 Iovinianum
2145 3748 2349 3811 attinet,
2390 3748 2573 3798 sufficit

346 3822 738 3876 animadvertere
752 3860 770 3887 ‚
801 3822 908 3876 eins
932 3823 1311 3888 disputationem
1341 3826 1582 3876 versatam
1611 3825 1764 3877 tiniae
1793 3826 1919 3877 inter
1946 3828 2150 3878 statum
2165 3828 2217 3877 et
2236 3828 2457 3890 statum,
2477 3839 2577 3877 non

345 3904 509 3953 auten
537 3903 671 3954 eirca
700 3905 884 3964 ritum,
918 3917 1020 3968 quo
1049 3906 1138 3955 aut
1162 3904 1415 3967 virginitas
1447 3907 1539 3955 eut
1568 3906 1854 3969 coniugium
1883 3907 2212 3956 consecratur.

498 3982 603 4045 (65)
630 3983 769 4033 Inter
804 3996 918 4048 opp.
947 3982 1108 4034 Grotii
1139 3981 1422 4045 Theologic.
1444 3984 1526 4036 ed.
1541 3985 1842 4038 Amataelod.
1867 3989 2005 4037 1679.
2026 3987 2148 4036 tom.
2172 3987 2259 4038 111.
2281 4000 2330 4050 p.
2349 3990 2457 4039 579.
2480 3988 2570 4037 Ta·

345 4063 427 4114 eet
446 4076 565 4115 vero
578 4062 853 4115 emender
881 4063 974 4115 hec
1002 4064 1110 4128 ipsa
1137 4063 1202 4114 de
1229 4075 1396 4126 cansa,
1412 4064 1470 4114 ut
1489 4077 1644 4128 nuper
1666 4066 1899 4127 vidimus,
1915 4064 2204 4116 Dur-andum
2226 4068 2279 4118 in
2304 4066 2574 4130 posteriore

344 4141 563 4195 edium
591 4143 778 4195 ussum
808 4155 914 4194 esse
941 4143 1310 4195 matrimonium
1336 4155 1442 4194 esse
1465 4146 1843 4207 sacramentnm,
1860 4144 1982 4207 quin
2000 4143 2066 4195 de
2088 4144 2290 4198 haeresi
2314 4145 2456 4199 mate
2473 4159 2570 4198 aa·

344 4220 556 4284 diem,
590 4222 1108 4273 attestetnsDomin.
1135 4221 1475 4275 asotoinlo.
1504 4221 1622 4274 dist.
1648 4228 1730 4273 26.
1759 4235 1810 4286 q.
1839 4229 1885 4273 2.
1909 4225 2004 4278 art.
2027 4231 2073 4276 3

488 4302 593 4366 (66)
622 4304 697 4353 lta
726 4301 972 4354 Oberthur
1001 4303 1053 4353 in
1083 4316 1175 4355 sus
1201 4303 1340 4358 Idea
1373 4302 1566 4355 biblica
1607 4301 1853 4356 “clauae
1880 4306 1995 4357 Det.
2024 4305 2288 4359 Solitbuci
2325 4311 2458 4357 1828.
2483 4299 2565 4355 ed.

344 4395 451 4438 nee.
471 4384 573 4434 voi.
597 4385 687 4434 111.
714 4396 825 4449 pag.
848 4390 940 4435 216
961 4397 1067 4448 seq.
