3276 5083
716 492 853 562 154
1050 514 1171 563 m.
1217 515 1261 563 ι.
1306 514 1476 564 sacr.
1523 515 1566 563 ι.
1610 515 1690 563 ns
1739 514 1997 564 unam.
2051 510 2478 562 sAannsmc.

713 633 1023 706 Actorum
1076 658 1135 705 s.
1169 631 1431 705 Caroli:
1473 631 1851 730 «Quinque
1897 630 2240 703 dumtaxat
2287 654 2441 702 esse
2476 648 2926 719 sacramenta,

714 775 891 849 quae
928 747 1262 849 parochus
1297 774 1377 820 ex
1413 747 1636 821 officio
1678 746 2138 818 administrare
2184 760 2421 843 potest,
2480 745 2925 846 baptismum,

712 864 1189 938 eucharistiam
1219 859 1251 949 ,’
1291 861 1764 963 poenitentiam
1791 920 1805 948 ,
1863 863 2383 946 matrimonium,
2441 876 2507 934 et
2563 879 2925 936 extremam

709 981 1163 1054 unctionem.»
1210 979 1387 1052 Haec
1449 980 1627 1052 enim
1694 978 1960 1077 aliaque
2008 977 2336 1050 eiusmodi
2407 979 2701 1078 profecto
2763 977 2931 1052 nihil

714 1095 897 1169 aliud
943 1094 1359 1192 significant,
1405 1120 1606 1193 quam
1652 1092 1925 1192 parochi
1961 1118 2204 1165 munus
2247 1118 2400 1165 esse
2441 1092 2924 1166 cohonestandi

712 1211 986 1310 nuptias
1016 1211 1146 1283 ritu
1188 1234 1404 1296 sacro,
1431 1224 1627 1307 prout
1662 1209 1732 1279 in
1768 1207 2053 1281 ecclesia
2088 1207 2231 1279 fieri
2267 1208 2636 1280 consuevit.
2670 1209 2810 1281 Nec
2836 1235 2928 1281 re-

714 1325 841 1399 fert
884 1325 1064 1425 quod
1120 1325 1204 1399 de
1247 1324 1822 1397 administratione
1865 1322 2271 1395 matrimonii
2317 1322 2386 1393 in
2444 1322 2554 1396 his
2588 1348 2812 1398 sermo
2851 1324 2937 1398 sit

708 1441 987 1542 perinde
1026 1467 1105 1513 ac
1147 1441 1231 1513 de
1273 1439 1849 1512 administratione
1900 1455 2263 1511 ceterorum
2319 1439 2921 1524 sacramentorum;

710 1556 1044 1656 siquidem
1105 1556 1172 1627 in
1225 1580 1432 1627 sensu
1493 1553 1957 1638 accommcdc‚
2013 1569 2088 1625 ut
2139 1554 2373 1638 aiunt,
2430 1552 2710 1650 intelligi
2765 1553 2952 1627 haec

705 1671 952 1743 debent
1000 1697 1119 1771 pro
1171 1669 1470 1743 subiecta
1520 1670 1827 1756 materia,
1871 1669 2049 1740 utin
2088 1668 2396 1768 pluribus
2438 1668 2592 1742 aliis
2639 1670 2784 1742 fieri
2823 1696 2924 1742 sc-

705 1785 797 1860 let
828 1787 1003 1881 (32).
1039 1786 1211 1858 Sane
1248 1811 1464 1884 neque
1490 1784 1795 1857 Clemens
1822 1785 1988 1855 vlu.
2026 1812 2241 1884 neque
2284 1784 2534 1858 Paulus
2569 1785 2675 1872 V.‚
2711 1811 2928 1885 neque

708 1926 766 1973 S.
802 1900 1081 1975 Carolus
1121 1901 1562 1974 Borrhomeus
1599 1927 1917 2000 umquam
1943 1917 2347 1973 censuerunt
2381 1900 2775 2000 parcebam,
2812 1928 2929 1973 seu

707 2016 1119 2090 sacerdotem
1163 2015 1491 2089 conficere
1533 2031 2022 2089 sacramentum
2064 2016 2513 2102 matrimonii,
2564 2041 2718 2089 cum
2758 2015 2924 2089 haec

711 2131 1040 2206 sententia
1081 2131 1266 2204 nulla
1314 2148 1528 2205 aetate
1577 2133 1938 2207 obtinuerit
1988 2133 2058 2204 in
2109 2132 2392 2206 ecclesia
2445 2156 2743 2206 romana.

852 2239 1126 2321 Accedit
1169 2247 1367 2321 etiam
1421 2247 1587 2321 haec
1636 2263 2063 2321 monumenta
2113 2248 2478 2346 posteriora
2515 2273 2669 2320 esse
2700 2249 2923 2322 conci-

711 2362 802 2438 lic
844 2362 1206 2437 tridentino
1232 2421 1247 2449 ,
1291 2364 1360 2435 in
1396 2389 1531 2463 quc
1573 2364 1850 2463 parochi
1889 2363 1994 2438 sin
2035 2363 2258 2436 minus
2296 2362 2710 2451 benedictio,
2752 2379 2924 2435 certe

709 2479 1084 2579 praesentia
1133 2480 1224 2553 ita
1275 2481 1657 2555 necessaria
1690 2479 1926 2555 effecta
1960 2495 2094 2567 est,
2136 2495 2209 2553 ut
2242 2479 2391 2553 sine
2425 2503 2503 2552 ea
2539 2480 2629 2552 sit
2663 2479 2918 2551 irritum

706 2594 1123 2690 coniugium:
1167 2594 1466 2693 adeoque
1502 2594 1596 2667 nil
1632 2597 1873 2667 mirum
1906 2609 2009 2667 est
2033 2652 2048 2681 ,
2085 2595 2143 2667 si
2180 2594 2395 2669 latiori
2427 2620 2630 2667 sensu
2657 2593 2916 2667 dicatur

703 2706 789 2778 ad
819 2706 1181 2805 parochum
1214 2709 1541 2804 pertinere
1560 2709 1964 2782 matrimonii
1993 2725 2480 2782 sacramentum
2508 2710 2909 2783 ministrare.

1545 2897 1956 2954 ARTICULUS
1995 2898 2096 2953 111.

1444 3031 1805 3109 Argumenta
1834 3031 2179 3110 theologica.

843 3166 1248 3266 Argumenta
1299 3199 1378 3244 ex
1432 3172 1581 3271 ipsc
1633 3170 2002 3269 theologiae
2039 3197 2216 3270 penu
2256 3158 2647 3272 deprompta
2673 3230 2690 3261 ,
2748 3196 2917 3270 quae

698 3283 1011 3357 evincunt
1036 3285 1179 3359 sclc
1207 3286 1502 3384 legitimo
1529 3287 1819 3387 partium
1846 3285 2374 3359 contrahentium
2404 3311 2741 3360 consensu
2769 3311 2917 3359 ccu-

705 3398 867 3496 iugii
922 3422 1404 3477 sacramentum
1456 3402 1719 3502 perfici,
1780 3402 1946 3477 adeo
1998 3403 2189 3475 firma
2239 3429 2318 3476 ac
2369 3402 2585 3475 solida
2625 3417 2812 3489 sunt,
2847 3415 2919 3472 ut

701 3540 739 3586 a
794 3516 1057 3589 nemine
1088 3574 1103 3604 ,
1164 3519 1279 3618 qui
1332 3519 1594 3592 sincero
1645 3518 1869 3591 animo
1912 3534 1980 3592 et
2029 3517 2358 3591 catholica
2409 3519 2664 3591 ratione
2722 3540 2916 3614 agere

703 3628 914 3718 velit,
978 3633 1201 3732 respui
1268 3634 1550 3732 possint.
1610 3633 2015 3730 Argumenta
2077 3660 2234 3707 vero
2299 3632 2670 3731 theologica
2702 3690 2718 3718 ,
2785 3656 2917 3731 qua

700 3741 833 3816 late
882 3760 1146 3842 patent,
1193 3774 1323 3822 non
1364 3747 1579 3821 solum
1619 3775 1700 3821 ex
1746 3748 1839 3821 rei
1882 3765 2117 3822 natura
2186 3764 2519 3847 petemus,
2561 3747 2682 3821 sed
2717 3747 2912 3821 etiam

699 3859 1157 3936 ratiocinando
1205 3863 1611 3938 deducemus
1661 3890 1741 3937 ex
1787 3864 2108 3939 ecclesiae
2150 3865 2279 3938 hac
2318 3864 2404 3937 de
2457 3890 2527 3937 re
2575 3864 2907 3948 doctrina,

841 4060 941 4123 (³2)
974 4064 1088 4113 Non
1117 4065 1360 4116 immerito
1379 4066 1603 4130 phrases,
1623 4080 1752 4130 quae
1774 4066 2078 4129 reperiuntur
2098 4067 2148 4115 in
2171 4066 2416 4116 nonnullis
2437 4064 2721 4126 ritualibus,
2744 4062 2923 4128 quibus

693 4139 920 4190 sacerdos
950 4145 1191 4194 minister
1219 4150 1573 4206 maumonii,
1610 4150 1698 4196 aut
1730 4149 2046 4196 sacramenti
2079 4148 2403 4197 matrimonii
2438 4147 2785 4209 nuncupatur,
2823 4144 2918 4207 ple·

695 4220 836 4284 rique
869 4226 1119 4283 exponunt
1157 4224 1249 4274 hcc
1283 4239 1447 4288 sensu,
1469 4226 1601 4289 quod
1640 4239 1811 4289 nempe
1845 4225 1906 4275 iis
1943 4226 2264 4289 significetur,
2298 4225 2597 4277 sacerdotem
2630 4238 2737 4275 csse
2772 4225 2919 4273 mini·

689 4303 862 4353 strum
877 4300 1225 4353 solemnitati-5
1256 4308 1596 4356 matrimonii.
1612 4305 1691 4357 Cf.
1707 4305 2006 4356 Barthclcm.
2023 4307 2209 4356 cavoni
2227 4306 2436 4368 theolog.
2455 4305 2659 4370 profess.
2681 4304 2732 4353 in
2753 4303 2916 4354 Archi·

689 4380 939 4445 amando
988 4395 1112 4432 rom.
1154 4385 1534 4436 Disseriazione
1575 4385 1666 4436 dei
1707 4388 1947 4436 ministro
1982 4385 2071 4436 dol
2105 4388 2437 4450 :aqi-amenio
2459 4385 2547 4436 del
2564 4386 2918 4436 matrimonio.

690 4464 1075 4525 Roma1821.p.
1108 4467 1184 4513 40.
