3276 5083
683 403 818 473 27⁰
1063 425 1186 475 m.
1229 426 1274 474 1.
1316 425 1493 475 sscr.
1530 426 1791 476 Atrans.
1835 424 1916 475 ns
1949 424 2210 477 namn.
2254 423 2467 475 cmm.

679 539 1198 639 protestantismi
1227 539 1552 614 doctrina.
1578 542 1732 614 Dixi
1758 542 2140 640 simpliciter
2163 542 2386 625 civile,
2420 539 2583 639 quia
2609 542 2870 615 etiamsi

677 652 933 751 passim
974 669 1416 751 protestantes
1447 657 1830 753 coniugium
1882 682 2078 729 suum
2130 653 2463 728 celebrent
2487 711 2502 741 ,
2542 671 2618 727 ut
2650 655 2877 728 innui-

677 793 860 854 mus,
916 793 1138 842 coram
1190 770 1334 842 suis
1398 771 1724 844 ministris
1778 771 1907 843 ritu
1969 770 2282 867 religioso
2333 794 2484 842 cum
2534 770 2876 843 consuetis

675 881 988 979 precibus
1013 898 1079 955 et
1101 883 1621 958 ominationibus
1644 941 1659 971 ,
1703 884 1813 958 hic
1845 901 2064 956 tamen
2102 882 2454 980 religiosus
2490 883 2657 956 ritus
2692 883 2876 955 haud

675 995 977 1077 immutat
1034 1012 1336 1069 naturam
1398 998 1614 1096 ipsius
1676 998 2128 1083 matrimonii,
2191 1011 2385 1095 prout
2435 996 2613 1094 apud
2664 1012 2880 1095 prote-

675 1125 926 1184 stantes
980 1128 1316 1210 receptum
1362 1129 1486 1185 est.
1544 1113 1612 1183 Si
1665 1114 1842 1185 enim
1878 1140 1958 1185 ex
1992 1139 2218 1186 eorum
2269 1112 2571 1187 doctrina
2605 1113 2879 1210 nuptiae

674 1250 808 1298 non
860 1242 1018 1299 sunt
1064 1225 1195 1300 nisi
1246 1242 1621 1301 contractus
1678 1228 2036 1316 naturalis,
2096 1244 2214 1300 aut
2260 1226 2476 1300 civilis
2510 1228 2738 1300 nativa
2769 1252 2878 1299 es-

675 1341 891 1415 sentia
924 1367 1079 1428 sua,
1113 1342 1281 1415 ritus
1319 1342 1430 1415 ille
1467 1369 1684 1431 sacer,
1718 1369 1851 1442 quo
1875 1342 2381 1417 celebrationem
2416 1343 2710 1439 coniugii
2745 1341 2877 1440 ipsi

672 1457 1121 1543 circumdant,
1179 1484 1361 1531 mere
1408 1475 1678 1532 externa
1724 1458 2100 1532 ceremonia
2132 1475 2236 1531 est
2262 1516 2278 1545 ,
2320 1483 2494 1557 quae
2533 1457 2703 1529 nihil
2738 1484 2878 1529 mu-

672 1587 767 1644 tat
816 1570 884 1643 in
946 1572 1093 1645 eius
1157 1588 1393 1645 natura
1425 1631 1441 1660 ,
1512 1573 1666 1647 novi
1737 1573 2109 1672 quidquam
2162 1599 2284 1646 nec
2334 1573 2561 1659 addit,
2619 1573 2738 1646 sed
2801 1574 2871 1644 in

671 1710 796 1757 sua
842 1685 1221 1759 conditione
1274 1685 1613 1785 relinquit.
1673 1689 2002 1760 Nimirum
2037 1688 2122 1760 ad
2158 1714 2308 1761 eum
2358 1687 2632 1760 modum
2681 1713 2877 1760 usur·

671 1813 917 1896 pantur
949 1825 990 1871 a
1024 1801 1545 1898 protestantibus
1583 1801 1753 1875 istae
1786 1802 2200 1875 ceremoniae
2248 1801 2580 1902 nuptiales
2617 1827 2868 1887 sacrae,

672 1938 806 2011 quo
855 1914 1355 2013 usurpabantur
1383 1973 1398 2002 ,
1455 1932 1530 1989 ut
1590 1917 1925 2005 vidimus,
1981 1917 2067 1990 ab
2117 1918 2288 2016 ipsis
2339 1917 2628 1990 ethnicis
2660 1974 2676 2002 ,
2732 1917 2875 1990 sive

667 2052 749 2100 ex
797 2029 1088 2128 quodam
1138 2031 1433 2105 interiori
1473 2049 1751 2106 naturae
1786 2059 1990 2106 sensu
2016 2091 2032 2119 ,
2075 2034 2219 2107 sive
2252 2032 2450 2107 etiam
2485 2058 2565 2104 ex
2599 2033 2874 2131 antiqua

668 2142 1023 2217 traditione
1054 2144 1140 2218 de
1173 2144 1403 2218 divina
1453 2147 1763 2245 originali
1816 2148 2218 2222 matrimonii
2273 2147 2714 2222 institutione.
2755 2147 2874 2219 Isti

666 2274 886 2333 autem
946 2261 1120 2333 sacri
1182 2261 1493 2359 paganici
1566 2264 1733 2337 ritus
1798 2291 1931 2338 non
2001 2263 2456 2362 impediebant
2515 2262 2875 2361 quominus

668 2373 754 2446 ab
802 2375 1087 2450 ethnicis
1136 2376 1540 2451 haberentur
1590 2380 1908 2478 nuptiae,
1950 2395 2143 2478 prout
2177 2378 2401 2476 reipsa
2450 2393 2674 2463 erant,
2717 2402 2878 2449 con-

664 2505 913 2564 tractus
965 2492 1287 2565 naturalis
1324 2519 1403 2567 ac
1436 2493 1655 2567 civilis
1681 2552 1696 2581 ,
1755 2495 1880 2568 etsi
1935 2494 2082 2567 sine
2132 2491 2433 2567 formulis
2484 2490 2641 2564 ullis
2693 2490 2878 2588 lega-

664 2601 839 2677 libus
890 2630 1011 2677 nec
1057 2630 1278 2678 coram
1330 2607 1834 2704 magistratibus
1886 2608 2235 2679 inirentur.

810 2717 1383 2802 Quemadmodum
1450 2747 1607 2795 vero
1683 2722 1920 2793 barum
1987 2717 2509 2793 ceremoniarum
2569 2718 2873 2793 desectus

664 2829 920 2903 nullum
970 2834 1403 2907 intrinsecum
1426 2892 1441 2920 ,
1498 2853 1616 2909 aut
1662 2837 1862 2909 etiam
1912 2836 2353 2908 extrinsecum
2406 2849 2873 2908 nocumentum

664 2945 984 3020 afferebat
1015 2948 1347 3045 coniugali
1385 2949 1635 3022 foederi
1672 2950 1850 3048 apud
1887 2976 2185 3048 paganos
2205 3007 2219 3035 ,
2247 2976 2453 3049 penes
2479 2975 2650 3049 quos
2685 2948 2869 3020 haud

663 3087 813 3135 raro
861 3061 1277 3137 clandestina
1330 3066 1752 3140 matrimonia
1800 3066 2361 3141 contrahebantur
2416 3069 2593 3162 (25),
2625 3065 2724 3138 sic
2759 3090 2873 3163 pa-

662 3177 821 3250 riter
868 3178 1164 3252 defectus
1214 3180 1556 3255 exterioris
1605 3183 1780 3254 sacri
1835 3199 2198 3282 apparatus
2235 3182 2305 3252 in
2341 3181 2673 3277 coniugiis
2718 3205 2871 3279 pro-

667 3295 1053 3368 testantium
1080 3296 1250 3368 nihil
1279 3297 1488 3372 officit
1508 3298 1892 3371 eorumdem
1919 3298 2127 3371 valori
2165 3297 2645 3395 coniugiorum.
2675 3294 2869 3380 Quod

661 3409 720 3481 si
773 3409 908 3483 illis
957 3410 1223 3486 obstare
1269 3413 1642 3510 contingat,
1698 3440 1833 3487 non
1877 3413 1947 3484 id
2000 3411 2429 3511 repetendum
2468 3426 2685 3484 estex
2720 3408 2868 3481 illo—

660 3550 805 3595 rum
835 3524 1079 3597 rituum
1104 3525 1364 3600 defectu
1387 3586 1402 3616 ,
1444 3528 1562 3602 sed
1598 3555 1678 3601 ex
1712 3528 1880 3626 legis
1916 3526 2133 3600 civilis
2170 3526 2610 3624 dispositione
2631 3582 2646 3611 ,
2690 3548 2863 3622 quae

661 3638 832 3713 inter
878 3655 1131 3718 ceteras
1181 3643 1596 3717 conditiones
1649 3645 2007 3744 requisitas
2044 3643 2128 3716 ad
2165 3642 2642 3715 admissionem
2694 3639 2868 3735 lega-

661 3752 790 3825 lem
826 3781 906 3828 ac
945 3756 1280 3855 politicam
1332 3759 1714 3857 nuptiarum
1757 3776 1821 3832 et
1864 3760 2039 3833 hanc
2090 3758 2331 3856 exigit,
2373 3772 2448 3829 ut
2483 3782 2706 3829 coram
2741 3753 2867 3824 mi-

663 3867 872 3962 nistro
894 3928 910 3957 ,
942 3888 1058 3945 aut
1081 3873 1506 3969 magistratu,
1540 3890 1656 3946 aut
1679 3901 1903 3948 coram
1930 3890 2212 3973 utroque
2235 3870 2651 3946 celebrentur
2680 3869 2857 3963 (26).

801 4050 901 4113 (25)
932 4051 1009 4102 ct.
1035 4053 1317 4104 cuisccinm
1342 4054 1699 4105 Observation.
1723 4057 1776 4104 et
1803 4055 2148 4106 emendation.
2173 4053 2263 4105 lib.
2279 4054 2363 4103 vl.
2380 4066 2425 4102 c.
2448 4054 2552 4102 xx.
2578 4049 2866 4101 clandesti-

661 4121 761 4179 m
788 4131 1023 4193 nuptm.
1051 4131 1170 4181 edit.
1197 4133 1280 4183 cit.
1305 4135 1427 4184 tom.
1449 4136 1509 4182 11.
1533 4146 1646 4196 pag.
1675 4140 1779 4184 155.

805 4208 906 4273 (²⁸)
935 4209 1009 4260 Ad
1042 4223 1122 4260 sn.
1150 4225 1307 4275 usque
1337 4217 1471 4264 18³7.
1498 4213 1550 4263 in
1572 4213 1747 4277 Anglls
1767 4213 1923 4276 viguit
1942 4213 2021 4264 lex
2042 4250 2059 4270 .
2089 4226 2190 4277 qus
2219 4225 2388 4263 omnes
2413 4209 2752 4273 obligabantur
2785 4207 2863 4257 vel

658 4301 826 4340 coram
857 4289 1081 4341 ministro
1108 4292 1389 4355 maliano,
1412 4305 1498 4344 scu
1536 4293 1780 4345 ecclcsiae
1815 4295 2017 4354 status,
2049 4295 2125 4344 vel
2152 4307 2319 4343 coram
2347 4291 2599 4342 sacerdote
2624 4288 2869 4340 catholico

655 4369 878 4436 maingis
909 4370 1168 4422 edonare.
1201 4372 1326 4422 cum
1356 4385 1474 4423 vero
1499 4372 1833 4435 dissidentes,
1873 4386 1997 4437 quos
2021 4376 2230 4435 vocant,
2264 4373 2314 4422 id
2337 4374 2412 4423 est
2430 4371 2750 4436 protestantes
2783 4382 2869 4417 cu·
