3276 5083
1013 569 1380 641 813chss
1430 569 1853 641 ALTERA

637 780 795 872 DE
872 779 1708 871 MATRIMONIO
1781 779 2212 871 CIVILI.

1215 1083 1544 1143 (ml-11¹1·
1574 1084 1647 1141 1.

908 1262 989 1316 ΒΕ
1023 1261 1400 1316 nrmuotm
1434 1263 1661 1317 civius
1692 1261 1941 1316 numu

1166 1424 1583 1485 ARTICULUS
1620 1425 1667 1482 1.

316 1583 754 1645 Matrimonium
799 1580 975 1643 civile
995 1622 1016 1659 ,
1063 1578 1165 1642 ubi
1207 1579 1560 1658 publicatum
1608 1584 1700 1642 est
1736 1580 2138 1642 'tridentinum
2169 1580 2488 1643 Concilium
2512 1623 2534 1660 ,

451 1686 663 1740 natura
687 1694 796 1738 sua
820 1679 1006 1755 turpis
1021 1684 1112 1738 est
1129 1677 1547 1738 concubinatus
1567 1720 1587 1755 ‚
1620 1684 1680 1737 et
1715 1679 2064 1756 quicumque
2102 1678 2226 1738 solo
2263 1679 2533 1757 coniugio

454 1777 615 1838 civili
653 1779 809 1837 inter
846 1792 908 1835 se
946 1776 1244 1836 coniuncti
1282 1777 1460 1835 vitam
1501 1782 1727 1853 agunt,
1767 1778 1966 1853 poenis
2000 1774 2076 1835 ab
2097 1775 2352 1837 Ecclesia
2397 1776 2531 1837 latis

460 1880 666 1935 contra
697 1872 960 1950 publicos
985 1872 1424 1933 concubinarios
1445 1871 1682 1933 obnoxii
1701 1878 1860 1934 sunt.

318 1992 833 2190 Quaestiones
898 2080 1227 2154 hactenus
1290 2105 1332 2154 a
1390 2079 1583 2154 nobis
1650 2081 1937 2179 agitatae
1984 2080 2071 2154 de
2118 2096 2539 2155 sacramento

315 2195 755 2283 matrimonii,
794 2195 883 2269 de
925 2195 1264 2281 ministro,
1294 2195 1516 2295 deque
1549 2194 2123 2295 inseparabilitate
2157 2210 2536 2270 contractus

314 2325 385 2386 et
434 2312 829 2384 sacramenti
879 2311 950 2383 in
1004 2309 1428 2385 matrimonio
1477 2310 1881 2398 christiano,
1921 2310 2101 2384 viam
2134 2308 2331 2384 nobis
2365 2324 2537 2384 stra-

313 2442 558 2500 verunt
591 2426 674 2499 ad
707 2425 1195 2527 quaestionem,
1228 2452 1432 2526 quam
1457 2450 1638 2499 nune
1673 2425 2088 2499 tractandam
2123 2424 2543 2524 suscipimus

312 2540 400 2616 de
448 2543 872 2617 matrimonio
921 2541 1127 2616 civili.
1179 2541 1277 2617 Eo
1326 2541 1504 2616 enim
1554 2540 1838 2616 consilio
1886 2568 1968 2616 ea
2018 2540 2529 2639 praemisimus,

314 2671 389 2729 ut
435 2672 780 2757 tamquam
814 2656 886 2729 in
922 2655 1124 2729 finem
1160 2656 1600 2755 praecipuum
1621 2713 1636 2742 ‚
1680 2681 1880 2754 quem
1932 2655 2046 2730 hic
2095 2655 2531 2744 intendimus,

319 2769 582 2845 felicius
640 2770 1139 2870 assequendum
1198 2786 1378 2844 recta
1436 2771 1900 2869 perducerent.
1952 2771 2186 2871 Itaque
2250 2771 2319 2844 in
2386 2771 2540 2870 ipso

319 2886 738 2986 quaestionis
799 2885 1074 2960 exordio
1124 2885 1360 2984 paucis
1410 2886 1942 2984 perstringamus
1999 2900 2258 2985 oportet
2296 2941 2312 2973 ,
2372 2884 2537 2986 quid

316 3000 536 3075 civilis
588 3000 996 3075 matrimonii
1048 3016 1389 3099 praetextu
1421 3001 1646 3075 veniat
1664 3057 1680 3088 ,
1719 3025 2087 3101 verumque
2118 3000 2537 3100 quaestionis

316 3131 565 3190 statum
599 3142 956 3216 ponamus.

460 3231 563 3305 Ad
615 3232 746 3307 hoc
795 3256 1071 3306 necesse
1104 3247 1209 3305 est
1242 3233 1667 3332 praemittere
1700 3235 1853 3333 ipsa
1884 3231 2088 3307 verba
2121 3230 2387 3306 concilii
2424 3231 2542 3304 tri-

314 3345 572 3420 dentini
625 3347 695 3419 in
745 3347 1013 3422 decreto
1063 3348 1150 3422 de
1197 3349 1674 3424 reformatione
1738 3347 2187 3434 matrimonii,
2243 3372 2422 3446 quae
2470 3346 2541 3419 in

316 3460 545 3561 priore
590 3462 791 3534 etiam
843 3462 1141 3537 sectione
1192 3463 1433 3563 partim
1484 3464 1688 3538 allata
1737 3479 1928 3538 sunt:
1967 3463 2305 3537 «Tametsi
2341 3462 2544 3535 dubi-

317 3573 600 3647 tandum
636 3600 771 3649 non
802 3591 909 3649 est
937 3576 1360 3651 clandestina
1392 3577 1815 3652 matrimonia
1835 3635 1852 3663 ‚
1894 3577 2105 3652 libero
2141 3576 2543 3651 contrahen-

316 3688 488 3761 tium
536 3711 869 3762 consensu
917 3690 1093 3763 facta
1114 3747 1130 3778 ,
1173 3705 1319 3764 rata
1353 3705 1419 3764 et
1447 3717 1607 3765 vera
1655 3717 1809 3766 esse
1857 3691 2282 3765 matrimonia
2313 3716 2545 3791 quam·

317 3801 437 3876 diu
488 3801 772 3878 ecclesia
806 3830 890 3879 ea
923 3805 1110 3879 irrita
1144 3832 1278 3881 non
1314 3806 1472 3881 fecit
1494 3864 1510 3895 ,
1551 3823 1620 3881 et
1653 3806 1936 3906 proinde
1984 3808 2130 3880 iure
2176 3805 2544 3880 damnandi

319 3917 455 3992 sint
503 3917 600 3991 ilii
625 3977 641 4006 ‚
698 3935 775 3993 ut
819 3945 937 3994 eos
988 3947 1046 3993 s.
1091 3920 1405 4022 Synodus
1456 3922 1881 3996 anathemate
1926 3922 2239 4009 damnat,
2294 3923 2414 4022 qui
2464 3947 2550 3997 ea

317 4059 475 4108 vera
509 4059 594 4108 ac
627 4051 773 4108 rata
805 4061 961 4111 esse
1002 4054 1249 4135 negant
1255 4092 1465 4111 .......
1483 4036 1925 4113 nihilominus
1984 4064 2044 4111 s.
2086 4037 2210 4111 Dei
2260 4036 2551 4113 ecclesia

318 4173 396 4220 ex
448 4148 846 4222 iustissimis
892 4150 1119 4223 causis
1169 4150 1286 4223 illa
1336 4176 1606 4252 semper
1652 4150 1982 4226 detestata
2015 4167 2120 4226 est
2151 4167 2354 4252 atque
2403 4176 2550 4250 pro-

322 4260 564 4337 hibuit.
607 4263 849 4337 Verum
898 4290 1055 4338 cum
1089 4291 1150 4338 s.
1181 4265 1493 4367 Synodus
1526 4266 2014 4342 animadvertat
2063 4266 2550 4368 prohibitiones

320 4375 474 4452 illas
526 4394 802 4480 propter
852 4379 1196 4454 hominum
1250 4381 1775 4458 inobedientiam
1826 4382 1959 4457 iam
2008 4409 2141 4459 non
2185 4381 2544 4484 prodesse,
