3276 5083
512 516 650 566 cir.
684 514 750 563 v.
783 514 864 564 nn
896 511 1131 564 mmsr.
1166 511 1477 564 comma.
1517 513 1659 563 Αιιτ.
1700 513 1772 563 ιι.
1806 512 1951 562 Ano.
1981 511 2331 564 τιωιιιιοιι.
2439 491 2577 563 153

517 631 848 708 Omnibus
900 631 1123 731 itaque
1190 632 1539 732 perpensis
1603 631 2021 730 antiquitatis
2090 631 2581 708 ecclesiasticae

367 748 787 824 documentis
805 804 821 834 ‚
878 745 1136 845 liquido
1186 762 1485 835 constat,
1543 746 1723 847 quod
1776 745 2247 846 proposuimus
2270 803 2286 834 ,
2342 773 2581 847 nempe

372 881 597 965 patres
622 921 638 952 ,
686 861 1004 950 concilia,
1053 860 1449 959 euchologia
1484 880 1551 937 et
1590 861 1856 935 ritualia
1904 862 1975 934 in
2027 861 2101 933 id
2147 862 2536 961 conspirare
2560 920 2577 950 ,

368 997 449 1055 ut
498 979 692 1053 nobis
746 976 1104 1054 exhibeant
1159 978 1349 1077 ipsos
1401 1004 1686 1078 sponsos
1736 1005 1856 1077 per
1903 994 2123 1052 actum
2146 1036 2161 1067 ,
2212 1004 2346 1078 quo
2387 1003 2584 1052 suum

365 1098 750 1197 exprimunt
795 1120 1222 1182 consensum,
1262 1095 1583 1193 perficere
1614 1111 2126 1169 sacramentum.
2174 1094 2589 1169 Benedictio-

368 1237 521 1285 nem
551 1235 738 1297 vero,
786 1235 986 1309 quam
1023 1209 1176 1307 ipsa
1214 1207 1381 1284 haec
1415 1209 1813 1283 documenta
1837 1210 2308 1284 commendant
2325 1268 2342 1299 ,
2384 1236 2587 1310 quam

370 1326 558 1427 peti,
600 1351 804 1424 quam
835 1325 1094 1424 quaeri,
1126 1341 1194 1398 et
1217 1352 1258 1399 a
1285 1325 1630 1400 sacerdote
1655 1325 1859 1426 recipi
1886 1325 2247 1412 inculcant,
2279 1349 2411 1400 non
2438 1350 2589 1399 esse

377 1441 512 1514 nisi
560 1441 1149 1512 solemnizationem
1194 1443 1634 1525 matrimonii,
1683 1456 1758 1516 ut
1797 1439 2091 1541 loquitur
2139 1440 2463 1515 Martinus
2502 1441 2580 1513 V.

375 1557 448 1627 in
497 1554 779 1628 concilio
829 1555 1350 1644 constantiensi,
1408 1570 1524 1630 aut
1580 1555 2027 1630 conditionem
2051 1612 2067 1642 ‚
2133 1582 2269 1656 qua
2316 1557 2591 1657 nuptiae

369 1670 783 1745 christianae
833 1671 956 1743 rite
1005 1697 1084 1744 ac
1132 1669 1426 1768 legitime
1475 1670 1661 1743 fiant.
1711 1669 1894 1743 Nihil
1944 1671 2147 1769 igitur
2181 1671 2587 1774 exploratum

367 1786 586 1884 magis
625 1800 694 1860 et
726 1801 1027 1884 apertum
1062 1811 1141 1858 ex
1178 1811 1381 1859 sensu
1421 1799 1489 1858 et
1530 1785 1771 1882 agendi
1811 1786 2064 1860 ratione
2101 1785 2427 1862 ecclesiae
2459 1787 2592 1861 hac

371 1902 439 1972 in
493 1928 565 1975 re
615 1900 1072 2001 quaerendum
1122 1926 1273 1974 esse
1318 1900 1603 1974 videtur.

514 2018 589 2088 Si
632 2042 768 2115 qua
813 2016 1093 2117 proinde
1134 2031 1487 2089 occurrant
1524 2015 1946 2105 documenta,
1977 2017 2047 2089 in
2087 2016 2336 2116 quibus
2387 2016 2592 2091 inter-

378 2131 543 2203 dum
592 2131 835 2205 dicitur
880 2131 1288 2205 sacerdotem
1332 2131 1799 2204 administrare
1841 2131 2336 2208 matrimonium
2370 2145 2445 2204 ut
2485 2157 2595 2204 sa-

379 2262 717 2319 cramenta
756 2245 1046 2346 reliqua,
1090 2271 1264 2345 quae
1303 2244 1715 2319 sacerdotem
1752 2262 1995 2318 vocant
2030 2245 2408 2319 ministrum
2452 2270 2596 2319 ma-

387 2361 679 2435 trimonii
698 2419 714 2448 ‚
743 2361 909 2436 haec
944 2361 1080 2434 lato
1113 2376 1313 2461 atque
1343 2361 1712 2460 improprio
1747 2386 1953 2434 sensu
1978 2359 2371 2459 accipienda
2403 2374 2582 2434 sunt.

376 2474 570 2550 Talia
608 2476 862 2550 censeri
914 2475 1160 2550 debent
1180 2533 1196 2565 ,
1253 2501 1425 2576 quae
1474 2473 1849 2573 allegantur
1896 2500 1978 2548 ex
2026 2473 2362 2549 Clemente
2409 2474 2584 2547 vlu.

373 2591 540 2664 dum
589 2591 953 2666 carmelitis
1004 2590 1399 2666 excalceatis
1451 2590 1875 2693 privilegium
1918 2591 2195 2678 confert,
2235 2590 2395 2664 dum
2438 2590 2596 2665 mis-

377 2707 604 2781 siones
654 2723 865 2805 agunt
902 2706 1081 2806 apud
1134 2725 1392 2782 exteras
1436 2707 1742 2804 regiones
1780 2737 1813 2775 α
1844 2733 1923 2781 ac
1962 2706 2033 2778 in
2074 2705 2213 2780 illis
2252 2704 2591 2805 partibus,

380 2820 499 2894 ubi
550 2821 829 2922 parochi
882 2848 1015 2895 non
1067 2821 1311 2895 suerint
1335 2880 1350 2909 ,
1404 2821 1762 2921 baptismi,
1818 2820 2264 2894 eucharistiae
2290 2878 2306 2908 ,
2363 2820 2598 2921 poeni-

376 2937 660 3025 tentiae,
692 2939 1114 3022 matrimonii,
1142 2954 1469 3011 extremae
1500 2937 1841 3011 unctionis
1865 2995 1882 3025 ,
1926 2952 2341 3011 sacramenta
2366 2995 2382 3025 ,
2424 2962 2598 3037 quae

375 3049 677 3152 alioquin
721 3050 994 3151 parochi
1035 3054 1407 3124 ministrare
1446 3053 1650 3125 solent
1683 3066 1745 3123 et
1767 3066 2072 3152 possunt,
2103 3051 2249 3124 vice
2274 3051 2636 3150 parocho-x

384 3192 530 3237 rum
571 3167 947 3239 ministrare
979 3168 1205 3262 (30).»
1237 3167 1425 3241 Talia
1456 3194 1630 3267 quae
1670 3167 1872 3240 habet
1904 3166 2150 3241 Paulus
2175 3168 2251 3239 V.
2277 3166 2348 3237 in
2377 3165 2596 3239 rituali

383 3306 693 3355 romano:
742 3312 777 3351 α
802 3281 1101 3357 Ceterum
1155 3281 1419 3356 illorum
1471 3298 2033 3357 sacramentorum
2068 3340 2084 3370 ,
2141 3306 2425 3381 quorum
2473 3280 2595 3354 acl-

378 3398 773 3470 ministratio
803 3397 890 3469 ad
925 3397 1253 3498 parochos
1293 3397 1611 3498 pertinet,
1657 3399 1822 3472 ritus
1855 3398 1984 3471 hoc
2027 3424 2225 3499 opere
2266 3397 2596 3497 praescri-

384 3511 635 3585 buntur
665 3570 681 3600 ‚
736 3513 1111 3588 cuiusmodi
1165 3528 1321 3588 sunt
1367 3514 1747 3614 baptismus
1773 3573 1788 3602 ,
1848 3514 2254 3614 poenitentia
2279 3571 2295 3601 ,
2352 3509 2599 3586 eucha-

387 3625 611 3713 ristia,
666 3642 953 3702 estrema
993 3629 1257 3717 unctio,
1303 3645 1372 3702 et
1406 3630 1889 3703 matrimonium
1919 3632 2145 3726 (31).»
2169 3629 2333 3702 Item
2356 3684 2374 3715 ‚
2423 3651 2598 3727 quae

385 3739 693 3840 leguntur
743 3743 812 3815 in
859 3743 1081 3817 rituali
1137 3743 1665 3831 mediolanensi,
1713 3743 1891 3844 quod
1953 3743 2240 3817 habetur
2283 3757 2454 3842 part.
2486 3742 2593 3814 lv,

384 3972 462 4022 vel
497 3972 655 4023 invite
690 3972 753 4023 ab
786 3973 904 4038 ipsis
935 3975 1206 4026 contrariae
1241 3974 1507 4026 sententiae
1535 3976 1753 4038 patronis
1784 3976 1979 4027 admitti
1997 3975 2171 4039 debet,
2192 3975 2314 4040 quin
2334 3974 2488 4026 velint
2508 3974 2602 4026 sibi

384 4052 568 4116 eripere
585 4053 829 4128 potiorem
845 4055 974 4105 hanc
991 4054 1345 4120 probationem,
1366 4056 1447 4105 cui
1467 4055 1679 4106 maxime
1696 4055 1946 4106 insistunt.
1959 4054 2097 4106 Adde
2108 4055 2246 4106 illam
2266 4054 2509 4119 privatam
2528 4053 2611 4105 be·

386 4132 713 4185 mediationem
739 4134 803 4185 de
824 4148 924 4198 qua
945 4135 1239 4187 mentionem
1269 4135 1436 4186 iniecit
1465 4136 1734 4186 martenius
1765 4135 1859 4186 loc.
1880 4135 1965 4186 cit.
1989 4148 2079 4187 nec
2097 4148 2287 4199 semper
2307 4149 2400 4187 nec
2419 4134 2605 4198 ubique

388 4213 625 4278 viguisse,
647 4214 933 4280 praesertim
953 4214 1081 4280 apud
1103 4215 1388 4278 orientales,
1408 4215 1629 4281 alioquin
1649 4215 1979 4267 Rennudotius
1995 4229 2094 4267 non
2116 4217 2361 4268 omisisset
2381 4215 2445 4267 ad
2469 4215 2604 4266 illam

386 4294 645 4357 confugere
671 4296 730 4345 ut
750 4307 889 4346 suam
909 4294 1198 4346 sententiam
1219 4297 1453 4348 tueretur.

527 4373 634 4519 ἔδοξ
660 4375 807 4506 pund
825 4374 1065 4506 Τῐὲοίιιιιιιι
1083 4389 1115 4427 a
1136 4379 1246 4428 lem
1269 4390 1379 4442 pag.
1399 4379 1509 4430 844.
1533 4389 1593 4429 ac
1612 4378 1754 4441 urget
1775 4376 1946 4429 Blasco
1966 4391 2053 4442 op.
2073 4378 2124 4429 et
2149 4376 2244 4428 loc.
2268 4376 2355 4427 cit.

552 4460 604 4506 ³1
693 4469 727 4507 n
753 4468 873 4519 prae
894 4467 923 4506 a
950 4492 964 4506 .
