3276 5083
715 395 851 466 438
1096 416 1221 469 us.
1263 416 1311 467 1.
1352 415 1525 469 sacr.
1565 415 1826 467 urum.
1870 415 1951 467 os
2000 416 2264 468 numu.
2309 416 2524 475 cmm.

709 534 1074 622 stinorum,
1131 549 1271 607 tum
1323 532 1613 608 filiorum
1663 531 1958 607 famlias
1991 589 2010 621 ‚
2066 557 2241 632 quae
2287 531 2749 608 obnitentibus
2817 553 2978 609 aut

710 649 947 725 insciis
984 648 1375 749 parentibus
1424 648 1775 723 inii-entur.
1809 648 1908 721 Ex
1933 647 2043 723 his
2070 647 2353 722 alterum
2395 651 2730 724 concessit
2762 676 2977 726 con-

705 765 934 840 cilium
968 822 987 853 ,
1049 764 1329 839 alterum
1386 764 1767 852 recusavit3
1841 764 2144 864 quinimo
2190 764 2486 840 decrevit
2530 766 2704 865 falso
2755 793 2969 841 non-

708 880 927 955 nullos
977 881 1310 979 affirmare
1350 881 1769 954 matrimonia
1798 905 1843 953 a
1875 881 2035 980 filiis
2073 882 2371 980 familias
2417 882 2558 954 sine
2607 907 2959 956 consensu

696 1009 1047 1093 parentum
1094 1008 1425 1068 contracta
1472 996 1670 1068 irrita
1713 1019 1879 1080 esse,
1920 1009 1981 1067 ct
2022 1010 2329 1093 parentes
2376 1021 2455 1071 ca
2493 1011 2648 1069 roto
2686 995 2796 1070 ool
2830 999 2959 1068 ἑο·-

702 1112 839 1183 rita
888 1111 1099 1209 facere
1138 1136 1352 1208 posse.
2715 1129 2722 1133 ·

848 1224 1016 1298 Cum
1067 1224 1198 1299 hae
1235 1224 1648 1325 praemissae
1699 1222 1839 1297 sint
1886 1221 2131 1311 falsae,
2175 1221 2420 1297 falsum
2464 1249 2736 1325 quoque
2769 1250 2950 1300 con-

703 1365 996 1438 sequens
1064 1365 1216 1414 esse
1287 1365 1565 1413 necesse
1630 1354 1797 1426 est,
1876 1338 2059 1438 quod
2124 1338 2196 1411 in
2263 1337 2401 1414 illis
2474 1340 2859 1415 continetur
2918 1399 2941 1429 ,

702 1454 962 1528 scilicet
1012 1473 1214 1553 posse
1262 1453 1604 1555 principes
1655 1452 1842 1526 illam
1901 1467 2296 1553 potestatem
2361 1476 2674 1530 revocare
2733 1455 2942 1530 iuxta

702 1584 1073 1670 temporum
1122 1569 1495 1667 exigentias
1526 1625 1545 1656 ,
1612 1568 1685 1641 in
1733 1594 1870 1668 quo
1920 1568 2230 1646 consistit
2276 1567 2445 1643 alter
2484 1596 2672 1645 error
2715 1596 2938 1670 quem

700 1686 1090 1760 vocavimus
1138 1686 1330 1758 iuris.
1389 1684 1732 1784 Principes
1780 1683 1960 1757 enim
2014 1709 2324 1758 revocare
2380 1710 2515 1761 non
2574 1702 2870 1785 possunt
2898 1743 2921 1774 ,

702 1801 885 1899 quod
928 1826 1295 1900 numquam
1343 1812 1851 1886 concesserunt,
1893 1813 2012 1872 aut
2044 1799 2412 1875 concedere
2445 1814 2724 1900 potuere
2743 1859 2762 1889 ,
2805 1827 2938 1876 cu-

702 1913 994 1989 iusmodi
1044 1938 1194 1988 eam
1244 1939 1399 1989 esse
1444 1913 1744 1988 vidimus
1786 1926 2179 2012 potestatem
2205 1970 2223 2002 ,
2263 1940 2468 2012 quam
2494 1931 2769 1991 senator
2802 1942 2934 1992 no-

699 2047 839 2104 ster
898 2029 1142 2103 iisdem
1195 2029 1451 2102 tribuit.

845 2144 1426 2231 Quemadmodum
1488 2169 1647 2219 vero
1712 2143 1842 2219 sub
1903 2144 2105 2218 finem
2169 2144 2683 2244 disceptationis
2748 2171 2927 2220 suae

697 2262 875 2335 idem
925 2277 1148 2337 orator
1185 2259 1471 2333 adiecit:
1520 2290 1558 2330 α
1587 2260 1877 2361 Repeto,
1928 2261 1997 2333 id
2044 2259 2300 2334 iamdiu
2338 2260 2409 2333 in
2445 2260 2683 2335 Galliis
2727 2276 2798 2334 et
2850 2261 2924 2334 in

697 2376 927 2473 Belgio
960 2375 1177 2450 locum
1225 2374 1580 2464 habuisse,
1626 2376 1792 2475 quin
1843 2375 2179 2449 eiusmodi
2228 2376 2550 2473 coniugiis
2603 2375 2917 2472 leqc'timis

695 2508 887 2593 turpe
920 2490 1409 2566 concubinatus
1461 2515 1703 2566 nomen
1756 2490 2041 2564 inditum
2090 2489 2371 2578 fuerit‚»
2403 2490 2497 2564 ita
2521 2505 2588 2564 et
2625 2517 2748 2566 nos
2789 2492 2917 2566 ite·

695 2633 845 2682 rare
891 2607 1216 2681 debemus
1239 2663 1255 2694 ,
1313 2605 1494 2705 quod
1544 2607 1678 2679 iam
1728 2605 2060 2692 diximus,
2115 2604 2431 2680 videlicet
2479 2631 2615 2680 non
2669 2607 2778 2703 agi
2829 2605 2913 2681 de

692 2723 865 2821 sacto
916 2721 1036 2795 sed
1088 2721 1173 2793 de
1220 2723 1406 2794 iure:
1471 2720 1668 2820 plura
1733 2734 1891 2794 sunt
1955 2744 2133 2819 quae
2197 2718 2369 2793 fiunt
2391 2776 2408 2805 ,
2451 2733 2643 2818 xquae
2692 2735 2911 2793 tamen

693 2836 837 2909 fieri
888 2835 1184 2931 legitime
1234 2861 1368 2909 non
1418 2850 1728 2933 possunt.
1788 2833 2094 2909 Ecclesia
2161 2834 2396 2932 nequit
2440 2835 2580 2907 vim
2623 2834 2911 2909 obiicere

690 2950 821 3034 iis,
867 2947 985 3047 qui
1027 2947 1096 3020 vi
1148 2947 1545 3035 abutuntur,
1601 2964 1678 3021 ut
1725 2962 1955 3022 contra
1996 2947 2105 3019 ius
2140 2962 2208 3022 et
2249 2947 2354 3022 fas
2405 2948 2616 3023 multa
2661 2949 2911 3023 consti-

692 3080 901 3145 tuant.
959 3064 1031 3135 Si
1089 3062 1423 3137 interdum
1494 3064 1898 3138 necessitate
1958 3063 2309 3165 compulsa
2371 3064 2744 3164 apostolica
2803 3090 2909 3138 so-

689 3179 812 3253 des
875 3178 1309 3253 dissimulare
1348 3180 1433 3252 ad
1472 3196 1737 3280 tempus
1779 3178 2040 3276 cogitur
2066 3235 2086 3267 ,
2142 3205 2274 3254 non
2325 3180 2480 3253 ideo
2529 3180 2898 3280 approbat,

689 3320 869 3395 quae
921 3293 1363 3394 improbanda
1411 3311 1603 3369 sunt:
1651 3295 1837 3369 novit
1886 3294 2174 3369 ecclesia
2214 3304 2478 3396 tempus
2529 3294 2793 3367 tacendi
2841 3308 2905 3367 et

689 3425 951 3510 tempus
1003 3409 1320 3509 loquendi
1353 3438 1369 3482 :
1410 3409 1640 3508 functa
1688 3426 1794 3484 est
1843 3417 2119 3483 munere
2166 3435 2292 3483 suo
2335 3424 2533 3508 prout
2566 3435 2786 3482 rerum
2827 3432 2905 3481 ac

687 3538 1060 3623 temporum
1102 3524 1420 3598 adiuncta
1468 3523 1940 3622 exposcebant.
1985 3522 2181 3609 Quod
2223 3521 2283 3597 si
2320 3522 2649 3619 gubernia
2679 3546 2903 3595 aurem

687 3665 823 3713 non
854 3638 1220 3739 praebent,
1265 3640 1416 3740 ipsa
1454 3638 1783 3713 viderint:
1833 3665 1967 3713 non
2019 3639 2172 3714 ideo
2214 3664 2320 3711 res
2363 3637 2550 3711 licita
2582 3636 2893 3722 efficitur,

685 3780 907 3855 neque
944 3753 1106 3827 inde
1139 3754 1445 3853 sequitur
1482 3753 1655 3827 alias
1692 3753 1839 3827 sive
1877 3752 2297 3852 respublicas
2323 3750 2467 3825 sive
2493 3776 2701 3848 regna
2724 3749 2902 3822 licite

686 3895 887 3970 posse
937 3867 1056 3943 illa
1105 3868 1376 3942 imitari.
1409 3868 1716 3942 Ceterum
1764 3867 2253 3942 concubinatus
2303 3890 2542 3939 nomen
2599 3864 2900 3962 leqitimis

684 3984 1072 4059 huiusmodi
1125 3983 1461 4058 connubiis
1510 4009 1552 4055 a
1588 3983 1707 4057 Pio
1756 3982 1869 4055 lx,
1902 3998 2131 4082 aperte
2177 3981 2460 4054 inditum
2501 3979 2714 4053 fuisse
2756 3976 2898 4077 plu·-

684 4098 820 4172 ries
879 4099 1176 4173 diximus
1199 4156 1217 4187 ,
1274 4125 1485 4199 quum
1535 4098 1804 4173 docuit:
1844 4128 1876 4167 ι
1899 4098 2073 4171 inter
2124 4096 2357 4171 fideles
2406 4092 2896 4168 matrimonium

683 4212 833 4287 dari
882 4240 1018 4289 non
1068 4238 1307 4314 posse,
1362 4239 1531 4314 quin
1581 4239 1710 4285 uno
1757 4211 2094 4310 codemque
2134 4226 2407 4309 tempore
2429 4211 2898 4282 sit-sacramen-

687 4344 854 4414 tum,
889 4343 1092 4429 atque
1135 4326 1386 4403 idcirco
1435 4326 1807 4427 quamlibet
1854 4325 2058 4400 aliam
2110 4324 2282 4399 inter
2329 4321 2733 4398 christianos
2772 4317 2894 4396 viri
