3276 5083
671 432 806 505 122
1054 456 1175 507 m.
1220 456 1264 507 ι.
1308 414 1478 508 ster.
1523 457 1571 507 ι.
1612 457 1692 506 ns
1741 455 1999 509 nram.
2041 457 2462 509 uentano.

669 575 1041 646 inter-ventu
1061 628 1079 659 ,
1121 575 1539 647 intrinsecum
1569 590 1676 647 est
1707 600 1788 647 ex
1821 574 2068 648 Christi
2105 574 2520 649 institutione
2553 575 2686 673 ipsi
2719 601 2877 650 con-

668 688 900 761 tractui
938 688 1267 785 coniugali
1297 745 1313 774 ,
1354 688 1469 788 qui
1507 688 1727 774 refert,
1761 689 1902 763 sive
1934 705 2388 787 repraesentat
2419 690 2729 762 unionem
2768 691 2877 762 in-

665 802 1133 877 dissolubilem
1182 802 1429 876 Christi
1481 828 1632 876 cum
1684 803 1966 877 ecclesia
1991 860 2007 890 ,
2064 820 2260 902 prout
2307 804 2670 877 declaravit
2700 805 2876 904 Apo-

663 917 880 991 stolus
915 918 1165 1016 Ephes.
1209 918 1282 988 V.
1329 920 1476 989 32·
1460 916 1662 1016 ,ipsa
1708 944 1866 992 vero
1912 918 2149 1004 verba,
2204 918 2450 1018 quihus
2501 945 2872 993 consensus

660 1061 704 1106 a
752 1031 1298 1107 contrahentibus
1348 1035 1764 1131 exprimitur,
1804 1034 2046 1106 debere
2094 1034 2346 1134 aliquid
2382 1037 2553 1108 sacri
2589 1061 2864 1121 sonare,

664 1149 888 1221 Canus
938 1149 1144 1246 gratis
1195 1149 1499 1221 assumit.

804 1263 914 1336 Sic
957 1263 1204 1362 pariter
1236 1261 1405 1335 salso
1439 1261 1663 1335 Canus
1699 1263 1935 1336 iterum
1971 1264 2258 1337 assumit
2289 1288 2421 1337 non
2456 1263 2686 1337 haberi
2725 1290 2870 1362 per·

658 1403 897 1452 sonam
946 1377 1233 1451 ministri
1283 1377 1682 1451 conferentis
1732 1394 2218 1452 sacramentum
2253 1379 2336 1450 ad
2374 1403 2672 1452 normam
2707 1403 2871 1452 con-

657 1494 796 1566 cilii
841 1493 1210 1580 florentini,
1268 1493 1400 1565 nisi
1453 1491 1766 1566 sacerdos
1817 1492 2290 1566 ministraverit
2336 1493 2859 1566 matrimonium.

660 1610 823 1680 Nam
876 1608 1143 1705 ipsimet
1177 1607 1642 1705 contrahentes
1677 1607 1805 1679 sibi
1844 1599 2124 1681 invicem
2159 1607 2445 1681 ministri
2481 1624 2662 1693 sunt,
2704 1609 2868 1680 dum

658 1721 857 1795 verba
889 1747 1290 1795 consensum
1325 1723 1763 1820 exprimentia
1798 1723 2159 1820 proferunt.
2205 1724 2349 1795 Non
2396 1722 2591 1797 video
2640 1739 2864 1796 autem

656 1863 866 1935 quare
885 1836 1107 1910 Canus
1131 1852 1590 1911 asseveranter
1612 1837 1780 1911 adeo
1808 1837 2223 1935 pronunciet,
2245 1863 2376 1911 non
2404 1862 2555 1911 esse
2587 1838 2870 1910 audien-

656 1952 781 2026 dos
830 1979 987 2037 eos,
1045 1953 1158 2052 qui
1203 1952 1528 2049 putabant
1590 1953 1807 2025 virum
1856 1978 1937 2025 ac
1984 1952 2326 2024 mulierem
2377 1978 2530 2026 esse
2578 1952 2706 2025 sibi
2761 1953 2869 2022 in-

657 2068 869 2142 vicem
918 2067 1283 2141 ministros.
1332 2067 1461 2153 Qui
1514 2066 1690 2139 enim
1743 2066 1870 2140 hoc
1910 2081 2340 2164 putaverunt,
2397 2083 2555 2140 sunt
2598 2065 2862 2165 antiqui

652 2208 885 2255 omnes
910 2240 926 2269 ,
982 2181 1096 2282 qui
1144 2182 1233 2255 ad
1284 2182 1446 2255 Cani
1499 2205 1718 2280 usque
1766 2195 2046 2254 aetatem
2096 2181 2165 2251 in
2216 2181 2498 2255 ecclesia
2547 2181 2857 2254 floruere.

657 2297 799 2370 lmo
848 2297 918 2369 id
967 2313 1196 2396 aperte
1243 2297 1409 2370 satis
1459 2296 1686 2369 docuit
1733 2295 1958 2394 ipsum
2009 2293 2364 2368 concilium
2407 2294 2861 2380 florentinum,

654 2410 742 2482 ad
793 2410 973 2509 quod
1024 2410 1174 2509 ipse
1223 2408 1554 2509 appellat,
1596 2409 1864 2483 tradens
1897 2433 2122 2480 veram
2155 2407 2241 2480 de
2273 2423 2688 2481 sacramento
2724 2432 2869 2480 ma·

656 2524 1364 2598 trimoniidoctrinam
1415 2523 1522 2596 his
1570 2523 1842 2597 verbis:
1892 2556 1925 2590 α
1949 2522 2313 2621 Septimum
2347 2537 2452 2596 est
2482 2548 2867 2597 sacramen-

655 2656 793 2710 tum
841 2638 1278 2725 matrimonii,
1319 2638 1498 2737 quod
1532 2656 1635 2712 est
1670 2638 1932 2734 signum
1983 2638 2472 2712 coniunctionis
2505 2637 2869 2712 Christi-et

648 2750 975 2824 ecclesiae
1008 2808 1024 2837 ,
1080 2752 1449 2824 secundum
1472 2814 1473 2817 ,
1497 2750 1890 2849 Apostolum
1940 2752 2319 2825 dicentem:
2374 2753 2868 2825 Sucronem

654 2867 767 2937 hoc
813 2890 1135 2963 magnum
1168 2881 1301 2951 est,·
1338 2893 1450 2963 eqo
1500 2880 1715 2939 autem
1763 2865 1903 2938 dico
1943 2868 2023 2938 in
2077 2866 2332 2939 Christo
2367 2879 2430 2937 et
2458 2867 2531 2937 in
2561 2865 2851 2939 eccm.

655 2981 877 3054 Causa
923 2981 1204 3080 efficiens
1251 2982 1689 3063 matrimonii,
1748 2979 2137 3077 regulariter
2171 2995 2269 3052 cst
2300 2995 2558 3052 mutuus
2600 3004 2865 3065 oomn-

649 3124 763 3170 sus
789 3121 914 3195 per
945 3096 1143 3169 verba
1176 3096 1253 3169 dc
1280 3097 1609 3194 praesenti
1637 3118 1980 3193 expressus
2025 3097 2250 3189 (31).»
2285 3094 2496 3190 Igitur
2525 3119 2608 3166 em
2631 3095 2870 3168 conoi-

650 3213 744 3287 lio
772 3211 1121 3287 florentino
1148 3226 1285 3285 tum
1310 3211 1574 3306 signum
1599 3211 1840 3283 efficax
1866 3207 2118 3305 gratiae
2142 3233 2222 3280 ex
2248 3208 2500 3284 Christi
2515 3207 2867 3285 evectione

648 3328 784 3427 ipsi
835 3343 943 3401 est
982 3326 1296 3423 coniugio
1345 3326 1700 3398 inhaerens
1733 3340 1802 3397 et
1836 3324 2306 3407 intrinsecum,
2351 3339 2488 3394 tum
2525 3321 2692 3411 eius
2731 3322 2868 3395 mi-

652 3443 845 3518 nistri
880 3457 1038 3516 sunt
1071 3438 1590 3537 contrahentes
1575 3438 1745 3537 tpsi,
1788 3463 1941 3511 cum
1975 3436 2197 3511 verbis
2231 3436 2317 3509 de
2349 3436 2694 3535 praesentii
2710 3461 2868 3511 eon·

652 3585 927 3632 sensum
977 3558 1375 3656 exprimunt.

740 3736 743 3745 .
797 3672 989 3758 Quod
1020 3697 1189 3746 vero
1210 3669 1446 3743 fideles
1480 3696 1924 3769 ‚nequaquam
1961 3696 2034 3744 se
2068 3669 2432 3763 sacrilegos
2479 3692 2632 3740 esse
2667 3681 2868 3739 autu-

651 3804 833 3885 ment
879 3789 1044 3887 dum
1092 3784 1553 3885 sicprofane,
1610 3800 1686 3857 ut
1735 3786 1880 3883 ipse
1929 3783 2266 3883 loquitur,
2305 3799 2374 3855 et
2407 3808 2485 3855 eo
2523 3798 2858 3880 tempore,

649 3902 904 4000 quo-in
954 3919 1132 3977 statu
1182 3901 1434 3999 gratiae
1495 3900 1770 3972 minime
1831 3916 2022 3985 sunt,
2079 3898 2352 3996 nuptias
2402 3896 2810 3971 contrahunt
2841 3952 2858 3979 ,

647 4015 877 4101 Canus
913 4017 1043 4089 sihi
1080 4017 1301 4115 fingit;
1354 4016 1536 4089 uude
1584 4015 1763 4088 enim
1813 4014 1940 4087 hoc
1988 4012 2223 4086 novit?
2255 4012 2594 4111 Siquidem
2633 4009 2867 4109 plures

692 4290 695 4293 Α
770 4232 874 4297 (⁸¹)
905 4194 1047 4299 Apud
1076 4236 1313 4288 nudata.
1331 4240 1464 4297 Acca
1483 4234 1684 4288 concil.
1703 4235 1824 4285 tom.
1846 4235 1930 4284 lx.
1950 4232 2046 4284 col.
2077 4238 2211 4285 1140.
2233 4231 2350 4283 Ideo
2371 4244 2488 4282 vcro
2507 4229 2692 4293 dicitur
2711 4240 2864 4295 roan·

652 4304 844 4369 larue»-
863 4326 926 4363 no
946 4311 1227 4365 viderentur
1245 4314 1441 4367 excludi
1464 4316 1614 4366 nutus
1631 4313 1824 4409 aliaque
1846 4313 2002 4376 signa,
2010 4312 2190 4376 quibus
2206 4306 2472 4362 comanus
2487 4322 2573 4373 per
2586 4320 2658 4371 se,
2677 4294 2764 4358 aut
2781 4319 2871 4393 μι-

648 4392 785 4444 otton
797 4391 959 4442 ettam
966 4391 1239 4455 praebetur.
