3276 5083
619 462 759 513 mr.
785 461 875 512 iv.
902 459 983 509 ne
1006 457 1240 509 Ancon.
1277 457 1395 508 vno
1430 455 1588 507 men
1612 455 1693 506 nn
1727 454 1920 506 nra.
1954 453 2081 505 civ.
2109 455 2249 506 ΑΜ.
2273 455 2319 505 1.
2464 432 2602 504 349

395 580 628 656 nietris
647 636 664 665 ,
695 578 831 653 sibi
854 575 1024 651 solis
1049 576 1156 650 ius
1182 590 1601 649 reservantes
1636 571 2084 670 intelligendi,
2126 572 2606 671 interpretandi

390 712 458 769 et
489 692 877 793 applicandi
924 692 1102 764 idem
1145 691 1475 763 Statutum
1504 689 1589 761 ad
1619 687 1791 760 fines
1827 712 2033 774 suos3
2068 685 2356 785 seipsos
2383 711 2609 760 sacra-

394 825 619 883 mento
671 807 1017 905 religionis
1079 804 1471 879 devinciunt
1526 803 1612 876 ad
1666 803 2010 902 proprium
2062 802 2194 876 sibi
2245 801 2611 875 demanda-

394 939 538 997 tum
590 948 843 995 munus
892 921 1155 996 sincere
1203 917 1626 1003 obeundum;
1680 932 1748 989 et
1798 918 1893 989 ita
1937 942 2159 1015 porro.
2212 915 2346 989 Vae
2387 931 2611 990 autem

390 1037 529 1111 illis
555 1095 573 1123 ‚
622 1036 741 1136 qui
790 1035 1149 1111 violatores
1199 1059 1279 1108 ac
1321 1033 1641 1107 fractores
1691 1031 1974 1106 huiusce
2021 1031 2458 1105 iurisiurandi
2494 1031 2613 1106 de-

388 1151 990 1253 prehenderentur!
1017 1153 1094 1223 ln
1120 1150 1248 1225 hos
1274 1150 1452 1223 enim
1479 1146 1685 1223 veluti
1714 1147 1784 1219 in
1809 1146 2040 1221 violati
2067 1146 2421 1222 iuramenti
2460 1172 2611 1221 reos

392 1268 936 1342 animadvertunt
1000 1264 1422 1364 gravissimis
1475 1263 1741 1364 poenis.
1798 1263 1869 1333 Si
1930 1262 2048 1362 qui
2095 1288 2254 1337 vero
2306 1262 2476 1359 legis
2533 1288 2614 1336 ac

388 1383 827 1457 iurisiurandi
879 1382 1196 1455 fractores
1233 1380 1571 1479 propriam
1612 1377 1981 1453 obtendant
2018 1380 2509 1461 convictionem,
2549 1376 2611 1451 si

394 1500 762 1573 libertatem
795 1498 1218 1571 conscientiae
1259 1521 1382 1597 pro
1417 1520 1492 1568 se
1529 1493 1928 1581 reclament,
1962 1519 2080 1567 eos
2114 1518 2249 1566 non
2284 1492 2608 1579 audiunt,

388 1614 510 1689 sed
546 1614 733 1688 iuxta
775 1612 1000 1710 legum
1046 1611 1331 1711 rigorem
1366 1609 1688 1710 plectunt.

538 1728 858 1815 Quinimo
901 1727 969 1800 in
1008 1727 1288 1802 istorum
1341 1724 2066 1826 pseudo-politicorum
2120 1725 2434 1801 manibus
2473 1726 2616 1799 ius-

388 1845 750 1918 iurandum
803 1843 1321 1919 instrumentum
1364 1858 1472 1917 est
1520 1841 1951 1942 potissimum
1973 1899 1989 1925 ,
2045 1841 2228 1941 quod
2271 1842 2446 1941 ipsis
2487 1842 2616 1913 mi-

391 1959 579 2032 rifice
627 1959 911 2032 inservit
942 1958 1027 2031 ad
1062 1957 1405 2032 vexandos
1455 1958 1782 2032 ecclesiae
1823 1958 2195 2035 ministros.
2241 1956 2613 2030 Identidem

391 2073 571 2146 enim
622 2073 760 2171 ipsi
803 2089 921 2145 aut
959 2070 1143 2169 leges
1192 2071 1524 2157 condunt,
1567 2087 1686 2145 aut
1719 2072 1987 2145 decreta
2036 2072 2245 2145 edunt
2291 2071 2616 2145 ecclesiae

394 2187 524 2260 iuri
560 2212 641 2261 ac
672 2185 964 2262 libertati
1008 2187 1342 2261 contraria
1360 2243 1378 2274 ,
1410 2211 1588 2284 quae
1610 2186 1864 2285 optime
1889 2203 2177 2261 noscunt
2202 2187 2385 2260 haud
2414 2211 2617 2285 posse

390 2326 432 2374 a
465 2299 799 2375 catholieo
833 2300 1208 2388 sacerdote,
1242 2317 1358 2374 aut
1382 2326 1425 2373 a
1451 2299 1789 2398 religiosis
1823 2300 2021 2388 viris,
2054 2300 2244 2375 salva
2269 2301 2618 2379 conscien-

392 2414 488 2489 tia
508 2472 525 2502 ,
570 2414 849 2489 servari.
906 2415 1216 2490 Attamen
1267 2440 1386 2490 eos
1438 2431 1688 2512 cogunt
1735 2414 1823 2488 ad
1873 2415 2354 2515 praestandum
2400 2415 2616 2489 iusiu-

395 2528 717 2617 randum,
757 2555 894 2628 quo
932 2527 1187 2629 iniquis
1236 2528 1374 2606 illis
1424 2529 1690 2629 legibus
1735 2556 1888 2605 sese
1930 2529 2376 2629 obstringant.
2420 2529 2615 2617 Quod

389 2646 448 2720 si
492 2661 806 2720 recusent
831 2702 848 2732 ,
894 2645 1078 2720 velut
1118 2647 1192 2719 in
1234 2645 1547 2745 publicos
1590 2645 1936 2720 societatis
1979 2645 2212 2721 hostes
2246 2672 2328 2720 ac
2363 2646 2618 2747 patriae

397 2760 771 2859 proditores
807 2761 878 2834 in
912 2788 1030 2837 eos
1065 2761 1296 2835 furunt
1318 2788 1400 2837 ac
1425 2760 1951 2849 debacchantur,
1982 2787 2102 2836 eos
2135 2762 2407 2850 officiis,
2439 2787 2618 2861 quae

386 2875 715 2964 obtinent,
753 2877 1167 2965 destituunt,
1209 2893 1326 2952 aut
1352 2877 1733 2978 impediunt
1756 2877 2120 2978 quominus
2146 2904 2228 2952 ea
2252 2903 2619 2978 assequan-

396 3004 504 3174 tiur
536 3006 802 3200 {Hagter
834 2990 1167 3091 reliquum
1197 3018 1564 3091 poenarum
1590 3010 1990 3093 apparatum
2017 2994 2107 3067 ad
2131 3019 2249 3069 eos
2275 2995 2611 3070 insectan-

443 3129 521 3177 os
719 3161 733 3176 .

541 3380 642 3444 (18)
674 3384 745 3432 En
769 3382 889 3447 quid
916 3384 1063 3434 refert
1080 3384 1336 3448 Ephemer.
1361 3383 1561 3437 L'Bcho
1582 3385 1653 3436 du
1674 3388 1813 3437 Mont
1841 3387 1998 3437 Blanc
2032 3400 2185 3438 mens.
2205 3387 2322 3438 Feb.
2352 3394 2487 3439 1855.
2508 3407 2534 3432 κ
2549 3390 2619 3439 Le

396 3459 646 3512 ministere
658 3463 793 3513 vlent
801 3463 1064 3528 d’envoyer
1077 3464 1110 3515 δ
1121 3478 1204 3516 ees
1215 3467 1385 3528 agents
1402 3480 1499 3517 une
1517 3466 1790 3528 circulaire,
1812 3481 1899 3531 par
1922 3468 2133 3531 laquelle
2147 3469 2185 3519 11
2206 3468 2314 3519 leur
2333 3469 2624 3519 commende

394 3539 442 3590 la
463 3541 784 3592 survelllance
801 3543 849 3592 la
869 3543 980 3606 plus
1012 3545 1172 3594 active
1203 3546 1372 3595 contre
1394 3544 1465 3595 les
1492 3547 1695 3608 preti-ee.
1720 3549 1795 3595 on
1813 3545 1922 3596 doit
1938 3546 2012 3597 les
2028 3547 2163 3610 epier
2181 3546 2307 3597 dans
2329 3546 2400 3597 les
2417 3559 2617 3597 conver·

388 3619 574 3671 satione
585 3620 843 3686 pnbllques
855 3626 905 3674 et
920 3624 1242 3687 perticuliers,
1257 3628 1307 3675 et
1321 3626 1517 3675 mrtout
1536 3625 1661 3676 dans
1680 3626 1753 3676 les
1771 3625 1994 3677 discours
2009 3627 2095 3689 qui
2111 3627 2391 3690 pourraient
2408 3639 2616 3690 pronon·

392 3712 475 3750 cer
496 3713 558 3751 en
577 3701 761 3752 chaire.
791 3705 889 3753 Des
912 3702 1087 3755 amdan
1105 3707 1275 3756 serent
1292 3705 1505 3768 envoyee
1524 3708 1724 3769 partout
1743 3704 1839 3756 atla
1861 3706 1925 3756 de
1940 3705 2176 3758 chet-cher
2208 3706 2298 3758 des
2330 3705 2471 3758 bases
2490 3707 2618 3758 d'ac·

393 3779 666 3829 enantion.»

542 3859 663 3909 Tale
689 3862 767 3910 eet
796 3862 1007 3923 systum·
1038 3864 1385 3926 persecutionis
1404 3864 1453 3914 in
1474 3864 1747 3929 subalplnis
1779 3867 1949 3917 contra
1986 3865 2260 3918 libertatem
2295 3867 2620 3918 conscientiae

546 4019 730 4072 Eadem
768 4021 1015 4085 ephemer.
1047 4023 1194 4074 refert
1227 4026 1394 4075 textus
1415 4025 1740 4077 articulorum
1762 4026 1883 4090 legis
1903 4035 1950 4079 5.
1973 4028 2086 4078 lulli
2109 4032 2247 4080 1854.
2267 4028 2400 4079 circa
2418 4028 2620 4093 modifi-

390 4104 620 4153 cationes
642 4100 834 4153 codicis
849 4102 1089 4167 poenalis
1106 4139 1124 4164 ,
1152 4118 1279 4166 quae
1301 4106 1593 4169 applicanda
1619 4108 1926 4172 proponitur.

539 4183 708 4233 Λευὶ.
736 4201 761 4227 ι
783 4181 1145 4233 Lesmlnlstres
1173 4182 1263 4233 dee
1290 4184 1474 4248 celtes,
1500 4186 1616 4250 qni,
1643 4186 1768 4237 dans
1806 4187 2061 4239 rexerdce
2085 4187 2149 4239 de
2174 4187 2305 4239 leun
2337 4189 2615 4253 fonctions,

395 4265 758 4322 prononceront
775 4275 838 4314 en
856 4261 1122 4314 anemhlee
1138 4263 1375 4328 publique
1396 4278 1466 4316 nn
1486 4266 1711 4318 ‹llsconrs
1730 4267 2029 4319 mnfermmt
2043 4282 2144 4321 nne
2159 4282 2364 4322 cenom-e
2378 4270 2468 4322 dee
2488 4271 2618 4323 inett-

395 4339 581 4468 llum
603 4344 654 4393 et
669 4341 758 4395 de·
780 4342 874 4396 lols
894 4342 958 4394 de
976 4342 1137 4406 Petet,
1172 4347 1339 4396 nerent
1365 4345 1510 4409 punis
1545 4345 1665 4397 d'un
1698 4348 2144 4413 emptisonnement
2168 4349 2234 4402 de
2259 4350 2384 4403 trols
2421 4351 2549 4403 mois
2577 4353 2615 4402 ‘a

431 4430 524 4470 eu!
549 4433 684 4473 m.»
