3276 5083
621 415 711 484 80
1005 433 1127 484 m.
1169 433 1217 483 1.
1258 433 1429 484 ster.
1471 434 1517 483 ι.
1560 433 1640 483 ns
1679 431 1940 484 ιιιιιιιι.
1984 432 2410 484 ειειιιιιιιιιιο.

763 553 1275 650 Decimoquarto.
1332 551 1614 624 Demum
1683 551 2144 636 concludunt,
2219 551 2536 624 universa
2596 533 2834 651 prope-

619 667 891 741 modum
924 666 1255 764 legislatio
1287 667 1611 741 canonica
1644 683 1996 741 evanescet
2032 667 2212 740 circa
2257 647 2631 739 christiana
2683 693 2835 741 con-

622 781 860 869 nubia,
893 782 1091 881 eique
1116 780 1260 855 sola
1284 781 1612 879 legislatio
1653 783 1872 856 civilis
1912 782 2318 869 sufficietur,
2382 783 2493 869 si,
2550 784 2645 858 uti
2697 785 2838 857 ani-

621 893 1099 973 madvertimus
1123 955 1138 984 ,
1204 896 1388 970 illam
1444 898 1646 970 unice
1702 913 1956 996 partem
2012 897 2343 997 excipias,
2399 922 2572 996 quae
2630 898 2841 971 afficit

622 1007 1101 1113 dispositiones
1152 1037 1327 1111 quae
1364 1011 1450 1084 ad
1485 1011 1973 1086 sacramentum
2026 1011 2149 1085 rite
2199 1010 2699 1111 suscipiendum
2734 1038 2840 1085 re-

621 1129 1000 1227 quiruntur.

770 1241 956 1314 Talia
1007 1257 1165 1315 sunt
1212 1231 1571 1342 praecipua
1619 1240 2001 1328 corollaria,
2045 1267 2219 1342 quae
2252 1267 2331 1314 ex
2366 1236 2530 1314 Cani
2571 1258 2840 1314 senten-

625 1356 719 1429 tia
768 1356 952 1430 haud
1002 1357 1199 1456 pauci
1249 1357 1449 1430 etiam
1497 1356 1673 1428 inter
1719 1356 2085 1430 catholicos
2144 1356 2564 1430 deduxerunt
2610 1373 2841 1430 contra

627 1471 954 1559 mentem,
994 1487 1070 1545 ut
1101 1471 1431 1559 diximus,
1473 1455 1799 1559 auctoriS,
1840 1471 1957 1571 qui
1993 1470 2287 1571 profecto
2320 1472 2516 1569 longe
2547 1472 2636 1544 ab
2672 1473 2842 1546 eius-

626 1586 807 1660 modi
861 1586 1181 1661 doctrinis
1237 1587 1512 1675 aberat,
1570 1613 1788 1686 neque
1845 1586 2240 1686 praevidit
2220 1613 2291 1658 ιιι
2342 1612 2547 1686 quam
2599 1587 2841 1660 malam

635 1699 891 1801 partem
951 1699 1344 1774 maleferiati
1402 1700 1711 1775 homines
1782 1701 2112 1774 sententia
2174 1701 2303 1774 hac
2370 1726 2493 1774 sua
2558 1700 2845 1774 fuissent

628 1815 928 1890 abusuri.
972 1817 1048 1887 Ῑιι
1099 1816 1427 1890 eiusmodi
1477 1816 1657 1891 enim
1709 1816 2143 1890 consectariis
2193 1815 2577 1890 evolvendis
2600 1874 2616 1903 ,
2673 1842 2848 1916 quae

628 1932 922 2032 profecto
956 1959 1037 2006 ex
1062 1931 1225 2004 Cani
1253 1923 1584 2005 sententia
1620 1931 1917 2030 legitime
1953 1958 2085 2006 non
2119 1931 2559 2017 descendunt,
2585 1931 2846 2032 praeci-

634 2073 768 2147 pue
800 2046 1281 2134 excelluerunt,
1315 2047 1431 2146 qui
1459 2039 1676 2119 aulici*
1697 2039 2055 2146 scriptores
2090 2045 2413 2131 audiunt,
2456 2045 2573 2145 qui
2606 2070 2845 2145 nempe

631 2188 711 2235 ex
761 2157 1413 2260 assentationeerga
1448 2161 1790 2261 principes
1822 2161 2014 2235 veriti
2055 2186 2188 2234 non
2231 2174 2388 2233 sunt
2419 2185 2694 2232 causam
2734 2185 2847 2232 ca-

631 2276 948 2351 tholicam
998 2278 1321 2377 prodere;
1377 2276 1579 2350 etiam
1619 2274 2166 2377 pseudo—politici
2191 2332 2207 2362 ,
2258 2275 2373 2374 qui
2409 2300 2570 2373 prae
2603 2273 2850 2371 gaudio

629 2392 912 2468 exiliunt
958 2392 1220 2492 quoties
1268 2391 1591 2465 ecclesiae
1638 2389 2007 2464 catholicae
2029 2447 2044 2475 ,
2094 2414 2174 2462 ac
2215 2388 2396 2461 sedis
2445 2387 2851 2487 apostolicae

631 2506 806 2580 iura'
843 2506 1158 2580 invadere
1225 2520 1549 2606 possunt,
1603 2521 1680 2577 ut
1725 2504 1842 2578 illa
1889 2505 1958 2576 in
2012 2503 2353 2603 principes
2414 2502 2840 2577 transferant.

633 2620 891 2693 Exinde
922 2621 1121 2694 etiam
1157 2622 1646 2721 profluxerunt,
1690 2645 1864 2718 quae
1902 2619 2202 2719 synodus
2236 2619 2657 2719 pistoriensis
2692 2645 2852 2692 con-

635 2733 852 2807 stituit
898 2734 1077 2839 circa
1125 2734 1603 2834 impedimenta
1649 2733 2146 2808 matrimonium
2197 2734 2616 2819 dirimentia;
2673 2760 2850 2833 quae

639 2846 820 2922 circa
860 2848 1355 2922 matrimonium
1390 2847 1585 2921 civile
1617 2846 1867 2920 alicubi
1909 2863 2159 2922 tentata
2210 2865 2397 2935 sunt;
2446 2840 2641 2948 quae⁴
2672 2848 2847 2921 circa

632 2961 954 3050 divortia,
1008 2978 1126 3035 aut
1171 2962 1621 3064 polygamiam
1662 2962 1871 3036 variis
1907 2962 1977 3033 in
2011 2962 2395 3060 regionibus
2437 2962 2692 3059 ingenti
2728 2988 2850 3062 pu-

634 3077 851 3151 blicae
899 3078 1271 3152 honestatis
1322 3078 1608 3164 iactura,
1651 3094 1719 3151 et
1749 3104 2012 3152 morum
2062 3075 2435 3178 corruptela
2472 3078 2844 3176 agitantur,

635 3192 903 3293 aliaque
950 3192 1280 3267 eiusmodi
1333 3193 1510 3266 mala
1546 3218 1677 3267 non
1713 3218 1928 3293 pauca
1947 3251 1963 3280 ,
2004 3219 2178 3294 quae
2211 3193 2400 3267 hisce
2434 3191 2847 3290 temporibus

636 3307 852 3404 magis
900 3333 978 3380 ac
1027 3307 1243 3404 magis
1294 3308 1365 3379 in
1414 3307 1561 3381 dies
1612 3322 1924 3381 crescunt
1970 3324 2036 3381 et
2084 3307 2471 3381 dilatantur.

782 3421 1223 3522 Quapropter,
1245 3439 1319 3496 ut
1343 3422 1762 3522 perniciosae
1792 3422 2121 3495 eiusmodi
2158 3423 2501 3496 doctrinae
2524 3436 2849 3521 quantum

637 3538 707 3609 in
758 3537 955 3612 nobis
1004 3537 1133 3610 erit
1179 3537 1625 3625 obsistamus,
1670 3538 1803 3611 huc
1853 3555 2130 3612 conatus
2168 3538 2536 3634 dirigemus
2585 3562 2843 3622 omnes,

636 3669 712 3725 ut
743 3678 892 3725 eam
934 3652 1255 3727 radicitus
1289 3652 1699 3751 extirpemus
1733 3670 1798 3727 et
1829 3651 2305 3727 convellamus.
2350 3654 2584 3752 Itaque
2608 3678 2689 3725 ex
2723 3650 2851 3725 hac

635 3766 820 3840 brevi
865 3768 1126 3842 futurae
1171 3768 1585 3843 tractationis
1630 3768 2140 3844 adumbratione
2164 3826 2179 3855 ,
2221 3768 2355 3840 iam
2391 3767 2850 3869 progredimur

636 3882 722 3955 ad
748 3884 1142 3982 exponenda
1166 3883 1518 3984 utriusque
1542 3884 1911 3958 sententiae
1928 3884 2014 3957 de
2037 3884 2345 3965 ministro
2371 3884 2806 3957 fundamenta
2828 3910 2844 3968 ;

636 4024 814 4096 quae
844 3997 1162 4100 deinceps
1197 4027 1320 4100 per
1351 4000 1713 4101 quamdam
1743 4000 1948 4073 crisin
1983 3999 2432 4100 expendemus
2454 4058 2469 4085 ,
2500 4013 2573 4071 ut
2604 3997 2852 4072 veritas

638 4139 762 4187 suo
796 4112 865 4185 in
898 4112 1151 4187 lumine
1197 4115 1574 4191 collocetur.
1619 4115 1810 4201 Quod
1847 4130 1920 4187 ιιι
1953 4114 2218 4213 plenius
2252 4114 2670 4189 obtineamus
2689 4170 2705 4199 ,
2746 4137 2854 4184 ar-

639 4244 952 4328 gumenta
1001 4229 1390 4327 singillatim
1454 4231 1866 4331 proferemus
1929 4230 2072 4303 sive
2121 4256 2201 4303 ex
2250 4230 2516 4315 Bibliis,
2581 4228 2723 4301 sive
2773 4252 2853 4298 ex

640 4344 980 4445 patribuS,
1024 4345 1165 4420 sive
1199 4372 1277 4419 ex
1313 4346 1448 4420 alio
1479 4346 1720 4445 quovis
1766 4345 2135 4442 theologico
2183 4345 2845 4444 fonte-deprompta,
