3276 5083
518 483 656 531 cir.
692 482 738 530 1.
773 476 917 529 nr.
953 479 997 527 ι.
1029 478 1111 527 ns
1142 476 1444 528 venture
1478 477 1740 527 εΑοιιΑιι.
1778 473 1858 526 tx
1893 476 2068 527 sect..
2106 478 2322 530 nocrn.
2480 453 2563 528 11

353 617 466 675 tas
484 624 489 661 ι
516 621 753 699 preces
804 595 1094 670 recitans
1112 652 1129 683 ,
1175 596 1533 669 identidem
1572 612 1826 695 repetat
1861 596 2144 693 gratiam
2183 597 2574 672 contrahen..

360 714 551 787 tibus
598 738 678 786 ex
727 736 806 785 ea
854 711 1282 809 susceptione
1329 710 1640 784 conferri.
1699 709 1943 783 Omnia
1984 710 2287 785 ordinate
2337 737 2574 810 proce·-

358 831 581 903 duut:
646 828 1161 928 praemittuntur
1200 825 1561 924 sponsalia
1595 882 1611 911 ‚
1665 841 1986 898 caventur
2042 825 2517 925 impedimenta
2548 884 2564 913 ,

364 959 639 1016 mutuus
688 964 1062 1014 consensus
1091 957 1164 1012 et
1195 940 1566 1038 acceptatio
1606 964 1924 1039 expresse
1959 938 2414 1027 declarantur,
2457 940 2577 1014 iis-

354 1082 493 1157 que
528 1059 652 1129 rite
688 1055 1012 1154 peractis,
1052 1053 1429 1127 celebratur
1457 1054 1701 1140 missa,
1744 1054 1871 1128 sub
1906 1055 2099 1128 cuius
2137 1055 2341 1127 finem
2378 1080 2579 1153 spon·-

354 1198 480 1246 sus
521 1188 839 1269 uterque,
879 1169 1150 1268 praevie
1185 1168 1533 1241 coufessus
1552 1226 1568 1254 ,
1609 1194 1870 1241 sacram
1905 1168 2380 1242 eucharistiam
2415 1169 2577 1242 reci-

360 1289 490 1386 pit,
522 1303 590 1359 et
621 1287 691 1356 in
725 1310 891 1383 pace
923 1283 1299 1357 dimittitur.
1333 1282 1510 1369 Quid
1548 1283 1659 1355 hio
1692 1282 1778 1355 ad
1815 1284 2216 1356 sacramenti
2255 1285 2576 1357 rationem

362 1401 607 1475 deesse
658 1400 862 1473 velint
889 1397 1131 1475 ποιῶσί
1156 1452 1174 1485 ‚
1231 1398 1412 1470 haud
1473 1396 1785 1497 equidem
1843 1423 2221 1497 assequor3
2290 1399 2380 1471 si.
2407 1399 2575 1498 quid

362 1515 637 1590 aliunde
668 1533 900 1615 peccet
931 1531 1274 1614 coptorum
1311 1514 1719 1611 ignorantia,
1767 1514 1833 1585 id
1873 1540 2090 1613 neque
2122 1513 2316 1600 huic,
2356 1538 2577 1614 neque

358 1633 515 1707 aliis
560 1629 1004 1705 sacmmsntis
1060 1630 1527 1702 detrimentum
1584 1628 1827 1703 afferre
1886 1654 2087 1728 posse
2144 1628 2575 1729 perspicuum

354 1765 465 1822 est
512 1750 691 1843 (32).
730 1775 767 1816 a·
805 1742 956 1818 Alia
1007 1744 1201 1844 plura
1246 1743 1456 1817 videri
1499 1759 1785 1843 possunt
1823 1744 2003 1843 apud
2045 1743 2533 1819 Renaudotium
2553 1803 2568 1831 ‚

348 1889 536 1964 quae
575 1860 996 1937 orientalium
1034 1860 1334 1934 omnium
1373 1877 1760 1960 perpetuam
1807 1859 2316 1933 consensionem
2361 1860 2431 1932 in
2474 1884 2578 1933 re·-

354 1976 698 2052 oensendo
740 1975 1058 2071 coniugio
1101 1974 1273 2046 inter
1308 1990 1563 2073 septem
1615 1990 2031 2048 sacramenta
2069 1999 2112 2046 a
2151 1973 2422 2048 Christo
2472 1975 2575 2045 in-

356 2094 595 2166 stitut-
640 2088 1195 2163 manifestissime
1241 2089 1601 2163 ostendunt
1649 2092 1824 2184 (33).

509 2206 637 2277 uis
687 2203 941 2303 aliquid
979 2202 1270 2276 adiicere
1306 2202 1489 2274 lubet
1529 2229 1608 2274 ex
1651 2201 1937 2275 ecclesia
1978 2228 2248 2275 armena
2293 2201 2378 2275 ad
2419 2228 2580 2276 con·-

364 2318 782 2393 stituendum
831 2318 1198 2417 pleniorem
1234 2315 1657 2389 orientalium
1699 2317 1995 2389 omnium
2032 2315 2576 2389 communionum

360 2460 766 2509 consensum
804 2434 983 2507 circa
1015 2434 1357 2506 veritatem
1398 2431 1795 2505 sacramenti
1831 2430 2262 2505 matrimonii.
2304 2430 2580 2505 Constat

363 2576 561 2651 porro
595 2575 905 2624 armenos
942 2576 1074 2623 una
1106 2569 1259 2622 cum
1301 2546 1542 2622 ceteris
1586 2548 2036 2647 septenarium
2078 2548 2319 2647 quavis
2363 2563 2577 2622 neme

362 2679 927 2739 sacramentorum
964 2688 1311 2736 nnmerum
1349 2663 1709 2737 admisisse
1742 2678 1808 2734 et
1842 2662 2214 2738 credidisse
2247 2663 2474 2737 omnia
2506 2678 2575 2737 et

364 2780 635 2879 singula
668 2806 711 2851 a
743 2779 1012 2854 Christo
1050 2776 1374 2853 instituta.
1427 2778 1634 2852 Cuius
1675 2778 2140 2853 affirmationis
2175 2780 2413 2853 vadem
2456 2779 2578 2853 da·-

364 2922 515 2969 mus
558 2895 1089 2968 infensissimum
1130 2895 1454 2968 ecclesiae
1486 2893 1855 2969 catholicae
1896 2895 2156 2969 hostem
2197 2912 2403 2996 atque
2437 2922 2579 2970 mo—

354 3011 835 3112 ·nophysiticae
871 3010 1231 3084 haereseos
1266 3027 1707 3110 promotorem
1748 3010 2144 3084 acerrimum
2177 3012 2569 3096 Vartanum,

368 3128 484 3228 qui
534 3128 605 3198 in
640 3127 910 3199 monitis
948 3125 1039 3198 ud
1087 3152 1377 3198 amnes
1415 3125 1585 3200 haec
1635 3125 1896 3200 scribit:
1945 3157 1978 3195 α
2009 3124 2259 3199 Pauius
2308 3141 2579 3226 aposto-

364 3239 470 3316 lus
518 3240 931 3341 discipulum
973 3267 1170 3315 suum
1214 3241 1609 3340 Dionysium
1661 3241 1748 3315 de
1795 3258 2050 3342 septem
2090 3240 2417 3316 ecclesiae
2465 3267 2578 3315 sa-

364 3358 726 3431 cramentis
768 3355 1062 3431 erudivit
1114 3359 1260 3453 (34)
1289 3414 1305 3443 ‚
1351 3387 1386 3426 ιι
1437 3373 1502 3430 et
1551 3357 1830 3430 iterum:
1887 3387 1923 3426 α
1954 3359 2254 3457 Septem,
2311 3357 2569 3456 inquit,

370 3472 692 3545 ecciesiae
753 3487 1170 3545 sacramenta
1235 3471 1478 3568 iugiter
1538 3496 1946 3546 exercemus.
2021 3471 2579 3546 christianismus

373 3586 553 3658 enim
588 3587 656 3658 in
693 3604 948 3685 septem
992 3585 1315 3659 ecclesiae
1358 3587 1793 3660 sacramentis
1835 3588 2068 3660 nititur
2107 3590 2284 3684 (35).
2322 3613 2358 3655 ιο
2397 3585 2582 3658 Enu-

515 3791 612 3855 (³²)
632 3794 763 3843 Acta
778 3794 1007 3842 sanctor.
1034 3790 1253 3840 Bolland.
1281 3790 1459 3841 mensis
1475 3789 1601 3852 junii
1626 3793 1748 3841 tom.
1767 3793 1828 3840 V.
1845 3792 1897 3842 in
1915 3790 2181 3856 appendice
2198 3790 2263 3842 sd
2284 3789 2584 3856 pauiarchas

369 3871 617 3922 alexandr.
649 3872 725 3921 De
755 3873 915 3935 ceptis
946 3869 1183 3921 iacebitis
1212 3869 1331 3920 sect.
1364 3869 1453 3920 m.
1482 3871 1558 3920 De
1591 3873 1862 3935 captorum
1888 3872 2229 3922 sacramentis
2263 3869 2315 3922 el
2348 3872 2573 3921 ieiuniis.

364 3952 412 4015 ς.
428 3956 746 4095 22⁴(-³t³›2)=sb¹¹:
756 3977 846 4082 izit.
874 4034 948 4081 De
976 4031 1031 4080 la
1047 4032 1341 4094 perpetuus
1359 4029 1425 4079 de
1444 4030 1499 4080 la
1511 4030 1596 4091 sot
1628 4034 1750 4082 tom.
1771 4034 1831 4082 V.
1855 4031 1941 4080 liv.
1971 4033 2051 4080 vl.
2075 4032 2154 4081 ch.
2177 4034 2260 4082 lv.

514 4111 616 4252 83
643 4113 768 4254 gig.
787 4113 874 4239 ilfi.
898 4192 1060 4249 Quum
1082 4192 1325 4241 vartonus
1341 4190 1420 4239 hic
1441 4190 1769 4239 ameniorum
1788 4192 2061 4254 episcopus,
2085 4194 2230 4255 prout
2251 4192 2433 4241 armeni
2453 4191 2579 4240 eiun-

367 4285 464 4334 que
490 4271 672 4336 scripta
709 4272 979 4332 testantur,
1011 4269 1204 4321 duobus
1236 4269 1335 4322 fere
1362 4270 1476 4319 ante
1509 4269 1704 4319 eonemi
1734 4270 1975 4322 florentini
2005 4272 2377 4322 celebrationem
2406 4270 2584 4320 seculis

369 4364 515 4414 open
554 4364 646 4401 sua
684 4350 923 4412 ediderit,
965 4353 1097 4413 patet
1131 4363 1228 4413 qua
1266 4350 1581 4400 affirmaverit
1616 4350 1809 4400 inscitia
1844 4352 2117 4402 Kemnitins
2143 4353 2192 4400 in
2231 4353 2418 4401 Exam.
2437 4363 2579 4400 conc.

372 4429 662 4481 wentini
686 4444 785 4493 par.
813 4432 873 4479 ΙΙ.
898 4442 1007 4492 cap.
1032 4432 1104 4479 De
1124 4441 1339 4479 numero
1361 4432 1676 4481 sacrament.
1694 4441 1801 4493 pag.
1828 4437 1903 4482 85.
1928 4450 1952 4474 α
1969 4431 2301 4494 septenarium
2324 4442 2579 4479 numerum
