3276 5083
680 422 819 471 cn.
844 421 933 470 iv.
953 422 1032 471 nn
1057 422 1293 472 annun.
1321 423 1436 473 rao
1464 422 1646 472 uss.
1673 424 1748 472 ιιι
1775 424 1966 473 nura.
2002 423 2130 472 c1v.
2162 425 2302 473 nr.
2339 425 2382 474 ι.
2530 404 2660 474 371

466 539 727 624 dentis,
766 565 883 611 cur
917 538 1091 613 hanc
1125 539 1714 638 independentiam
1755 540 2002 637 ipsam,
2032 538 2121 613 ad
2157 566 2360 639 quam
2385 542 2674 617 ecclesia

466 651 788 726 divinitus
834 652 938 725 ius
979 652 1216 739 habet,
1265 653 1326 726 ei
1381 651 1599 726 modis
1650 652 1962 726 omnibus
2013 654 2271 753 eripere
2321 657 2675 731 connitun-

468 765 623 838 tur?
673 765 892 851 Quare
940 767 1291 840 ecclesiam
1340 767 1765 867 deprimunt,
1807 767 1937 840 sub
1986 768 2142 864 iugo
2191 795 2404 868 eoque
2450 769 2675 844 duris—

467 881 639 955 simo
696 882 1035 969 detinent,
1092 882 1290 982 quale
1338 883 1449 956 vix
1504 883 1655 981 ipsa
1704 882 1873 955 l'erre
1924 883 2181 980 cogitur
2246 883 2375 957 suh
2442 884 2676 959 haere-

468 996 617 1070 ticis
681 1024 761 1072 ac
826 997 1211 1072 infidelibus
1246 998 1283 1068 ἲ
1352 998 1574 1083 Quare
1624 997 1811 1096 ipsos
1863 1023 1994 1071 non
2062 999 2267 1099 pudet
2333 1001 2672 1099 propriam

465 1127 742 1186 matrem
794 1113 1030 1194 cedere
1060 1170 1077 1200 ‚
1123 1111 1585 1214 proscindere,
1648 1111 2069 1186 dilacerare?
2129 1112 2353 1200 Quare
2413 1114 2669 1214 duplici

465 1242 744 1300 utuntur
785 1254 1136 1313 mensura,
1185 1227 1345 1300 hinc
1388 1226 1661 1326 quidem
1699 1225 2074 1300 extollendo
2107 1253 2189 1301 ac
2224 1227 2674 1327 promovendo

466 1341 1078 1438 protestantismum
1116 1400 1132 1428 ‚
1194 1341 1310 1441 qui
1363 1342 1576 1415 factus
1636 1357 1740 1414 est
1803 1342 2099 1440 ipsorum
2161 1341 2463 1429 idolum;
2518 1344 2676 1417 inde

464 1479 621 1528 vero
663 1455 1100 1554 deprimendo
1136 1456 1378 1553 iugiter
1416 1455 1630 1552 magis
1665 1481 1743 1528 ac
1776 1454 1994 1552 magis
2030 1456 2230 1529 unice
2259 1482 2485 1529 veram
2522 1457 2677 1530 reli-

464 1569 725 1665 gionem
750 1627 766 1655 ‚
820 1569 1393 1647 christianismum
1456 1569 1727 1668 plenum
1752 1627 1767 1655 ‚
1825 1595 1946 1642 seu
1994 1569 2345 1643 ecclesiam
2395 1571 2676 1645 catholi-

464 1709 609 1756 cam
637 1684 674 1754 ἲ
720 1685 1069 1786 Deponant
1117 1685 1322 1782 igitur
1382 1684 1651 1758 tandem
1712 1684 2076 1784 aliquando
2135 1685 2672 1784 pseudo-politici

461 1799 739 1885 larvam,
769 1827 905 1899 qua
931 1827 1007 1875 se
1031 1815 1421 1897 contegunt,
1455 1816 1659 1899 atque
1685 1812 1914 1897 aperte
1939 1823 2141 1872 sensa
2168 1824 2294 1872 sua
2321 1816 2629 1899 promant
2652 1858 2668 1888 ,

462 1941 547 1987 ne
597 1915 899 1989 incautos
948 1915 1215 1989 valeant
1264 1913 1547 1987 ulterius
1596 1914 1932 2012 decipere.

609 2030 766 2102 Post
826 2028 996 2101 haec
1058 2026 1426 2124 generatim
1489 2026 1944 2112 considerata,
2003 2027 2136 2099 iam
2199 2046 2491 2127 praestat
2548 2029 2676 2102 ali-

461 2141 623 2241 quid
684 2141 1077 2239 singillatim
1130 2139 1536 2240 respondere
1569 2139 1657 2212 ad
1693 2164 1774 2212 ea
1798 2197 1813 2225 ‚
1856 2164 2033 2238 quae
2070 2165 2152 2212 ex
2196 2166 2334 2214 uno
2384 2141 2676 2216 alterove

461 2271 719 2330 oratore
752 2282 959 2357 supra
993 2254 1363 2329 retulimus.
1397 2254 1583 2327 Unus
1619 2254 1847 2353 itaque
1880 2279 1960 2326 ex
1996 2254 2377 2330 oratoribus
2406 2282 2481 2330 se
2504 2255 2675 2331 velle

462 2368 726 2445 dicebat
764 2428 780 2458 ‚
836 2385 912 2443 ut
958 2386 1173 2444 status
1236 2370 1507 2443 omnino
1563 2368 2026 2466 seiungeretur
2082 2369 2168 2441 ah
2216 2370 2504 2445 ecclesia
2535 2427 2552 2457 ‚
2608 2388 2677 2446 et

459 2485 732 2585 quidem
783 2484 1110 2560 absolute.
1151 2484 1274 2557 Ast
1316 2483 1573 2558 sciebat
1609 2509 1696 2557 ne
1738 2483 1868 2557 iste
1912 2483 2007 2571 id,
2048 2483 2135 2559 de
2168 2510 2305 2584 quo
2355 2484 2673 2585 loqueba-

460 2618 568 2673 tur
590 2600 627 2671 ⁴?
673 2602 818 2673 Non
870 2616 1054 2697 puto.
1096 2598 1446 2697 Siquidem
1489 2598 1582 2670 rei
1643 2614 1881 2671 natura
1921 2622 2054 2671 non
2107 2598 2358 2697 patitur
2405 2616 2480 2671 ut
2526 2599 2674 2673 eius

456 2717 776 2791 voluntati
817 2713 935 2787 fiat
967 2716 1158 2788 satis.
1179 2714 1351 2785 Dum
1380 2729 1603 2787 orator
1633 2712 1834 2787 vellet
1866 2713 2357 2813 separationem
2392 2740 2676 2815 eamque

462 2831 835 2905 absolutam
872 2827 1210 2902 societatis
1245 2828 1334 2900 ab
1367 2827 1690 2914 ecclesia,
1731 2827 1929 2902 vellet
1961 2828 2296 2902 interitum
2335 2830 2671 2904 societatis

464 2945 681 3043 ipsius
722 3002 738 3030 ,
802 2943 1365 3043 quemadmodum
1415 2942 1615 3016 vellet
1664 2958 1941 3016 mortem
1992 2942 2285 3017 alicuius
2334 2945 2619 3020 viventis
2650 3003 2668 3032 ‚

463 3059 579 3158 qui
616 3059 815 3132 vellet
848 3059 1333 3158 separationem
1367 3058 1635 3130 animae
1670 3083 1711 3129 a
1745 3083 2045 3155 corpore.
2079 3057 2275 3142 Quod
2312 3058 2371 3131 si
2407 3058 2470 3131 ei
2504 3057 2673 3156 legis

462 3173 736 3248 schema
788 3173 989 3246 nimis
1043 3172 1332 3246 tribuere
1382 3173 1644 3247 videtur
1691 3171 2016 3246 ecclesiae
2049 3229 2065 3258 ,
2119 3171 2249 3246 hoc
2299 3172 2546 3272 pendet
2591 3199 2673 3246 ex

462 3289 670 3364 nimio
717 3289 984 3375 affectu,
1041 3313 1177 3387 quo
1227 3287 1373 3386 ipse
1424 3287 1492 3359 in
1542 3286 1899 3361 ecclesiam
1949 3285 2345 3360 catholicam
2396 3303 2672 3361 matrem

462 3431 654 3478 suam
674 3406 911 3478 fertur.
935 3405 1081 3476 Heu
1114 3402 1645 3502 quot-eiusmodi
1681 3402 1976 3499 ingratos
2021 3416 2223 3502 atque
2269 3402 2671 3476 inhumanos

464 3520 638 3594 filios
688 3521 756 3592 in
806 3520 963 3594 sinu
1012 3544 1136 3592 suo
1185 3517 1395 3591 nutrit
1432 3517 1754 3591 ecclesia!

606 3635 750 3706 Non
801 3633 1017 3707 solum
1068 3631 1289 3705 medio
1336 3657 1534 3718 aevo,
1580 3632 1699 3705 sed
1751 3648 1816 3705 et
1865 3659 1907 3705 a
1956 3633 2099 3706 suis
2144 3632 2527 3732 primordiis
2552 3689 2568 3718 ,
2608 3649 2674 3705 ct

461 3747 780 3848 deinceps
828 3775 909 3822 ac
958 3773 1224 3848 semper
1270 3746 1556 3820 ecclesia
1604 3747 1907 3820 benefica
1958 3749 2082 3821 fuit
2110 3805 2127 3836 ,
2194 3764 2259 3821 et
2307 3749 2455 3835 erit,
2511 3749 2672 3849 quia

464 3863 616 3937 talis
649 3878 755 3936 est
792 3865 1085 3937 essentia
1131 3888 1257 3936 sua
1278 3921 1294 3948 ‚
1345 3888 1501 3936 nam
1544 3863 1939 3937 informatur
1971 3891 2011 3937 a
2045 3864 2177 3938 fide
2211 3881 2278 3939 et
2308 3864 2663 3948 charitate,

460 4005 635 4078 quae
685 4004 1051 4077 numquam
1094 3977 1344 4051 excidit
1374 3980 1551 4072 (39).
1588 3978 1886 4051 Potestas
1930 3995 2152 4052 autem
2202 3979 2423 4053 civilis
2475 4003 2667 4053 suam

601 4204 704 4268 (³9)
731 4203 809 4254 Cf.
835 4204 1092 4267 Egregium
1122 4215 1248 4267 opus
1265 4201 1401 4253 card.
1424 4202 1578 4254 calet.
1602 4201 1893 4263 Baluffiffiut
1924 4201 2124 4253 titulus:
2152 4204 2227 4254 La
2246 4202 2420 4254 chiesa
2451 4211 2673 4253 romanu

461 4284 811 4334 moncatum
840 4279 956 4332 alla
982 4294 1086 4331 sua
1119 4280 1294 4332 carim
1325 4294 1474 4332 verso
1504 4280 1548 4330 il
1580 4283 1834 4345 prosumo
1863 4292 1957 4343 per
1989 4280 2043 4330 la
2075 4293 2202 4331 vera
2227 4280 2402 4331 chiesa
2437 4278 2494 4331 dt
2539 4277 2669 4329 cese

462 4362 633 4412 cristo
654 4363 758 4413 vol.
782 4364 899 4413 iii-8.
926 4363 1082 4412 lmola
1112 4366 1243 4412 1854.
1266 4361 1349 4410 uhi
1371 4360 1434 4411 de
1455 4361 1548 4410 hoc
1567 4362 1852 4423 argumento
1875 4360 2017 4423 plene
2034 4372 2092 4410 nc
2114 4359 2301 4412 erudite
2319 4358 2530 4411 disserit.

2480 4438 2520 4481 qe.
