3276 5083
1335 468 1682 520 PBOOEHIUU
1697 501 1708 513 ·
2553 463 2616 513 xl

405 590 710 685 damque
734 589 1036 660 diximus
1062 610 1099 659 a
1119 590 1264 660 Deo
1292 588 1505 660 fuisse
1522 590 1938 659 institutam:
1964 597 2110 657 tum
2138 584 2423 656 demum
2449 595 2619 655 tam·

405 729 621 800 quam
670 705 1039 800 proprium
1091 700 1446 796 religionis
1496 699 1809 772 officium
1849 711 1920 770 et
1954 722 2251 779 munus:
2305 698 2621 794 quando·

409 821 693 916 quidem
760 819 998 889 divina
1050 816 1486 912 providentia
1540 816 1803 887 factum
1846 827 1983 893 est,
2037 826 2116 886 ut
2172 811 2288 884 alii
2340 837 2420 884 ex
2469 814 2621 885 aliis

407 948 858 1006 nascerentur
889 934 1010 1026 qui
1041 932 1169 1003 filii
1200 933 1322 1002 Dei
1360 944 1589 1003 essent
1621 942 1691 1002 et
1724 929 2191 1000 immortalem
2226 927 2620 1000 beatitatem

402 1061 1038 1145 consequerentur:
1069 1047 1508 1141 exploratum
1548 1059 1776 1117 tamen
1806 1068 2026 1140 aeque
2059 1057 2201 1128 est,
2240 1064 2466 1139 neque
2489 1036 2619 1117 soli

402 1175 693 1235 naturae
740 1185 966 1256 neque
1026 1161 1208 1232 civili
1263 1160 1580 1255 potestati
1627 1159 1868 1231 datum
1921 1182 2071 1231 esse
2118 1159 2364 1231 eadem
2416 1158 2621 1254 plane

401 1280 714 1360 ratione,
758 1300 899 1372 qua
950 1275 1023 1347 id
1081 1273 1214 1346 sibi
1266 1275 1573 1347 vindicat
1626 1273 1878 1368 religio
1911 1326 1929 1356 ‚
1978 1277 2380 1369 nuptiarum
2433 1272 2623 1368 leges

408 1416 491 1465 ac
511 1395 662 1465 iura
688 1392 1064 1464 moderari.
1108 1390 1313 1476 Quod
1344 1392 1531 1462 enim
1567 1389 1760 1462 aliud
1807 1401 2096 1462 naturae
2125 1388 2441 1461 officium
2475 1412 2624 1461 esse

408 1508 753 1591 dicemus,
797 1528 1009 1600 quam
1049 1505 1182 1575 viri
1226 1527 1307 1577 ac
1356 1504 1669 1576 mulieris
1718 1496 2277 1599 coniugationem
2319 1505 2413 1576 ita
2452 1516 2622 1576 tem-

406 1645 652 1718 perare
683 1673 701 1705 ,
766 1644 847 1694 ac
897 1642 1173 1715 regere,
1229 1632 1306 1692 ut
1364 1643 1446 1691 ea
1490 1620 1783 1691 honesta
1829 1622 1916 1691 sit
1964 1632 2032 1692 et
2079 1621 2501 1715 susceptioni
2545 1640 2625 1692 ao

405 1737 821 1809 institutioni
875 1733 1142 1807 sobolis
1193 1757 1335 1806 non
1399 1735 1805 1807 adversetur
1828 1737 1866 1805 ἰ’
1917 1735 2109 1820 Quae
2171 1758 2344 1808 vero
2401 1735 2623 1807 civilis

405 1852 765 1948 potestatis
802 1862 1036 1946 partes
1079 1862 1243 1922 sunt
1267 1902 1286 1930 ‚
1326 1841 1446 1921 eae
1479 1872 1723 1921 omnes
1765 1850 1943 1922 intra
1981 1851 2080 1922 rei
2117 1847 2438 1946 publicae
2474 1872 2626 1922 am-

402 1966 630 2039 bitum
682 1978 754 2038 et
802 1966 1192 2037 communis
1233 1963 1403 2035 boni
1456 1987 1704 2036 eorum
1726 2017 1744 2047 ‚
1790 1968 1911 2060 qui
1962 1966 2357 2049 sociantur,
2412 1968 2624 2038 conti·

405 2095 683 2154 nentur.
713 2083 975 2151 Verum
1020 2078 1110 2150 ad
1154 2079 1510 2150 ecclesiam
1566 2080 1802 2162 unice,
1854 2092 1924 2152 et
1977 2083 2273 2176 proprio
2306 2104 2436 2153 suo
2472 2082 2624 2153 iure

406 2207 673 2290 spectat
719 2197 1123 2288 nuptiarum
1177 2191 1365 2287 leges
1414 2194 1990 2288 conditionesque
2038 2218 2119 2267 ea
2163 2197 2434 2267 ratione
2469 2217 2625 2266 mo-

409 2310 646 2381 derari
672 2361 690 2391 ‚
731 2320 809 2380 ut
848 2309 970 2404 qui
1006 2308 1183 2379 inire
1222 2308 1741 2379 matrimonium
1790 2308 2080 2391 volunt,
2129 2310 2179 2378 ii
2219 2331 2360 2379 non
2408 2308 2626 2384 modo

408 2423 604 2519 quod
658 2424 748 2495 ad
799 2446 1033 2496 mores
1081 2423 1324 2495 attinet
1350 2473 1370 2503 ,
1433 2445 1680 2494 verum
1747 2423 1958 2494 etiam
2016 2420 2209 2518 quod
2257 2412 2354 2494 'ad
2406 2436 2627 2496 mate-

406 2541 619 2625 riam,
659 2561 871 2634 quam
923 2538 1201 2634 ipsimet
1244 2534 1622 2633 praebent,
1672 2550 1743 2609 et
1790 2560 1929 2634 qua
1981 2551 2487 2612 sacramentum
2522 2539 2627 2611 ef·

407 2652 640 2725 ficitur
695 2656 835 2748 apti
885 2664 1093 2747 atque
1138 2651 1371 2723 idonei
1423 2649 1850 2734 habeantur,
1903 2676 1940 2725 a
1994 2674 2139 2748 quo
2191 2655 2423 2750 pactio
2475 2655 2625 2750 ipsa

407 2767 772 2864 nuptialis,
811 2790 994 2862 quae
1039 2770 1112 2837 in
1159 2778 1592 2840 sacramento
1626 2768 2033 2850 intercedit,
2078 2780 2197 2840 aut
2235 2791 2627 2841 sacramen-

408 2895 557 2954 tum
607 2885 842 2979 ipsum
898 2883 1251 2954 constituit
1277 2932 1294 2962 ‚
1334 2881 1665 2976 distingui
1701 2896 1821 2954 aut
1855 2882 2123 2965 dividi,
2164 2882 2629 2979 quemadmo-

411 2995 581 3067 dum
631 3018 670 3068 a
727 2989 1160 3068 sacramento
1232 2993 1664 3090 baptismatis
1727 2999 2047 3092 corporis
2107 2994 2380 3069 ablutio
2426 2989 2628 3069 nullo

412 3123 615 3205 pacto
667 3121 923 3205 potest.
985 3112 1215 3195 Quare
1272 3131 1410 3181 una
1468 3121 1573 3182 est
1624 3109 1909 3182 ecclesia
1937 3166 1954 3194 ‚
2011 3132 2193 3207 quae
2243 3134 2326 3182 ex
2393 3110 2628 3184 diviua

409 3249 622 3320 quam
667 3248 705 3297 a
753 3225 1029 3297 Christo
1086 3225 1385 3298 Domino
1432 3227 1695 3321 accepit
1742 3238 2086 3321 potestate
2131 3224 2629 3320 impedimenta

411 3341 783 3412 constituat
840 3338 1141 3435 quibus,
1192 3351 1313 3411 aut
1359 3340 1635 3411 irritum
1690 3340 1935 3436 plane,
1992 3353 2112 3414 aut
2172 3340 2494 3413 illicitum
2521 3343 2630 3414 'sit

413 3451 727 3524 fidelium
798 3452 1273 3536 connubium3
1352 3476 1488 3526 una
1546 3466 1652 3526 est
1711 3477 1893 3550 quae
1964 3455 2630 3551 impedimentorum

415 3568 686 3640 vincula
730 3569 1021 3641 honesta
1079 3568 1171 3641 de
1224 3591 1462 3641 caussa
1511 3568 1887 3654 dissolvat;
1944 3593 2083 3642 una
2128 3582 2275 3654 est,
2338 3593 2520 3665 quae
2570 3571 2631 3643 si

414 3681 611 3775 quod
653 3705 904 3779 anceps
944 3697 1013 3755 et
1057 3684 1357 3757 dubium
1398 3685 1534 3769 sit,
1565 3684 1903 3759 diiudicet
1947 3699 2018 3758 et
2057 3686 2465 3782 distinguat;
2493 3709 2632 3759 una

413 3795 702 3868 demum
746 3812 893 3879 est,
933 3822 1115 3893 quae
1150 3800 1552 3895 nuptiarum
1605 3801 1760 3872 iura
1810 3814 1879 3871 et
1933 3802 2397 3896 proprietates
2448 3813 2631 3875 caste

412 3922 620 4006 atque
670 3912 999 3985 inviolate
1051 3924 1352 3985 tueatur.

556 4028 711 4111 Qua
749 4027 1035 4121 quidem
1060 4030 1131 4100 in
1157 4052 1235 4101 re
1259 4029 1434 4101 dum
1469 4030 1689 4101 civilis
1731 4043 2035 4125 potestas
2055 4083 2073 4116 ,
2118 4044 2197 4103 ut
2234 4032 2315 4103 fit
2337 4083 2355 4113 ‚
2390 4034 2635 4105 consti·

414 4152 605 4212 tutos
649 4140 784 4212 sibi
836 4141 1010 4215 fines
1059 4143 1372 4229 excedit,
1412 4168 1638 4240 neque
1674 4144 1764 4216 ab
1801 4146 2087 4220 ecclesia
2124 4149 2196 4218 in
2232 4146 2472 4219 officio
2507 4168 2635 4242 pa·

416 4256 588 4326 titur
636 4258 1026 4340 contineri3
1079 4257 1326 4331 aborta
1369 4260 1629 4332 iurium
1679 4259 2094 4333 confusione
2150 4261 2635 4334 contentiones

416 4368 577 4441 illae
621 4394 772 4444 esse
824 4373 1197 4469 incipiunt,
1243 4397 1427 4470 quae
1465 4374 1638 4447 olim
1667 4386 1736 4447 et
1771 4375 1902 4446 hac
1940 4378 2091 4472 ipsa
2132 4386 2352 4448 aetate
2391 4387 2631 4447 nostra
