3276 5083
522 434 663 482 cn.
703 433 789 481 iv.
827 432 1056 486 ursa.
1083 432 1224 484 Aac.
1252 432 1331 484 os
1366 431 1502 486 um.
1527 432 1702 486 saca.
1736 434 1875 482 sar.
1901 435 1944 481 1.
1969 434 2397 488 mensum.
2512 413 2599 484 ΞΠ

372 550 606 649 posuit
668 547 945 624 modum
1005 548 1458 647 praescribere
1514 548 1880 638 Corinthiis
1913 608 1929 635 ,
1996 576 2168 648 quos
2232 553 2595 650 evangelici

374 690 741 764 praecones
806 681 1402 762 pressequerentur
1427 722 1441 751 ,
1496 691 1648 738 cum
1700 664 1812 737 alii
1877 691 1992 739 eos
2061 665 2261 739 nimis
2325 668 2599 748 extolle-

379 797 558 866 rent,
615 778 728 856 alii
779 793 1009 862 contra
1041 779 1245 854 nimis
1278 779 1749 878 deprimerent.
1792 779 2212 879 Quapropter
2243 780 2599 880 Apostolus

376 921 496 974 eos
529 894 721 968 docet
767 893 1247 977 existimandus
1281 908 1354 967 ut
1385 895 1714 968 ministros
1753 895 2004 967 Christi
2033 911 2093 967 et
2131 894 2599 994 dispensatores

375 1010 831 1108 mysteriorum
880 1009 1013 1084 Dei
1070 1011 1199 1103 (1).
1246 1008 1315 1082 Si
1372 1008 1528 1106 quis
1578 1035 1735 1083 vero
1787 1009 2268 1098 animadvertat
2321 1012 2388 1081 2.
2430 1010 2600 1111 Apo-

368 1122 617 1200 stolum
670 1125 740 1198 in
792 1123 1011 1222 capite
1060 1123 1485 1221 praecedenti
1522 1139 1586 1200 et
1624 1124 1698 1196 in
1737 1124 2069 1223 praesenti
2117 1124 2481 1200 nullimode
2513 1125 2600 1197 de

366 1237 811 1318 sacramentis
860 1236 1064 1310 verba
1112 1238 1362 1326 facere,
1419 1236 1541 1312 sed
1591 1239 1789 1318 unice
1841 1239 1927 1311 de
1977 1239 2103 1324 iis,
2162 1238 2278 1339 qui
2320 1238 2596 1314 verbum

370 1352 495 1425 Dei
538 1350 1040 1450 praedicabant,
1098 1351 1165 1423 in
1217 1352 1463 1450 quibus
1501 1352 1827 1426 Corinthii
1877 1352 2322 1451 eloquentiam
2360 1369 2426 1425 et
2464 1353 2593 1432 hu-

371 1491 638 1548 manam
680 1466 1030 1552 scientiam
1079 1465 1556 1565 exposcebant,
1600 1467 1693 1538 ita
1725 1483 1803 1539 ut
1834 1467 2021 1564 parvi
2062 1466 2387 1544 haberent
2419 1468 2596 1565 Apo-

366 1580 613 1660 stolum
677 1605 907 1658 eorum
974 1580 1324 1668 nonnulli,
1387 1606 1466 1654 eo
1528 1582 1709 1681 quod
1759 1581 1859 1656 eis
1910 1581 2325 1681 praedicaret
2374 1582 2594 1655 Iesum

366 1696 705 1768 czarem
752 1711 1008 1778 tantum
1056 1711 1117 1776 st
1165 1697 1330 1770 hunc
1380 1699 1784 1795 crucifixum.
1842 1698 2062 1795 Longe
2122 1697 2402 1796 proinde
2453 1711 2595 1770 erat

362 1809 450 1890 ab
482 1809 785 1908 Apostoli
812 1825 1034 1886 mente
1057 1810 1239 1910 loqui
1266 1811 1352 1883 de
1377 1829 1942 1892 sacramentorum
1982 1812 2583 1907 administratione.

490 1926 638 2008 Non
662 1940 885 2004 tamon
911 1925 1372 2003 contendimus
1392 1926 1781 2026 Apostolum
1809 1945 2221 2004 sacramenta
2240 1928 2592 2001 excludere

364 2040 660 2122 voluisse
683 2069 727 2122 a
749 2040 1057 2136 generice
1082 2043 1533 2140 mysteriorum
1556 2068 1743 2129 voce,
1768 2070 1916 2117 cum
1947 2043 2131 2118 nulla
2157 2043 2242 2118 ad
2272 2069 2352 2116 ea
2369 2041 2593 2118 exclu-

363 2155 591 2226 denda
617 2156 864 2228 ratione
891 2172 1282 2229 moveretur.
1313 2155 1461 2242 Quo
1487 2182 1693 2230 sensu
1719 2157 2029 2230 catholici
2064 2173 2375 2254 exegetae
2402 2155 2588 2230 Pauli

368 2285 621 2350 textum
655 2271 844 2348 etiam
881 2270 967 2350 do
1013 2271 1445 2350 sacramentis
1483 2288 1863 2370 exponunt,
1922 2287 2254 2369 quatenus
2306 2286 2374 2341 et
2422 2270 2591 2342 haec

368 2383 818 2464 administrari
861 2385 1332 2470 consueverint
1357 2412 1398 2458 a
1422 2385 1753 2460 ministris
1788 2384 1973 2460 verbi
2007 2384 2154 2456 Dei.
2180 2385 2419 2462 verum
2457 2410 2586 2458 non

362 2498 458 2580 ita
487 2525 565 2575 se
586 2515 826 2595 gerunt
862 2499 1289 2598 interpreteS,
1322 2499 1520 2598 quasi
1549 2498 1907 2599 praecipue
1941 2499 2025 2573 de
2066 2498 2176 2572 his
2212 2498 2590 2598 loqueretur

358 2613 748 2712 Apostolus,
791 2615 967 2695 Sane
999 2614 1102 2688 vel
1146 2615 1293 2713 ipse
1342 2616 1608 2702 Estius,
1651 2616 1767 2713 qui
1804 2615 2152 2714 amplexus
2190 2612 2582 2691 sententiam

356 2728 555 2813 cani,
616 2728 687 2803 in
736 2727 1225 2805 Commentario
1260 2730 1331 2801 in
1368 2730 1583 2818 hunc,
1640 2757 1839 2829 quem
1890 2757 2267 2817 versamuS,
2325 2727 2579 2812 locum,

358 2844 460 2921 sic
508 2871 667 2925 eum
717 2860 1017 2918 enarrat:
1082 2876 1114 2913 «
1149 2846 1633 2943 Dispensatores
1683 2849 2137 2945 mysteriorum
2169 2846 2327 2917 Dei.
2361 2903 2373 2914 .
2405 2901 2417 2914 .
2445 2845 2587 2942 My-

360 2960 567 3037 steria
617 2958 893 3057 quidam
946 2959 1462 3058 interpretantur
1517 2977 1931 3034 sacramenta
1979 2985 2187 3035 novae
2250 2957 2417 3056 legis
2442 3015 2458 3044 ,
2517 2957 2584 3031 id

361 3089 468 3151 est
517 3073 867 3151 sensibilia
914 3075 1112 3171 sigua
1145 3074 1235 3153 ad
1269 3075 1866 3153 sanctificationem
1917 3089 2210 3147 nostram
2245 3099 2285 3143 a
2321 3072 2586 3143 Christo

368 3187 652 3265 Domino
690 3187 1026 3274 instituta,
1067 3214 1351 3286 quorum
1389 3188 1676 3288 primum
1711 3204 1814 3277 est
1846 3187 2246 3286 baptismus.
2275 3184 2403 3257 Sed
2432 3211 2581 3256 cum

368 3302 515 3399 ipse
564 3301 816 3377 Paulus
866 3301 1109 3377 dixerit
1157 3305 1210 3374 l.
1261 3330 1410 3403 cap.
1442 3303 1590 3377 Non
1638 3304 1818 3375 misit
1866 3329 1963 3374 me
2013 3302 2326 3373 Dominus
2383 3300 2586 3398 bapti-

514 3554 585 3616 (1)
614 3558 688 3604 lta
708 3557 902 3611 comet.
931 3571 961 3609 a
982 3558 1192 3620 Lepide,
1227 3559 1445 3620 calmet,
1484 3560 1709 3623 Tirinus,
1738 3558 2064 3615 Bermrdinuss
2091 3572 2121 3607 a
2147 3558 2373 3619 Ρῑοοῦἰῡ,
2408 3556 2589 3619 aliique

368 3633 548 3697 panim
582 3635 812 3685 catholici
843 3635 1144 3700 interpretes.
1180 3640 1349 3702 Neque
1371 3639 1434 3688 ab
1453 3638 1530 3688 his
1550 3639 1845 3689 dissentiunt
1875 3640 2159 3701 interpretes
2189 3638 2511 3700 protestantes
2530 3650 2589 3684 ac.

368 3710 721 3775 rationalistae,
757 3727 882 3776 quos
904 3716 1030 3765 inter
1049 3729 1199 3765 unum
1234 3729 1563 3767 commemoro
1596 3720 1634 3766 1.
1655 3720 1714 3766 G.
1738 3716 2185 3776 Rosenmullerum,
2208 3715 2292 3778 qni
2319 3715 2368 3763 in
2387 3715 2588 3764 scholiis

360 3791 415 3841 in
452 3790 585 3842 hune
621 3792 716 3845 loe.
748 3792 817 3843 its
842 3794 1034 3844 scribit:
1076 3794 1348 3846 «Ostendit
1381 3808 1513 3849 nunc
1552 3795 1845 3859 Apostolus,
1885 3810 1985 3858 quo
2022 3796 2130 3846 loco
2171 3793 2341 3845 haberi
2377 3792 2587 3849 debeant

362 3870 542 3933 quibus
563 3870 807 3925 corinthii
829 3873 1063 3925 hactenus
1083 3874 1213 3925 iusto
1237 3875 1348 3937 plus
1368 3875 1444 3924 vel
1472 3876 1637 3925 minus
1669 3875 1947 3933 tribuerunt
1980 3883 2053 3937 ιι,
2079 3882 2145 3923 12.
2169 3882 2214 3936 3,
2231 3876 2453 3927 6....Nos
2480 3886 2587 3922 esse

362 3952 625 4000 ministros
657 3950 878 4014 Christi,
908 3952 1107 4015 minime
1126 3953 1351 4003 dominos
1368 3957 1556 4003 vestros
1577 3956 1617 4003 1.
1644 3957 1772 4005 Petr.
1787 3962 1841 4025 ὅ»,
1860 3961 1907 4004 9.
1927 3954 2074 4003 simul
2095 3957 2256 4003 tamen
2276 3953 2442 4015 erigit,
2463 3966 2587 4016 quos

361 4028 595 4085 &abac
626 4030 784 4080 videri
818 4034 1010 4094 poterat
1039 4048 1082 4081 c.
1098 4040 1146 4095 ³,
1167 4038 1277 4085 7....
1296 4036 1545 4096 mysteria
1571 4045 1669 4087 non
1691 4037 1810 4083 sunt
1827 4037 2181 4095 sacramenta,
2203 4046 2330 4096 qnae
2351 4035 2588 4087 vocantur

362 4108 593 4174 baptismi
615 4115 667 4161 et
684 4124 854 4167 sacrae
874 4126 1078 4177 coenae,
1099 4113 1187 4167 sed
1208 4114 1461 4165 doctrinae
1483 4113 1731 4176 religionis
1754 4114 2078 4176 christianae,
2100 4128 2226 4177 quae
2243 4113 2481 4167 occultae
2505 4126 2584 4162 vo·

363 4193 564 4253 cantur,
596 4191 715 4254 quia
741 4192 969 4243 omnibus
995 4194 1274 4243 hominibus
1303 4194 1494 4257 ignotae
1524 4197 1709 4256 essent,
1740 4193 1830 4242 nisi
1863 4197 1993 4243 Deus
2020 4195 2293 4244 revelasset.
2317 4196 2581 4242 Doctorum

360 4273 459 4330 est,
482 4271 575 4320 has
596 4271 849 4321 doctrinas
876 4285 936 4321 ex
967 4272 1218 4327 voluntate
1249 4274 1443 4324 Domini
1478 4273 1688 4335 tradere,
1728 4287 1825 4322 non
1858 4274 2132 4335 excogitare
2159 4286 2311 4324 novas
2329 4276 2581 4335 tamquam

363 4348 425 4409 ..d
465 4350 679 4409 “Mem
716 4352 964 4413 munem
998 4352 1337 4405 necessarias.»

2442 4463 2472 4510 7
