3276 5083
660 408 795 479 136.
1055 430 1178 480 un.
1220 430 1265 480 1.
1309 429 1480 480 scer.
1523 430 1568 480 1.
1610 432 1691 481 nr
1726 430 1987 489 nram.
2019 430 2446 481 siunins-ro.

650 546 943 620 medium
982 547 1298 647 proferre.
1335 548 1474 621 lam
1513 573 1670 621 vero
1705 549 1774 619 in
1809 547 2043 621 eodem
2078 547 2356 621 laudato
2389 570 2589 645 opere
2621 546 2867 645 Deisy-

651 662 849 747 nodo,
881 663 1058 763 quod
1085 689 1206 761 pro
1229 689 1305 735 se
1327 662 1617 760 allegant
1649 662 1812 735 Cani
1849 662 2168 749 asseclae,
2210 677 2438 761 aperte
2469 660 2866 734 Benedictus

652 794 844 851 vocat
891 778 1300 851 sacerdotem
1326 835 1342 864 ,
1412 802 1532 849 seu
1600 777 1964 875 parochum
2024 785 2262 848 testem
2294 775 2858 849 authorizabilem.

653 892 763 965 Sic
805 892 982 965 enim
1030 891 1264 964 scribit
1303 890 1420 962 lib.
1456 891 1630 962 Xlll.
1666 917 1726 963 c.
1761 893 1875 963 23.
1910 919 1978 962 n.
2015 893 2130 962 16.
2169 921 2202 959 «
2224 889 2563 963 Parochus
2594 889 2872 961 interest

655 1007 1075 1081 matrimonio
1110 1021 1446 1106 tamquam
1475 1007 1653 1077 testis
1680 1005 2178 1078 authorizabilis
2206 1031 2325 1104 pro
2348 1004 2660 1090 ecclesia,
2691 1029 2873 1103 quae

655 1148 806 1196 cum
847 1122 918 1194 in
959 1122 1112 1194 aliis
1155 1120 1443 1210 duobus,
1483 1137 1600 1194 aut
1634 1120 1848 1194 tribus
1900 1120 2183 1195 testibus
2232 1120 2319 1193 ad
2371 1119 2870 1194 matrimonium

657 1239 1058 1312 necessariis
1107 1263 1239 1310 non
1287 1264 1403 1310 eas
1454 1235 1809 1337 qualitates
1860 1236 2198 1336 requirat,
2256 1261 2431 1335 quae
2479 1234 2633 1308 illos
2683 1233 2867 1306 omni

656 1354 1044 1451 exceptione
1103 1352 1391 1425 maiores
1435 1351 1861 1424 constituant.
1897 1409 1910 1422 .
1944 1408 1956 1421 .
1988 1408 2001 1420 .
2036 1350 2290 1423 Idcirco
2351 1348 2622 1447 parochi
2677 1374 2874 1446 prae-

660 1467 945 1539 sentiam
991 1465 1200 1540 voluit
1254 1470 1492 1561 (conc.
1526 1465 2040 1568 tridentinum),
2080 1480 2154 1536 ut
2195 1465 2263 1536 in
2304 1464 2486 1537 illius
2541 1462 2874 1562 probitate

659 1580 1021 1652 maximum
1077 1580 1374 1653 veritatis
1426 1578 1928 1652 fundamentum
1994 1594 2358 1665 statueret,
2412 1594 2487 1651 ut
2534 1577 2876 1676 colligitur

660 1719 740 1765 ex
766 1692 1045 1766 historia
1070 1692 1334 1766 concilii
1358 1695 1510 1789 (49)
1529 1723 1591 1763 .»
1624 1694 1787 1766 Item
1815 1694 1886 1764 in
1914 1693 2335 1766 Institutione
2354 1694 2651 1765 xxxnl.
2686 1721 2754 1764 n.
2792 1694 2864 1763 2.

660 1806 939 1905 loquens
975 1806 1061 1880 de
1092 1807 1359 1880 concilii
1407 1807 1753 1880 tridentini
1794 1808 2059 1881 decreto
2081 1866 2096 1895 ,
2138 1833 2273 1908 quo
2306 1808 2736 1892 constitutum
2770 1823 2878 1880 est

660 1937 735 1994 ut
765 1921 1084 2021 deinceps
1124 1922 1624 1997 matrimonium
1659 1921 1786 1996 sub
1822 1922 2145 1996 nullitatis
2180 1949 2397 2021 poena
2431 1921 2879 1996 celebraretur

662 2061 886 2111 coram
936 2036 1229 2136 parocho
1279 2062 1357 2110 ac
1405 2036 1691 2125 duobus,
1749 2051 1864 2110 aut
1912 2035 2124 2110 tribus
2174 2036 2482 2123 testibus,
2535 2036 2666 2109 ait:
2722 2065 2758 2105 α
2791 2037 2878 2109 Ut

665 2151 902 2248 paucis
936 2151 1373 2250 expediamus
1407 2150 1800 2236 doctrinam,
1846 2176 2018 2250 quae
2052 2150 2354 2224 eiusdem
2390 2149 2635 2222 decreti
2667 2175 2877 2224 causa

664 2266 924 2364 prolata
957 2266 1114 2354 fuit,
1155 2265 1338 2340 nullo
1370 2281 1578 2365 pacto
1630 2266 2025 2340 sacramenti
2062 2266 2437 2351 materiam,
2479 2291 2559 2338 ac
2591 2263 2873 2339 sormam

665 2382 1080 2456 immutatam
1131 2382 1342 2456 fuisse
1386 2398 1684 2468 constat3
1735 2408 1889 2455 nam
1930 2384 2204 2454 materia
2243 2382 2311 2452 in
2351 2380 2696 2454 tradendis
2729 2407 2878 2453 mu-

667 2512 810 2585 tuo,
852 2524 932 2572 ac
965 2496 1258 2594 legitime
1293 2497 1683 2596 corporibus
1719 2522 1839 2596 per
1870 2497 2110 2584 verba,
2153 2513 2268 2571 aut
2301 2513 2504 2571 nutus
2539 2496 2626 2570 ad
2662 2496 2877 2596 expli·

666 2611 954 2683 candum
1002 2611 1307 2683 intimum
1349 2637 1748 2685 consensum
1791 2612 2252 2686 accomodatos
2288 2613 2599 2685 collocata
2630 2639 2879 2712 semper

608 2744 613 2749 ²
666 2725 830 2821 [uin
887 2723 1097 2820 forma
1145 2749 1302 2798 vero
1352 2724 1423 2795 in
1473 2724 1888 2823 excipiendis
1937 2741 2202 2811 mutuo,
2261 2752 2340 2799 ac
2390 2725 2684 2823 legitime
2731 2753 2878 2800 cor-

670 2836 945 2936 poribus
970 2864 1092 2936 per
1125 2838 1562 2911 contrahentes
1610 2839 2024 2936 designatur.
2058 2840 2224 2913 Cum
2267 2841 2469 2937 igitur
2519 2842 2878 2916 tridentina

669 2953 974 3051 synodus
1025 2979 1148 3026 nec
1197 2953 1565 3051 legitimum
1618 2970 1887 3053 pactum
1921 3013 1936 3042 ,
2005 2982 2128 3030 nec
2176 2955 2472 3053 legitime
2522 2957 2688 3029 tradi
2726 3015 2742 3043 ,
2813 2974 2880 3030 et

647 3068 886 3167 excipi
938 3094 1218 3167 corpora
1266 3068 1688 3155 iudicaverit,
1730 3069 1861 3142 nisi
1897 3069 2164 3169 quando
2197 3070 2694 3143 matrimonium
2729 3096 2881 3144 con-

672 3182 953 3257 trahitur
977 3242 992 3271 ,
1059 3183 1394 3282 parochus
1448 3210 1599 3257 cum
1648 3182 1911 3256 duobus
1938 3240 1953 3270 ,
2008 3199 2123 3256 aut
2171 3182 2383 3255 tribus
2433 3181 2718 3256 testibus
2769 3209 2881 3257 as·

671 3298 900 3385 sistat,
956 3298 1115 3371 hinc
1155 3298 1551 3372 sacramenti
1602 3297 1944 3370 materiam
1993 3324 2073 3371 ac
2121 3297 2399 3375 formam
2453 3322 2877 3396 nequaquam

672 3414 912 3486 mutari
963 3414 1407 3487 certissimum
1455 3428 1588 3501 est,
1646 3438 1856 3512 quae,
1897 3428 1970 3485 ut
2003 3438 2209 3511 supra
2256 3400 2586 3498 diximus,
2635 3415 2707 3484 in
2752 3428 2881 3486 trc-

671 3528 900 3601 dandis
950 3528 1471 3628 excipiendisque
1509 3543 1763 3612 mutuo,
1803 3554 1879 3600 ac
1918 3529 2194 3626 leqitime
2228 3528 2599 3627 corporibus
2631 3556 2881 3629 semper

672 3649 1031 3718 continetur
1061 3648 1204 3742 (50)
1222 3702 1235 3716 .
1252 3675 1286 3713 n
1310 3644 1393 3716 Et
1416 3643 1584 3717 haec
1608 3644 1694 3717 de
1727 3670 2043 3741 germana
2065 3644 2402 3717 Benedicti
2427 3645 2591 3716 XIV.
2622 3660 2868 3718 mente.

673 3756 976 3831 Ceterum
1011 3775 1076 3832 et
1110 3759 1291 3832 illam
1330 3758 1723 3832 sententiam
1760 3756 1844 3830 ab
1875 3783 1957 3830 ea
1981 3756 2466 3855 probabilitate,
2500 3759 2692 3832 cuius
2731 3760 2878 3858 ipse

674 3874 1005 3962 meminit,
1062 3874 1429 3961 excidisse,
1484 3899 1564 3946 ex
1611 3872 1917 3947 dicendis
1970 3871 2173 3971 paulo
2219 3889 2371 3970 post
2418 3873 2692 3972 patebit.

816 4128 917 4193 (49)
948 4131 1090 4181 Forte
1110 4132 1308 4194 quando
1329 4145 1371 4183 s.
1388 4134 1666 4196 Alphonsus
1688 4134 1900 4197 primum
1922 4129 2078 4181 edidit
2103 4143 2246 4181 suum
2267 4143 2391 4194 opus
2409 4129 2472 4181 de
2491 4130 2757 4193 Theologia
2777 4143 2880 4181 mo·

675 4208 764 4260 rali
781 4245 797 4273 ,
832 4208 1051 4259 nondum
1072 4210 1294 4262 ediderat
1320 4213 1612 4264 Benedictus
1632 4214 1759 4262 xlv.
1777 4210 2071 4275 posteriores
2090 4209 2243 4261 libros
2260 4223 2385 4273 quos
2408 4212 2575 4273 postea
2595 4209 2776 4262 adiecit
2794 4223 2877 4272 op.

672 4292 744 4340 De
763 4287 975 4353 synodo,
997 4290 1047 4339 et
1067 4290 1161 4340 hac
1182 4289 1245 4340 dc
1265 4304 1413 4342 causa
1436 4292 1567 4342 hunc
1589 4304 1736 4354 quem
1758 4289 2013 4341 attulimus
2030 4290 2191 4340 locum
2215 4303 2314 4340 non
2332 4290 2575 4352 allegavit.

816 4368 917 4433 (50)
948 4371 1191 4421 [mittut.
1214 4370 1546 4424 ecclesiastic.
1572 4385 1688 4435 opp.
1713 4370 1791 4421 ed.
1814 4372 1954 4420 Rom.
1983 4374 2116 4421 1750.
2135 4384 2242 4434 pag.
2267 4376 2356 4421 215
2386 4382 2497 4432 seq,
