3276 5083
560 438 697 487 cu.
731 437 818 485 ιν.
854 436 933 484 ns
969 435 1205 489 Ancon.
1242 437 1357 485 rao
1385 436 1540 485 tues
1569 436 1648 484 m:
1676 437 1867 486 nnn.
1906 436 2032 486 ειν.
2069 437 2210 486 mr.
2246 438 2315 486 ιι.
2443 416 2578 485 3ἿἿ

361 556 564 628 hasce
612 554 846 627 civiles
898 554 1167 653 nuptias
1217 534 1637 627 contrahant.
1705 554 1973 626 Etenim
2004 610 2019 636 ‚
2079 570 2153 625 ut
2200 554 2584 628 omittamus

364 669 704 767 praesidia
752 667 1100 753 indirecta,
1131 665 1383 766 quibus
1427 682 1707 740 utuntur
1757 665 2143 739 enervando
2198 666 2584 763 religionem

359 782 759 857 catholicam
785 841 801 869 ,
856 779 1106 855 bellu‘m
1158 782 1313 878 iuge
1367 781 1722 854 indicendo
1774 779 2137 867 ecclesiae,
2197 807 2587 879 promoven-

362 898 583 997 doque
621 898 1239 996 protestantismum
1264 955 1280 984 ,
1324 923 1447 970 seu
1482 897 1904 993 negationem
1943 897 2243 970 cuiusvis
2277 897 2589 971 christia-

364 1013 565 1085 nismi
629 1014 945 1111 positivi,
1012 1013 1080 1085 id
1139 1012 1440 1086 obtinere
1496 1013 1746 1085 directe
1805 1012 2009 1085 etiam
2071 1028 2384 1110 satagunt
2440 1013 2589 1085 alli-

362 1128 600 1201 ciendo
679 1129 764 1201 ad
838 1129 1073 1202 horum
1150 1127 1610 1225 coniugiorum
1698 1126 1997 1200 civilium
2076 1127 2586 1201 celebrationem

366 1243 830 1316 imminutione
879 1243 1507 1342 impedimentorum
1560 1242 2019 1314 dirimentium
2078 1245 2256 1336 (54),
2316 1242 2590 1340 abroga-

364 1359 675 1458 tioneque
737 1358 1272 1457 impedientium.
1326 1358 1471 1430 Hac
1518 1357 1775 1431 ratione
1825 1356 2270 1455 multiplicare
2321 1357 2593 1431 student

365 1498 528 1546 suas
579 1473 812 1546 civiles
864 1473 1138 1572 nuptias
1162 1530 1177 1560 ,
1218 1498 1394 1571 quas
1431 1488 1656 1546 tamen
1693 1497 1947 1569 paucos
1981 1471 2341 1545 admodum
2390 1472 2593 1545 initu-

366 1614 475 1662 ros
527 1614 679 1662 esse
728 1589 1090 1661 affirmant.

507 1702 813 1776 Ceterum
867 1702 1090 1775 facilis
1146 1717 1255 1774 est
1307 1702 1684 1774 descensus
1733 1702 1997 1786 averni3
2056 1701 2224 1775 satis
2270 1719 2379 1774 est
2425 1702 2592 1775 inci-

366 1841 522 1913 pere
555 1873 570 1902 ‚
627 1832 692 1889 et
740 1815 957 1915 posita
1008 1817 1076 1887 in
1127 1815 1379 1888 malum
1450 1814 1866 1914 proclivitate
1898 1872 1914 1901 ,
1970 1814 2281 1914 disrupto
2347 1841 2592 1912 aggere

365 1956 583 2028 aquae
649 1929 1039 2005 dilabuntur
1080 1988 1096 2015 ,
1171 1957 1252 2003 ao
1320 1928 1623 2028 undique
1683 1954 1840 2001 sese
1905 1928 2268 2003 effundunt
2335 1932 2593 2029 praeei-

370 2044 564 2140 pites.
1889 2048 1894 2051 ’

513 2160 733 2231 Tertia
769 2185 927 2257 pars
982 2158 1543 2243 ratiocinationis,
1605 2183 1810 2256 quam
1866 2156 2238 2230 refellimus
2264 2215 2280 2243 ‚
2340 2159 2593 2232 codicis

369 2272 675 2371 spiritum
703 2274 1147 2360 commendat,
1173 2272 1291 2373 qui
1319 2272 1662 2345 insinuare
1689 2298 1769 2345 ac
1795 2297 2190 2371 promovere
2213 2270 2461 2345 dicitur
2486 2297 2594 2369 ge-

370 2389 662 2475 neralem
713 2390 1008 2487 regulam
1031 2448 1046 2476 ‚
1104 2406 1179 2462 ut
1227 2389 1542 2485 coniugia
1591 2388 1721 2461 ritu
1776 2388 2089 2485 religioso
2141 2388 2584 2463 celebrentur.

369 2504 604 2579 Verum
655 2506 815 2580 dum
865 2506 951 2580 de
1001 2505 1232 2580 codice
1296 2531 1518 2580 sermo
1579 2521 1722 2593 est,
1798 2530 2017 2579 sermo
2070 2522 2176 2579 est
2223 2505 2310 2578 de
2361 2505 2596 2580 codice

371 2646 504 2694 iam
555 2622 714 2694 dato
763 2646 842 2694 ac
892 2621 977 2694 de
1025 2621 1255 2695 codice
1306 2620 1530 2693 adhuc
1577 2621 1806 2695 dando
1857 2619 2278 2719 subalpinis,
2337 2647 2458 2694 seu
2508 2622 2593 2694 de

369 2735 601 2809 codice
652 2737 824 2809 facto
866 2761 945 2808 ac
978 2736 1065 2809 de
1098 2735 1330 2809 codice
1364 2738 1437 2806 in
1467 2736 1635 2834 fieri.
1678 2735 1747 2805 Si
1786 2735 1941 2808 dato
1975 2735 2190 2808 codici
2232 2735 2595 2809 adiiciatm·

370 2851 474 2924 lex
523 2852 608 2924 de
657 2852 971 2948 coniugio
1019 2876 1203 2924 mere
1253 2849 1475 2935 civili,
1519 2849 1769 2922 salsum
1819 2865 1925 2923 est
1975 2851 2291 2949 spiritum
2341 2851 2597 2926 codicis

376 2966 716 3038 insinuare
765 2992 844 3039 ac
894 2992 1283 3065 promovere
1333 2966 1631 3063 regulam
1684 2965 2064 3064 generalem
2116 2966 2203 3039 de
2253 2967 2384 3042 ritu
2438 2968 2593 3041 reli-

375 3081 563 3176 gioso
613 3082 682 3150 in
733 3081 1066 3176 coniugiis
1117 3082 1471 3154 servando.
1524 3083 1710 3155 Tunc
1760 3082 1938 3155 enim
1991 3082 2267 3181 spiritus
2318 3084 2590 3181 perfecti

376 3196 626 3269 codicis
679 3222 751 3268 se
804 3196 1027 3296 prodit
1076 3222 1156 3268 ex
1206 3195 1707 3269 oblectamentis
1745 3224 1823 3269 ac
1859 3197 2124 3283 illiciis,
2167 3224 2342 3296 quae
2387 3199 2596 3271 codex

377 3313 524 3410 ipse
564 3311 822 3384 civibus
875 3310 1149 3411 praebet
1187 3327 1263 3383 ut
1299 3337 1452 3385 sese
1496 3313 1786 3387 invicem
1830 3312 2242 3409 coniungant
2286 3313 2597 3410 coniugio

529 3518 627 3580 (54)
658 3520 891 3583 Superius
923 3519 1136 3570 vidimus
1162 3519 1511 3583 impedimenta
1551 3519 1833 3569 dirimentia
1865 3520 2100 3569 canoniea
2140 3519 2370 3582 pleraque
2399 3518 2448 3566 in
2481 3518 2603 3582 legis

372 3594 700 3657 paradigmate
723 3597 871 3647 fuisse
892 3597 1109 3659 sublata,
1132 3599 1181 3648 et
1203 3598 1265 3647 ad
1290 3612 1443 3662 pauca
1462 3599 1664 3647 omnino
1688 3597 1898 3647 redacta.
1915 3599 2119 3660 Insuper
2141 3597 2390 3661 proposita
2408 3596 2484 3646 lex
2507 3598 2602 3659 ple-

370 3672 620 3723 nissimam
640 3675 919 3725 facultatem
939 3676 1164 3726 concedit
1190 3677 1290 3740 regi
1313 3676 1626 3740 dispensandi
1641 3676 1691 3726 in
1709 3678 1867 3738 primo
1884 3676 2137 3726 affinitatis
2153 3675 2306 3739 gradu
2326 3676 2430 3726 sive
2449 3689 2508 3725 ex
2532 3676 2598 3725 le·

368 3750 540 3814 gitima
558 3751 663 3800 sive
683 3766 743 3802 ex
765 3753 1020 3816 illegitima
1039 3754 1218 3817 copula
1232 3791 1247 3817 ,
1267 3768 1357 3805 nec
1378 3768 1475 3804 non
1498 3754 1548 3803 in
1568 3755 1931 3818 impedimentis
1949 3754 2413 3817 consanguineitatis
2428 3754 2477 3805 et
2496 3753 2599 3804 afli·

374 3831 541 3881 nitatis
558 3831 682 3880 inter
705 3834 927 3894 patruos,
946 3835 1149 3896 amitas,
1172 3838 1371 3898 nepotes
1386 3848 1444 3885 ac
1457 3838 1651 3897 neptes,
1671 3838 1726 3884 ut
1737 3836 1781 3884 ei
1799 3833 2061 3898 exprobrat
2082 3838 2275 3884 senator
2297 3834 2607 3897 impugnator

378 3908 512 3972 legis.
536 3910 650 3959 Vid.
672 3911 861 3960 Senatu
882 3911 970 3962 del
997 3916 1181 3975 Reqno.
1198 3915 1411 3962 ‘tornata
1434 3912 1512 3962 del
1543 3920 1615 3964 18.
1641 3913 1860 3964 Dicemb.
1884 3912 2387 3976 1852.pag.2oo.coi.
2412 3920 2459 3962 2.
2477 3912 2601 3970 Quis

373 4003 519 4052 porro
547 3988 733 4040 nesciat
759 3989 1001 4040 eiusmodi
1021 3991 1408 4055 dispensationes
1426 3993 1518 4042 soli
1540 3993 1805 4055 ecclesiae,
1825 4006 1910 4042 seu
1936 4006 2060 4042 rom.
2084 3992 2303 4056 pontifici
2322 4005 2428 4042 esse
2448 4005 2597 4044 reser-

372 4072 541 4118 vatas?
567 4069 688 4127 Quis
717 4069 908 4131 ignorat
937 4071 1176 4121 eiusmodi
1210 4073 1577 4122 coniunctiones
1595 4086 1624 4122 a
1649 4075 1752 4122 Deo
1779 4072 1828 4121 in
1853 4072 2064 4123 Levitic.
2094 4074 2270 4122 lell.
2301 4071 2452 4123 fuisse
2490 4088 2598 4137 pro·

368 4146 577 4199 hibitas?
605 4150 830 4198 Attamen
864 4149 914 4198 in
943 4150 1063 4213 legis
1091 4149 1378 4215 subalpinae
1409 4150 1741 4214 paradigmate
1775 4162 1983 4214 persona
2009 4151 2133 4214 regis
2160 4154 2386 4215 exempta
2416 4151 2480 4202 ab
2510 4152 2600 4203 im-

374 4228 663 4290 pedimentis
704 4228 756 4279 in
788 4228 961 4279 eadem
994 4230 1248 4281 recensitis
1276 4231 1569 4282 declaratur.
1594 4233 1755 4293 Atque
1775 4231 1883 4281 heic
1905 4230 2103 4282 demum
2120 4231 2281 4283 obiter
2300 4233 2485 4284 adnoto
2503 4245 2601 4283 nou

370 4307 540 4437 aLliagn
561 4323 621 4358 ea
651 4309 754 4374 lege
784 4309 1133 4374 impedimenta
1175 4310 1455 4361 dirimentia
1496 4311 1701 4375 proponi
1737 4313 1926 4376 practer
1947 4310 2033 4361 illa
2056 4311 2196 4376 ipsa,
2218 4325 2344 4375 quae
2363 4313 2602 4363 statuerat

419 4389 471 4436 ut
508 4400 636 4438 erus.
