3276 5083
712 414 849 484 206
1112 436 1233 484 un.
1275 435 1322 483 1.
1364 432 1535 482 secr.
1578 432 1839 481 uram.
1871 431 1950 480 m:
1985 430 2248 481 unani.
2280 430 2492 482 civim.

706 572 776 628 et
821 554 1052 651 gravia
1101 568 1374 651 peccata
1422 549 1834 650 perpendat,
1877 560 2052 648 quae
2086 574 2167 621 ex
2200 548 2454 622 eisdem
2491 547 2939 626 clandestinis

704 670 1039 767 coniugiis
1090 685 1307 742 ortum
1359 667 1609 741 habent
1640 723 1656 754 ‚
1715 665 2107 765 praesertim
2157 690 2314 738 vero
2364 692 2593 739 eorum
2618 724 2634 753 ‚
2691 668 2807 768 qui
2859 670 2933 742 in

706 802 885 861 statu
919 784 1370 859 damnationis
1408 798 1833 884 permanent,
1875 781 2036 854 dum
2072 779 2293 880 priore
2323 807 2566 870 uxore,
2606 808 2763 856 cum
2797 811 2939 885 qua

704 906 879 979 clam
938 903 1386 978 contraxerint
1410 959 1425 988 ‚
1485 900 1716 976 relicta
1741 926 1964 987 ,cum
2015 899 2149 971 alia
2200 898 2425 997 palam
2474 900 2885 974 contrahunt
2914 961 2932 991 ,

704 1036 771 1094 et
818 1045 971 1093 cum
1006 1044 1087 1091 ea
1120 1017 1188 1089 in
1229 1033 1551 1116 perpetuo
1602 1014 1953 1115 adulterio
1983 1014 2255 1101 vivunt,
2297 1016 2406 1088 cui
2442 1014 2620 1089 malo
2654 1042 2810 1089 cum
2846 1017 2940 1091 ab

702 1134 1012 1222 ecclesia,
1054 1160 1229 1233 quae
1263 1132 1349 1206 de
1382 1130 1662 1206 occultis
1699 1156 1832 1202 non
1868 1128 2153 1216 iudicat,
2198 1130 2463 1203 succuri
2506 1155 2638 1204 non
2673 1133 2927 1231 possit,

704 1250 836 1323 nisi
873 1250 1214 1324 efficacius
1252 1246 1529 1348 aliquod
1568 1246 1935 1320 remedium
1971 1244 2405 1332 adhibeatur,
2450 1246 2702 1321 idcirco
2746 1274 2806 1321 s.
2830 1247 2933 1321 la-

704 1364 1073 1440 teranensis
1141 1362 1406 1437 concilii
1466 1361 1594 1435 suh
1644 1362 2030 1436 Innocentio
2080 1361 2200 1432 111.
2254 1359 2570 1434 celebrati
2622 1362 2928 1460 vestigiis

707 1478 1160 1564 inhaerendo,
1218 1476 1545 1576 praecipit
1592 1491 1668 1547 ut
1714 1475 1783 1547 in
1834 1491 2174 1574 posterum
2187 1532 2394 1546 .......
2405 1474 2489 1547 ad
2540 1474 2931 1551 celebratio-

701 1621 855 1667 nem
904 1591 1308 1667 matrimonii
1359 1592 1428 1662 in
1480 1591 1653 1664 facie
1702 1588 2041 1663 ecclesiae
2076 1589 2521 1689 procedatur:
2563 1590 2676 1663 ubi
2731 1618 2929 1691 paro-

700 1707 872 1782 chus
913 1707 1057 1781 viro
1092 1724 1159 1802 et
1190 1706 1469 1779 muliere
1504 1706 1913 1804 iterrogatis,
1955 1723 2022 1780 et
2055 1733 2282 1780 eorum
2320 1714 2549 1781 mutuo
2583 1734 2924 1781 consensu

700 1822 1035 1896 intellecto
1060 1880 1075 1909 ‚
1140 1819 1245 1896 vel
1309 1821 1525 1907 dicat,
1580 1821 1725 1919 qu
1774 1847 1886 1894 vos
1938 1823 2010 1892 in
2057 1824 2543 1894 matrimonium
2604 1825 2930 1921 coniunqo

697 1941 771 2013 in
817 1941 1070 2012 nomine
1103 1939 1330 2011 Patris
1366 1953 1427 2009 et
1459 1938 1628 2012 Filii
1658 1953 1719 2010 et
1751 1939 2042 2035 Spiritus
2074 1941 2326 2021 sancti,
2368 1938 2474 2012 vel
2510 1937 2659 2011 aliis
2695 1954 2930 2013 utatur

697 2054 922 2129 verbis
962 2055 1146 2129 iuxta
1173 2070 1513 2153 receptum
1549 2053 2085 2151 uniuscuiusque
2128 2052 2513 2151 provinciae
2556 2055 2755 2127 ritum
2767 2111 2915 2125 .....

704 2170 835 2258 Qui
885 2169 1081 2244 aliter
1127 2196 1333 2269 quam
1388 2182 1740 2269 praesente
1787 2168 2109 2267 paroch0,
2149 2167 2252 2241 vel
2289 2166 2423 2242 alio
2457 2168 2807 2243 sacerdote
2843 2169 2932 2242 de

700 2286 922 2385 ipsius
975 2285 1253 2385 parochi
1302 2311 1427 2359 seu
1476 2283 1799 2358 ordinarii
1834 2281 2128 2370 licentia,
2168 2297 2236 2355 et
2267 2282 2534 2355 duobus
2567 2282 2672 2356 vel
2712 2283 2928 2356 tribus

696 2402 981 2493 testibus
1032 2401 1529 2476 matrimonium
1581 2398 1974 2474 contrahere
2023 2397 2476 2484 attentabunt,
2533 2422 2651 2474 eos
2702 2426 2762 2473 s.
2802 2401 2929 2500 Sy-

697 2517 915 2592 nodus
966 2517 1055 2591 ad
1107 2518 1204 2591 sic
1254 2515 1784 2593 contrahendum
1824 2515 2107 2590 'omnino
2154 2513 2494 2589 inhabiles
2547 2513 2803 2603 reddit,
2858 2532 2929 2590 et
3038 2565 3041 2566 ν

697 2631 1085 2705 huiusmodi
1136 2646 1514 2705 contractus
1551 2630 1776 2704 irritos
1809 2646 1877 2703 et
1909 2629 2129 2704 nullos
2166 2655 2319 2706 esse
2352 2630 2683 2718 decernit,
2726 2646 2927 2729 prout

696 2770 811 2817 eos
864 2746 1203 2842 praesenti
1251 2746 1515 2819 decreto
1570 2744 1794 2818 irritos
1834 2744 1990 2819 facit
2022 2761 2090 2817 et
2122 2744 2446 2818 annullat.
2485 2746 2772 2844 Insuper
2804 2769 2927 2845 pa-

697 2858 1000 2945 rochum,
1029 2859 1137 2932 vel
1164 2860 1369 2932 alium
1407 2858 1842 2946 sacerdotem,
1878 2860 2177 2958 quicum
2202 2859 2457 2933 minore
2491 2860 2762 2934 testium
2798 2887 2925 2932 nu-

691 3000 900 3061 mer0,
931 2992 999 3049 et
1031 2990 1259 3062 testes,
1293 2975 1411 3074 qui
1447 2975 1596 3048 sine
1631 2974 1952 3074 parocho,
1983 2973 2089 3049 vel
2127 2974 2497 3061 sacerdote,
2531 2974 2921 3049 huiusmodi

691 3091 1061 3165 contractui
1113 3090 1565 3178 interfuerint,
1611 3117 1735 3164 nec
1786 3118 1919 3165 non
1971 3091 2158 3190 ipsos
2209 3089 2721 3176 contrahenteS,
2770 3116 2923 3188 gra·

689 3209 862 3283 viter
887 3207 1127 3282 abitrio
1152 3207 1471 3283 ordinarii
1501 3207 1725 3306 puniri
1753 3207 2081 3307 praecipit
2089 3265 2266 3279 ......
2276 3207 2589 3281 Decernit
2612 3208 2911 3307 insuper,

690 3333 767 3398 ut
813 3322 1200 3398 huiusmodi
1250 3323 1591 3398 decretum
1627 3323 1700 3394 in
1736 3349 2144 3424 unaquaque
2192 3323 2514 3423 parochia
2561 3349 2763 3398 suum
2817 3349 2923 3398 ro-

686 3439 816 3513 bur
864 3455 1019 3540 post
1065 3440 1331 3536 triginta
1379 3439 1524 3512 dies
1578 3438 1830 3513 habere
1882 3439 2204 3538 incipiat,
2246 3467 2286 3512 a
2320 3439 2432 3512 die
2462 3439 2743 3539 primae
2794 3466 2921 3537 pu-

683 3556 1064 3632 blicationis
1113 3557 1180 3628 in
1231 3555 1466 3629 eadem
1516 3555 1837 3655 parochia
1885 3556 2124 3642 factae,
2182 3556 2733 3630 numerandos&

703 3719 706 3720 ν
831 3673 931 3746 Ex
988 3672 1136 3758 his,
1192 3671 1360 3770 quid
1421 3671 1643 3745 civilis
1694 3672 1989 3769 coniugii
2041 3672 2310 3746 nomine
2367 3672 2623 3757 veniat,
2675 3670 2917 3744 intelli-

686 3788 886 3884 gitur.
930 3787 1179 3861 Civilia.
1219 3786 1556 3859 connubia
1604 3812 1688 3859 ea
1733 3787 2070 3873 dicuntur,
2114 3812 2287 3886 quae
2337 3787 2422 3859 iis
2473 3787 2544 3858 in
2593 3784 2784 3870 locis,
2840 3787 2913 3858 in

685 3900 933 3999 quibus
985 3901 1396 4001 publicatum
1432 3916 1536 3975 est
1568 3900 1835 3974 concilii
1873 3900 2215 3975 tridentini
2263 3900 2600 3975 decretum
2649 3914 2917 3973 contra-

685 4015 937 4098 huntur
985 4044 1210 4092 coram
1259 4017 1426 4093 solis
1476 4016 1979 4117 magistratibus
2042 4016 2355 4094 civilibus
2421 4016 2572 4089 sine
2634 4014 2911 4114 parochi

683 4132 1090 4230 praesentia.

830 4246 1065 4346 Itaque
1115 4248 1409 4348 quisque
1456 4247 1656 4322 facile
1704 4245 2017 4343 intelligit
2065 4246 2217 4322 heic
2249 4274 2291 4321 a
2335 4245 2532 4321 nobis
2585 4273 2743 4319 non·
2770 4245 2914 4341 agi-

682 4360 805 4435 tari
873 4361 1332 4462 quaestionem
1391 4362 1478 4436 de
1533 4360 1845 4458 coniugio
1894 4360 2075 4435 civili
2137 4360 2505 4436 universim
2573 4377 2844 4461 sumpto
2886 4416 2913 4445 ,γ
