<?xml version="1.0" encoding="UTF-8"?>
<!DOCTYPE html PUBLIC "-//W3C//DTD XHTML 1.0 Transitional//EN"
    "http://www.w3.org/TR/xhtml1/DTD/xhtml1-transitional.dtd">
<html xmlns="http://www.w3.org/1999/xhtml" xml:lang="en" lang="en">
 <head>
  <title>
</title>
<meta http-equiv="Content-Type" content="text/html;charset=utf-8" />
  <meta name='ocr-system' content='tesseract 3.04.00' />
  <meta name='ocr-capabilities' content='ocr_page ocr_carea ocr_par ocr_line ocrx_word'/>
</head>
<body>
  <div class='ocr_page' id='page_1' title='image "./dematrimoniochr04perrgoog_0286.png"; bbox 0 0 3276 5083; ppageno 0'>
   <div class='ocr_carea' id='block_1_1' title="bbox 640 404 2430 476">
    <p class='ocr_par' dir='ltr' id='par_1_1' title="bbox 640 404 2430 476">
     <span class='ocr_line' id='line_1_1' title="bbox 640 404 2430 476; baseline -0.003 -1"><span class='ocrx_word' id='word_1_1' title='bbox 640 404 780 475; x_wconf 72' lang='lat'><strong>262</strong></span> <span class='ocrx_word' id='word_1_2' title='bbox 1024 426 1145 476; x_wconf 82' lang='lat' dir='ltr'><strong>m.</strong></span> <span class='ocrx_word' id='word_1_3' title='bbox 1187 426 1234 475; x_wconf 91' lang='lat'><strong>1.</strong></span> <span class='ocrx_word' id='word_1_4' title='bbox 1279 425 1453 475; x_wconf 77' lang='lat' dir='ltr'><strong>secr.</strong></span> <span class='ocrx_word' id='word_1_5' title='bbox 1497 425 1754 474; x_wconf 74' lang='lat' dir='ltr'><strong>melu.</strong></span> <span class='ocrx_word' id='word_1_6' title='bbox 1797 425 1876 474; x_wconf 73' lang='lat' dir='ltr'><strong>nn</strong></span> <span class='ocrx_word' id='word_1_7' title='bbox 1920 423 2181 476; x_wconf 72' lang='lat' dir='ltr'><strong>numu.</strong></span> <span class='ocrx_word' id='word_1_8' title='bbox 2219 423 2430 473; x_wconf 78' lang='lat' dir='ltr'><strong>cmm.</strong></span> 
     </span>
    </p>
   </div>
   <div class='ocr_carea' id='block_1_2' title="bbox 625 541 2846 4311">
    <p class='ocr_par' dir='ltr' id='par_1_2' title="bbox 636 541 2833 732">
     <span class='ocr_line' id='line_1_2' title="bbox 636 541 2833 643; baseline -0.001 -24"><span class='ocrx_word' id='word_1_9' title='bbox 636 562 776 619; x_wconf 90' lang='lat' dir='ltr'><strong>tum</strong></span> <span class='ocrx_word' id='word_1_10' title='bbox 805 569 1082 617; x_wconf 60' lang='lat' dir='ltr'><strong>‘sacrum</strong></span> <span class='ocrx_word' id='word_1_11' title='bbox 1121 544 1311 617; x_wconf 87' lang='lat' dir='ltr'><strong>hisce</strong></span> <span class='ocrx_word' id='word_1_12' title='bbox 1351 544 1420 615; x_wconf 91' lang='lat' dir='ltr'><strong>in</strong></span> <span class='ocrx_word' id='word_1_13' title='bbox 1471 542 2048 617; x_wconf 90' lang='lat' dir='ltr'><strong>coniunctionibus</strong></span> <span class='ocrx_word' id='word_1_14' title='bbox 2075 600 2091 629; x_wconf 89' lang='lat'>,</span> <span class='ocrx_word' id='word_1_15' title='bbox 2133 543 2254 616; x_wconf 89' lang='lat' dir='ltr'><strong>sed</strong></span> <span class='ocrx_word' id='word_1_16' title='bbox 2290 569 2509 642; x_wconf 88' lang='lat' dir='ltr'><strong>neque</strong></span> <span class='ocrx_word' id='word_1_17' title='bbox 2543 541 2833 643; x_wconf 80' lang='lat' dir='ltr'>aliquem</span> 
     </span>
     <span class='ocr_line' id='line_1_3' title="bbox 636 657 1193 732; baseline -0.007 0"><span class='ocrx_word' id='word_1_18' title='bbox 636 675 854 732; x_wconf 88' lang='lat' dir='ltr'><strong>actum</strong></span> <span class='ocrx_word' id='word_1_19' title='bbox 904 657 1193 731; x_wconf 87' lang='lat' dir='ltr'><strong>civilem.</strong></span> 
     </span>
    </p>

    <p class='ocr_par' dir='ltr' id='par_1_3' title="bbox 631 771 2846 2708">
     <span class='ocr_line' id='line_1_4' title="bbox 778 771 2838 869; baseline 0 -25"><span class='ocrx_word' id='word_1_20' title='bbox 778 772 920 845; x_wconf 91' lang='lat' dir='ltr'><strong>Hoc</strong></span> <span class='ocrx_word' id='word_1_21' title='bbox 955 788 1174 845; x_wconf 89' lang='lat' dir='ltr'><strong>tamen</strong></span> <span class='ocrx_word' id='word_1_22' title='bbox 1209 772 1446 869; x_wconf 87' lang='lat' dir='ltr'><strong>ingens</strong></span> <span class='ocrx_word' id='word_1_23' title='bbox 1482 772 1832 845; x_wconf 81' lang='lat' dir='ltr'><strong>intercedit</strong></span> <span class='ocrx_word' id='word_1_24' title='bbox 1878 771 2240 845; x_wconf 72' lang='lat' dir='ltr'><strong>discrimen</strong></span> <span class='ocrx_word' id='word_1_25' title='bbox 2276 772 2449 844; x_wconf 92' lang='lat' dir='ltr'><strong>inter</strong></span> <span class='ocrx_word' id='word_1_26' title='bbox 2481 780 2838 845; x_wconf 67' lang='lat' dir='ltr'><strong>actum‘re-</strong></span> 
     </span>
     <span class='ocr_line' id='line_1_5' title="bbox 637 886 2841 985; baseline 0.001 -27"><span class='ocrx_word' id='word_1_27' title='bbox 637 887 947 985; x_wconf 89' lang='lat' dir='ltr'><strong>ligiosum</strong></span> <span class='ocrx_word' id='word_1_28' title='bbox 975 913 1054 959; x_wconf 92' lang='lat' dir='ltr'><strong>ac</strong></span> <span class='ocrx_word' id='word_1_29' title='bbox 1078 886 1341 959; x_wconf 88' lang='lat' dir='ltr'><strong>civilem</strong></span> <span class='ocrx_word' id='word_1_30' title='bbox 1368 887 1437 957; x_wconf 91' lang='lat' dir='ltr'><strong>in</strong></span> <span class='ocrx_word' id='word_1_31' title='bbox 1463 886 1714 985; x_wconf 90' lang='lat' dir='ltr'><strong>nuptiis</strong></span> <span class='ocrx_word' id='word_1_32' title='bbox 1741 886 2056 959; x_wconf 83' lang='lat' dir='ltr'><strong>ineundis</strong></span> <span class='ocrx_word' id='word_1_33' title='bbox 2092 912 2299 984; x_wconf 89' lang='lat' dir='ltr'><strong>penes</strong></span> <span class='ocrx_word' id='word_1_34' title='bbox 2331 902 2589 959; x_wconf 86' lang='lat' dir='ltr'><strong>veteres</strong></span> <span class='ocrx_word' id='word_1_35' title='bbox 2610 944 2626 972; x_wconf 92' lang='lat'>‚</span> <span class='ocrx_word' id='word_1_36' title='bbox 2660 887 2841 985; x_wconf 90' lang='lat' dir='ltr'><strong>quod</strong></span> 
     </span>
     <span class='ocr_line' id='line_1_6' title="bbox 635 1000 2843 1098; baseline -0.001 -23"><span class='ocrx_word' id='word_1_37' title='bbox 635 1002 909 1075; x_wconf 89' lang='lat' dir='ltr'><strong>omissio</strong></span> <span class='ocrx_word' id='word_1_38' title='bbox 960 1001 1127 1074; x_wconf 90' lang='lat' dir='ltr'><strong>ritus</strong></span> <span class='ocrx_word' id='word_1_39' title='bbox 1179 1000 1475 1098; x_wconf 81' lang='lat' dir='ltr'><strong>religiosi</strong></span> <span class='ocrx_word' id='word_1_40' title='bbox 1528 1001 1904 1098; x_wconf 82' lang='lat' dir='ltr'><strong>provenerit</strong></span> <span class='ocrx_word' id='word_1_41' title='bbox 1953 1027 2032 1073; x_wconf 82' lang='lat' dir='ltr'><strong>ex</strong></span> <span class='ocrx_word' id='word_1_42' title='bbox 2081 1000 2387 1097; x_wconf 89' lang='lat' dir='ltr'><strong>neglectu</strong></span> <span class='ocrx_word' id='word_1_43' title='bbox 2444 1000 2843 1073; x_wconf 89' lang='lat' dir='ltr'><strong>contrahen-</strong></span> 
     </span>
     <span class='ocr_line' id='line_1_7' title="bbox 636 1113 2845 1212; baseline -0 -24"><span class='ocrx_word' id='word_1_44' title='bbox 636 1116 801 1189; x_wconf 91' lang='lat' dir='ltr'><strong>tium</strong></span> <span class='ocrx_word' id='word_1_45' title='bbox 825 1144 840 1202; x_wconf 91' lang='lat'>;</span> <span class='ocrx_word' id='word_1_46' title='bbox 873 1130 1103 1189; x_wconf 89' lang='lat' dir='ltr'><strong>contra</strong></span> <span class='ocrx_word' id='word_1_47' title='bbox 1125 1140 1283 1188; x_wconf 88' lang='lat' dir='ltr'><strong>vero</strong></span> <span class='ocrx_word' id='word_1_48' title='bbox 1315 1114 1593 1188; x_wconf 89' lang='lat' dir='ltr'><strong>omissio</strong></span> <span class='ocrx_word' id='word_1_49' title='bbox 1606 1115 2055 1212; x_wconf 80' lang='lat' dir='ltr'><strong>formalitatis,</strong></span> <span class='ocrx_word' id='word_1_50' title='bbox 2082 1140 2286 1212; x_wconf 91' lang='lat' dir='ltr'><strong>quam</strong></span> <span class='ocrx_word' id='word_1_51' title='bbox 2312 1113 2568 1200; x_wconf 88' lang='lat' dir='ltr'><strong>dicunt,</strong></span> <span class='ocrx_word' id='word_1_52' title='bbox 2601 1113 2845 1211; x_wconf 88' lang='lat' dir='ltr'><strong>legalis</strong></span> 
     </span>
     <span class='ocr_line' id='line_1_8' title="bbox 634 1228 2845 1328; baseline -0 -24"><span class='ocrx_word' id='word_1_53' title='bbox 634 1256 715 1304; x_wconf 86' lang='lat' dir='ltr'><strong>ex</strong></span> <span class='ocrx_word' id='word_1_54' title='bbox 748 1230 1010 1304; x_wconf 84' lang='lat' dir='ltr'><strong>defectu</strong></span> <span class='ocrx_word' id='word_1_55' title='bbox 1044 1230 1261 1328; x_wconf 91' lang='lat' dir='ltr'><strong>ipsius</strong></span> <span class='ocrx_word' id='word_1_56' title='bbox 1295 1229 1760 1326; x_wconf 83' lang='lat' dir='ltr'><strong>legislationis,</strong></span> <span class='ocrx_word' id='word_1_57' title='bbox 1792 1256 1966 1328; x_wconf 90' lang='lat' dir='ltr'><strong>quae</strong></span> <span class='ocrx_word' id='word_1_58' title='bbox 2002 1255 2367 1328; x_wconf 82' lang='lat' dir='ltr'><strong>numquam</strong></span> <span class='ocrx_word' id='word_1_59' title='bbox 2402 1228 2586 1301; x_wconf 91' lang='lat' dir='ltr'><strong>illam</strong></span> <span class='ocrx_word' id='word_1_60' title='bbox 2620 1230 2705 1301; x_wconf 91' lang='lat' dir='ltr'><strong>ad</strong></span> <span class='ocrx_word' id='word_1_61' title='bbox 2741 1255 2845 1303; x_wconf 85' lang='lat' dir='ltr'><strong>ce-</strong></span> 
     </span>
     <span class='ocr_line' id='line_1_9' title="bbox 636 1343 2835 1440; baseline -0 -24"><span class='ocrx_word' id='word_1_62' title='bbox 636 1344 1029 1417; x_wconf 90' lang='lat' dir='ltr'><strong>lebrandum</strong></span> <span class='ocrx_word' id='word_1_63' title='bbox 1064 1343 1358 1440; x_wconf 90' lang='lat' dir='ltr'><strong>legitime</strong></span> <span class='ocrx_word' id='word_1_64' title='bbox 1404 1344 1787 1440; x_wconf 89' lang='lat' dir='ltr'><strong>coniugium</strong></span> <span class='ocrx_word' id='word_1_65' title='bbox 1830 1343 2137 1416; x_wconf 80' lang='lat' dir='ltr'><strong>sancivit.</strong></span> <span class='ocrx_word' id='word_1_66' title='bbox 2172 1343 2569 1440; x_wconf 80' lang='lat' dir='ltr'><strong>Coniugium</strong></span> <span class='ocrx_word' id='word_1_67' title='bbox 2606 1344 2835 1430; x_wconf 87' lang='lat' dir='ltr'><strong>civile,</strong></span> 
     </span>
     <span class='ocr_line' id='line_1_10' title="bbox 634 1457 2842 1558; baseline -0.001 -25"><span class='ocrx_word' id='word_1_68' title='bbox 634 1458 813 1558; x_wconf 89' lang='lat' dir='ltr'><strong>quod</strong></span> <span class='ocrx_word' id='word_1_69' title='bbox 866 1459 1022 1529; x_wconf 89' lang='lat' dir='ltr'><strong>iniri</strong></span> <span class='ocrx_word' id='word_1_70' title='bbox 1073 1457 1344 1531; x_wconf 83' lang='lat' dir='ltr'><strong>deberet</strong></span> <span class='ocrx_word' id='word_1_71' title='bbox 1392 1484 1509 1557; x_wconf 89' lang='lat' dir='ltr'><strong>per</strong></span> <span class='ocrx_word' id='word_1_72' title='bbox 1556 1483 1960 1531; x_wconf 90' lang='lat' dir='ltr'><strong>consensum</strong></span> <span class='ocrx_word' id='word_1_73' title='bbox 2021 1458 2342 1531; x_wconf 90' lang='lat' dir='ltr'><strong>emissum</strong></span> <span class='ocrx_word' id='word_1_74' title='bbox 2409 1482 2634 1532; x_wconf 88' lang='lat' dir='ltr'><strong>coram</strong></span> <span class='ocrx_word' id='word_1_75' title='bbox 2698 1485 2842 1531; x_wconf 90' lang='lat' dir='ltr'><strong>ma-</strong></span> 
     </span>
     <span class='ocr_line' id='line_1_11' title="bbox 634 1572 2843 1672; baseline 0 -25"><span class='ocrx_word' id='word_1_76' title='bbox 634 1573 1028 1671; x_wconf 86' lang='lat' dir='ltr'><strong>gistratibus</strong></span> <span class='ocrx_word' id='word_1_77' title='bbox 1067 1572 1405 1659; x_wconf 88' lang='lat' dir='ltr'><strong>civilibus,</strong></span> <span class='ocrx_word' id='word_1_78' title='bbox 1454 1573 1826 1672; x_wconf 89' lang='lat' dir='ltr'><strong>antiquitus</strong></span> <span class='ocrx_word' id='word_1_79' title='bbox 1871 1573 2138 1672; x_wconf 90' lang='lat' dir='ltr'><strong>penitus</strong></span> <span class='ocrx_word' id='word_1_80' title='bbox 2175 1572 2627 1670; x_wconf 80' lang='lat' dir='ltr'><strong>ignorabatur.</strong></span> <span class='ocrx_word' id='word_1_81' title='bbox 2667 1575 2843 1647; x_wconf 86' lang='lat' dir='ltr'><strong>Satis</strong></span> 
     </span>
     <span class='ocr_line' id='line_1_12' title="bbox 633 1688 2843 1785; baseline -0 -24"><span class='ocrx_word' id='word_1_82' title='bbox 633 1689 812 1761; x_wconf 90' lang='lat' dir='ltr'><strong>enim</strong></span> <span class='ocrx_word' id='word_1_83' title='bbox 865 1703 1006 1760; x_wconf 90' lang='lat' dir='ltr'><strong>erat</strong></span> <span class='ocrx_word' id='word_1_84' title='bbox 1063 1688 1239 1785; x_wconf 92' lang='lat' dir='ltr'><strong>apud</strong></span> <span class='ocrx_word' id='word_1_85' title='bbox 1294 1712 1601 1760; x_wconf 89' lang='lat' dir='ltr'><strong>romanos</strong></span> <span class='ocrx_word' id='word_1_86' title='bbox 1621 1745 1637 1773; x_wconf 87' lang='lat'>,</span> <span class='ocrx_word' id='word_1_87' title='bbox 1697 1703 1772 1760; x_wconf 97' lang='lat' dir='ltr'><strong>ut</strong></span> <span class='ocrx_word' id='word_1_88' title='bbox 1820 1688 2286 1763; x_wconf 84' lang='lat' dir='ltr'><strong>contrahentes</strong></span> <span class='ocrx_word' id='word_1_89' title='bbox 2339 1690 2512 1762; x_wconf 90' lang='lat' dir='ltr'><strong>inter</strong></span> <span class='ocrx_word' id='word_1_90' title='bbox 2561 1716 2638 1762; x_wconf 90' lang='lat' dir='ltr'><strong>se</strong></span> <span class='ocrx_word' id='word_1_91' title='bbox 2683 1714 2843 1763; x_wconf 88' lang='lat' dir='ltr'><strong>con-</strong></span> 
     </span>
     <span class='ocr_line' id='line_1_13' title="bbox 631 1801 2833 1903; baseline -0 -27"><span class='ocrx_word' id='word_1_92' title='bbox 631 1803 965 1889; x_wconf 89' lang='lat' dir='ltr'><strong>venirent,</strong></span> <span class='ocrx_word' id='word_1_93' title='bbox 1025 1818 1139 1873; x_wconf 89' lang='lat' dir='ltr'><strong>aut</strong></span> <span class='ocrx_word' id='word_1_94' title='bbox 1187 1801 1414 1901; x_wconf 87' lang='lat' dir='ltr'><strong>aliquo</strong></span> <span class='ocrx_word' id='word_1_95' title='bbox 1461 1803 1687 1887; x_wconf 84' lang='lat' dir='ltr'><strong>verbo,</strong></span> <span class='ocrx_word' id='word_1_96' title='bbox 1754 1819 1869 1875; x_wconf 88' lang='lat' dir='ltr'><strong>aut</strong></span> <span class='ocrx_word' id='word_1_97' title='bbox 1916 1803 2117 1875; x_wconf 92' lang='lat' dir='ltr'><strong>etiam</strong></span> <span class='ocrx_word' id='word_1_98' title='bbox 2169 1804 2386 1876; x_wconf 91' lang='lat' dir='ltr'><strong>solum</strong></span> <span class='ocrx_word' id='word_1_99' title='bbox 2435 1806 2609 1902; x_wconf 82' lang='lat' dir='ltr'><strong>sacto</strong></span> <span class='ocrx_word' id='word_1_100' title='bbox 2660 1804 2833 1903; x_wconf 82' lang='lat' dir='ltr'><strong>ipso,</strong></span> 
     </span>
     <span class='ocr_line' id='line_1_14' title="bbox 632 1915 2844 2017; baseline 0.001 -28"><span class='ocrx_word' id='word_1_101' title='bbox 632 1918 772 1990; x_wconf 88' lang='lat' dir='ltr'><strong>Nec</strong></span> <span class='ocrx_word' id='word_1_102' title='bbox 794 1915 1263 2016; x_wconf 89' lang='lat' dir='ltr'><strong>disputabatur</strong></span> <span class='ocrx_word' id='word_1_103' title='bbox 1294 1931 1452 1988; x_wconf 91' lang='lat' dir='ltr'><strong>tunc</strong></span> <span class='ocrx_word' id='word_1_104' title='bbox 1485 1916 1803 2015; x_wconf 87' lang='lat' dir='ltr'><strong>temporis</strong></span> <span class='ocrx_word' id='word_1_105' title='bbox 1838 1916 1923 1989; x_wconf 94' lang='lat' dir='ltr'><strong>de</strong></span> <span class='ocrx_word' id='word_1_106' title='bbox 1958 1916 2266 1990; x_wconf 84' lang='lat' dir='ltr'><strong>facultate</strong></span> <span class='ocrx_word' id='word_1_107' title='bbox 2299 1944 2380 1990; x_wconf 82' lang='lat' dir='ltr'><strong>ex</strong></span> <span class='ocrx_word' id='word_1_108' title='bbox 2412 1933 2599 2017; x_wconf 86' lang='lat' dir='ltr'><strong>parte</strong></span> <span class='ocrx_word' id='word_1_109' title='bbox 2622 1934 2844 1992; x_wconf 89' lang='lat' dir='ltr'><strong>aucto-</strong></span> 
     </span>
     <span class='ocr_line' id='line_1_15' title="bbox 633 2030 2841 2132; baseline 0.001 -29"><span class='ocrx_word' id='word_1_110' title='bbox 633 2032 848 2107; x_wconf 82' lang='lat' dir='ltr'><strong>ritatis</strong></span> <span class='ocrx_word' id='word_1_111' title='bbox 896 2030 1205 2132; x_wconf 85' lang='lat' dir='ltr'><strong>politicae</strong></span> <span class='ocrx_word' id='word_1_112' title='bbox 1253 2031 1340 2104; x_wconf 89' lang='lat' dir='ltr'><strong>ad</strong></span> <span class='ocrx_word' id='word_1_113' title='bbox 1390 2031 1685 2128; x_wconf 82' lang='lat' dir='ltr'><strong>legitime</strong></span> <span class='ocrx_word' id='word_1_114' title='bbox 1736 2033 2007 2132; x_wconf 88' lang='lat' dir='ltr'><strong>nuptias</strong></span> <span class='ocrx_word' id='word_1_115' title='bbox 2058 2032 2599 2121; x_wconf 89' lang='lat' dir='ltr'><strong>contrahendas;</strong></span> <span class='ocrx_word' id='word_1_116' title='bbox 2658 2032 2841 2107; x_wconf 85' lang='lat' dir='ltr'><strong>nulla</strong></span> 
     </span>
     <span class='ocr_line' id='line_1_16' title="bbox 634 2146 2846 2247; baseline 0 -27"><span class='ocrx_word' id='word_1_117' title='bbox 634 2148 1095 2247; x_wconf 74' lang='lat' dir='ltr'><strong>mquirebatur</strong></span> <span class='ocrx_word' id='word_1_118' title='bbox 1143 2147 1526 2220; x_wconf 86' lang='lat' dir='ltr'><strong>solemnitas</strong></span> <span class='ocrx_word' id='word_1_119' title='bbox 1576 2149 1844 2221; x_wconf 88' lang='lat' dir='ltr'><strong>testium</strong></span> <span class='ocrx_word' id='word_1_120' title='bbox 1867 2207 1883 2236; x_wconf 89' lang='lat'>,</span> <span class='ocrx_word' id='word_1_121' title='bbox 1942 2164 2057 2221; x_wconf 91' lang='lat' dir='ltr'><strong>aut</strong></span> <span class='ocrx_word' id='word_1_122' title='bbox 2104 2146 2515 2246; x_wconf 90' lang='lat' dir='ltr'><strong>reipublicae</strong></span> <span class='ocrx_word' id='word_1_123' title='bbox 2561 2148 2846 2220; x_wconf 91' lang='lat' dir='ltr'><strong>admini-</strong></span> 
     </span>
     <span class='ocr_line' id='line_1_17' title="bbox 634 2263 2845 2363; baseline 0.001 -26"><span class='ocrx_word' id='word_1_124' title='bbox 634 2279 942 2338; x_wconf 88' lang='lat' dir='ltr'><strong>strorum.</strong></span> <span class='ocrx_word' id='word_1_125' title='bbox 976 2263 1350 2337; x_wconf 88' lang='lat' dir='ltr'><strong>Auctoritas</strong></span> <span class='ocrx_word' id='word_1_126' title='bbox 1393 2264 1613 2337; x_wconf 91' lang='lat' dir='ltr'><strong>civilis</strong></span> <span class='ocrx_word' id='word_1_127' title='bbox 1652 2291 1782 2338; x_wconf 92' lang='lat' dir='ltr'><strong>non</strong></span> <span class='ocrx_word' id='word_1_128' title='bbox 1819 2264 2296 2337; x_wconf 76' lang='lat' dir='ltr'><strong>interveniebat</strong></span> <span class='ocrx_word' id='word_1_129' title='bbox 2346 2264 2478 2336; x_wconf 91' lang='lat' dir='ltr'><strong>nisi</strong></span> <span class='ocrx_word' id='word_1_130' title='bbox 2532 2281 2687 2363; x_wconf 89' lang='lat' dir='ltr'><strong>post</strong></span> <span class='ocrx_word' id='word_1_131' title='bbox 2735 2291 2845 2338; x_wconf 88' lang='lat' dir='ltr'><strong>ce-</strong></span> 
     </span>
     <span class='ocr_line' id='line_1_18' title="bbox 635 2377 2843 2479; baseline 0.001 -30"><span class='ocrx_word' id='word_1_132' title='bbox 635 2377 1068 2453; x_wconf 88' lang='lat' dir='ltr'><strong>lebrationem</strong></span> <span class='ocrx_word' id='word_1_133' title='bbox 1120 2380 1563 2466; x_wconf 86' lang='lat' dir='ltr'><strong>matrimonii,</strong></span> <span class='ocrx_word' id='word_1_134' title='bbox 1614 2407 1822 2479; x_wconf 91' lang='lat' dir='ltr'><strong>quum</strong></span> <span class='ocrx_word' id='word_1_135' title='bbox 1857 2380 2028 2451; x_wconf 84' lang='lat' dir='ltr'><strong>inter</strong></span> <span class='ocrx_word' id='word_1_136' title='bbox 2061 2379 2382 2475; x_wconf 88' lang='lat' dir='ltr'><strong>coniuges</strong></span> <span class='ocrx_word' id='word_1_137' title='bbox 2417 2395 2723 2475; x_wconf 88' lang='lat' dir='ltr'><strong>ageretur</strong></span> <span class='ocrx_word' id='word_1_138' title='bbox 2756 2377 2843 2451; x_wconf 89' lang='lat' dir='ltr'><strong>de</strong></span> 
     </span>
     <span class='ocr_line' id='line_1_19' title="bbox 634 2492 2839 2594; baseline 0 -28"><span class='ocrx_word' id='word_1_139' title='bbox 634 2493 861 2593; x_wconf 87' lang='lat' dir='ltr'><strong>aliqua</strong></span> <span class='ocrx_word' id='word_1_140' title='bbox 909 2519 1115 2567; x_wconf 91' lang='lat' dir='ltr'><strong>causa</strong></span> <span class='ocrx_word' id='word_1_141' title='bbox 1162 2494 1540 2567; x_wconf 87' lang='lat' dir='ltr'><strong>dirimenda</strong></span> <span class='ocrx_word' id='word_1_142' title='bbox 1597 2497 1725 2590; x_wconf 86' lang='lat'>(7);</span> <span class='ocrx_word' id='word_1_143' title='bbox 1786 2509 1851 2567; x_wconf 89' lang='lat' dir='ltr'><strong>et</strong></span> <span class='ocrx_word' id='word_1_144' title='bbox 1901 2493 2170 2594; x_wconf 90' lang='lat' dir='ltr'><strong>quidem</strong></span> <span class='ocrx_word' id='word_1_145' title='bbox 2221 2510 2375 2593; x_wconf 89' lang='lat' dir='ltr'><strong>post</strong></span> <span class='ocrx_word' id='word_1_146' title='bbox 2423 2492 2747 2567; x_wconf 88' lang='lat' dir='ltr'><strong>iudicium</strong></span> <span class='ocrx_word' id='word_1_147' title='bbox 2798 2519 2839 2566; x_wconf 90' lang='lat' dir='ltr'><strong>a</strong></span> 
     </span>
     <span class='ocr_line' id='line_1_20' title="bbox 632 2608 2829 2708; baseline -0.002 -26"><span class='ocrx_word' id='word_1_148' title='bbox 632 2608 909 2705; x_wconf 86' lang='lat' dir='ltr'><strong>collegio</strong></span> <span class='ocrx_word' id='word_1_149' title='bbox 962 2609 1354 2682; x_wconf 89' lang='lat' dir='ltr'><strong>sacerdotali</strong></span> <span class='ocrx_word' id='word_1_150' title='bbox 1410 2609 1807 2681; x_wconf 89' lang='lat' dir='ltr'><strong>institutum.</strong></span> <span class='ocrx_word' id='word_1_151' title='bbox 1856 2610 1938 2681; x_wconf 89' lang='lat' dir='ltr'><strong>Et</strong></span> <span class='ocrx_word' id='word_1_152' title='bbox 1981 2609 2147 2682; x_wconf 90' lang='lat' dir='ltr'><strong>haec</strong></span> <span class='ocrx_word' id='word_1_153' title='bbox 2185 2608 2456 2708; x_wconf 90' lang='lat' dir='ltr'><strong>quidem</strong></span> <span class='ocrx_word' id='word_1_154' title='bbox 2498 2609 2829 2681; x_wconf 75' lang='lat' dir='ltr'><strong>indirecte.</strong></span> 
     </span>
    </p>

    <p class='ocr_par' dir='ltr' id='par_1_4' title="bbox 625 2723 2843 4311">
     <span class='ocr_line' id='line_1_21' title="bbox 778 2723 2841 2824; baseline 0.002 -32"><span class='ocrx_word' id='word_1_155' title='bbox 778 2724 970 2795; x_wconf 91' lang='lat' dir='ltr'><strong>Nunc</strong></span> <span class='ocrx_word' id='word_1_156' title='bbox 995 2723 1080 2794; x_wconf 92' lang='lat' dir='ltr'><strong>ad</strong></span> <span class='ocrx_word' id='word_1_157' title='bbox 1109 2723 1234 2794; x_wconf 91' lang='lat' dir='ltr'><strong>hoc</strong></span> <span class='ocrx_word' id='word_1_158' title='bbox 1261 2723 1484 2821; x_wconf 91' lang='lat' dir='ltr'><strong>ipsum</strong></span> <span class='ocrx_word' id='word_1_159' title='bbox 1511 2723 1746 2794; x_wconf 78' lang='lat' dir='ltr'><strong>directe</strong></span> <span class='ocrx_word' id='word_1_160' title='bbox 1775 2724 2211 2796; x_wconf 89' lang='lat' dir='ltr'><strong>evincendum</strong></span> <span class='ocrx_word' id='word_1_161' title='bbox 2237 2724 2633 2798; x_wconf 86' lang='lat' dir='ltr'><strong>accedamus</strong></span> <span class='ocrx_word' id='word_1_162' title='bbox 2652 2749 2841 2824; x_wconf 91' lang='lat' dir='ltr'><strong>opor-</strong></span> 
     </span>
     <span class='ocr_line' id='line_1_22' title="bbox 632 2835 2841 2939; baseline 0.001 -30"><span class='ocrx_word' id='word_1_163' title='bbox 632 2850 745 2909; x_wconf 88' lang='lat' dir='ltr'><strong>tet.</strong></span> <span class='ocrx_word' id='word_1_164' title='bbox 808 2835 1002 2920; x_wconf 85' lang='lat' dir='ltr'><strong>Quod</strong></span> <span class='ocrx_word' id='word_1_165' title='bbox 1060 2851 1133 2908; x_wconf 90' lang='lat' dir='ltr'><strong>ut</strong></span> <span class='ocrx_word' id='word_1_166' title='bbox 1199 2862 1641 2937; x_wconf 88' lang='lat' dir='ltr'><strong>assequamur</strong></span> <span class='ocrx_word' id='word_1_167' title='bbox 1698 2838 1863 2911; x_wconf 88' lang='lat' dir='ltr'><strong>satis</strong></span> <span class='ocrx_word' id='word_1_168' title='bbox 1916 2854 2018 2911; x_wconf 88' lang='lat' dir='ltr'><strong>est</strong></span> <span class='ocrx_word' id='word_1_169' title='bbox 2068 2839 2479 2912; x_wconf 87' lang='lat' dir='ltr'><strong>documentis</strong></span> <span class='ocrx_word' id='word_1_170' title='bbox 2530 2839 2841 2939; x_wconf 83' lang='lat' dir='ltr'><strong>positivis</strong></span> 
     </span>
     <span class='ocr_line' id='line_1_23' title="bbox 632 2950 2843 3052; baseline 0 -28"><span class='ocrx_word' id='word_1_171' title='bbox 632 2950 1009 3036; x_wconf 89' lang='lat' dir='ltr'><strong>ostendere,</strong></span> <span class='ocrx_word' id='word_1_172' title='bbox 1062 2950 1238 3050; x_wconf 91' lang='lat' dir='ltr'><strong>apud</strong></span> <span class='ocrx_word' id='word_1_173' title='bbox 1283 2951 1551 3025; x_wconf 91' lang='lat' dir='ltr'><strong>eosdem</strong></span> <span class='ocrx_word' id='word_1_174' title='bbox 1587 2951 1890 3026; x_wconf 89' lang='lat' dir='ltr'><strong>ethnicos</strong></span> <span class='ocrx_word' id='word_1_175' title='bbox 1927 2954 2251 3052; x_wconf 90' lang='lat' dir='ltr'><strong>nuptialia</strong></span> <span class='ocrx_word' id='word_1_176' title='bbox 2284 2954 2550 3027; x_wconf 87' lang='lat' dir='ltr'><strong>foedera</strong></span> <span class='ocrx_word' id='word_1_177' title='bbox 2602 2954 2843 3050; x_wconf 87' lang='lat' dir='ltr'><strong>iugiter</strong></span> 
     </span>
     <span class='ocr_line' id='line_1_24' title="bbox 631 3065 2841 3164; baseline 0 -26"><span class='ocrx_word' id='word_1_178' title='bbox 631 3079 929 3164; x_wconf 87' lang='lat' dir='ltr'><strong>spectata</strong></span> <span class='ocrx_word' id='word_1_179' title='bbox 975 3065 1187 3138; x_wconf 81' lang='lat' dir='ltr'><strong>fuisse</strong></span> <span class='ocrx_word' id='word_1_180' title='bbox 1232 3067 1329 3138; x_wconf 92' lang='lat' dir='ltr'><strong>uti</strong></span> <span class='ocrx_word' id='word_1_181' title='bbox 1382 3093 1519 3139; x_wconf 91' lang='lat' dir='ltr'><strong>rem</strong></span> <span class='ocrx_word' id='word_1_182' title='bbox 1572 3093 1830 3139; x_wconf 89' lang='lat' dir='ltr'><strong>sacram</strong></span> <span class='ocrx_word' id='word_1_183' title='bbox 1857 3125 1872 3155; x_wconf 87' lang='lat'><strong>,</strong></span> <span class='ocrx_word' id='word_1_184' title='bbox 1915 3094 1993 3140; x_wconf 93' lang='lat' dir='ltr'><strong>ac</strong></span> <span class='ocrx_word' id='word_1_185' title='bbox 2028 3069 2237 3141; x_wconf 89' lang='lat' dir='ltr'><strong>sacris</strong></span> <span class='ocrx_word' id='word_1_186' title='bbox 2273 3069 2513 3141; x_wconf 89' lang='lat' dir='ltr'><strong>ritibus</strong></span> <span class='ocrx_word' id='word_1_187' title='bbox 2564 3069 2841 3140; x_wconf 90' lang='lat' dir='ltr'><strong>initian-</strong></span> 
     </span>
     <span class='ocr_line' id='line_1_25' title="bbox 630 3180 2840 3282; baseline 0.002 -30"><span class='ocrx_word' id='word_1_188' title='bbox 630 3180 809 3253; x_wconf 91' lang='lat' dir='ltr'><strong>dam.</strong></span> <span class='ocrx_word' id='word_1_189' title='bbox 858 3180 1064 3252; x_wconf 91' lang='lat' dir='ltr'><strong>Cuius</strong></span> <span class='ocrx_word' id='word_1_190' title='bbox 1093 3180 1184 3252; x_wconf 90' lang='lat' dir='ltr'><strong>rei</strong></span> <span class='ocrx_word' id='word_1_191' title='bbox 1211 3180 1417 3253; x_wconf 91' lang='lat' dir='ltr'><strong>vades</strong></span> <span class='ocrx_word' id='word_1_192' title='bbox 1450 3180 1688 3254; x_wconf 91' lang='lat' dir='ltr'><strong>damus</strong></span> <span class='ocrx_word' id='word_1_193' title='bbox 1715 3197 1969 3255; x_wconf 89' lang='lat' dir='ltr'><strong>veteres</strong></span> <span class='ocrx_word' id='word_1_194' title='bbox 2006 3182 2537 3270; x_wconf 81' lang='lat' dir='ltr'><strong>iurisconsultoS,</strong></span> <span class='ocrx_word' id='word_1_195' title='bbox 2570 3184 2688 3282; x_wconf 91' lang='lat' dir='ltr'><strong>qui</strong></span> <span class='ocrx_word' id='word_1_196' title='bbox 2712 3183 2840 3256; x_wconf 91' lang='lat' dir='ltr'><strong>hoc</strong></span> 
     </span>
     <span class='ocr_line' id='line_1_26' title="bbox 629 3293 2837 3390; baseline 0 -24"><span class='ocrx_word' id='word_1_197' title='bbox 629 3293 715 3366; x_wconf 89' lang='lat' dir='ltr'><strong>de</strong></span> <span class='ocrx_word' id='word_1_198' title='bbox 749 3308 1133 3390; x_wconf 88' lang='lat' dir='ltr'><strong>argumento</strong></span> <span class='ocrx_word' id='word_1_199' title='bbox 1162 3293 1641 3367; x_wconf 88' lang='lat' dir='ltr'><strong>disseruerunt.</strong></span> <span class='ocrx_word' id='word_1_200' title='bbox 1678 3296 1960 3369; x_wconf 89' lang='lat' dir='ltr'><strong>Iacobus</strong></span> <span class='ocrx_word' id='word_1_201' title='bbox 1988 3296 2337 3369; x_wconf 89' lang='lat' dir='ltr'><strong>Cuiaccius</strong></span> <span class='ocrx_word' id='word_1_202' title='bbox 2374 3297 2541 3369; x_wconf 90' lang='lat' dir='ltr'><strong>haec</strong></span> <span class='ocrx_word' id='word_1_203' title='bbox 2576 3296 2661 3369; x_wconf 91' lang='lat' dir='ltr'><strong>ad</strong></span> <span class='ocrx_word' id='word_1_204' title='bbox 2700 3322 2837 3368; x_wconf 89' lang='lat' dir='ltr'><strong>rem</strong></span> 
     </span>
     <span class='ocr_line' id='line_1_27' title="bbox 632 3406 2839 3509; baseline 0.002 -32"><span class='ocrx_word' id='word_1_205' title='bbox 632 3421 926 3480; x_wconf 89' lang='lat' dir='ltr'><strong>nostram</strong></span> <span class='ocrx_word' id='word_1_206' title='bbox 968 3406 1240 3479; x_wconf 90' lang='lat' dir='ltr'><strong>scribit:</strong></span> <span class='ocrx_word' id='word_1_207' title='bbox 1290 3438 1324 3475; x_wconf 87' lang='lat'>«</span> <span class='ocrx_word' id='word_1_208' title='bbox 1348 3408 1628 3506; x_wconf 89' lang='lat' dir='ltr'><strong>Nuptiae</strong></span> <span class='ocrx_word' id='word_1_209' title='bbox 1663 3435 1931 3509; x_wconf 90' lang='lat' dir='ltr'><strong>quoque</strong></span> <span class='ocrx_word' id='word_1_210' title='bbox 1967 3410 2304 3508; x_wconf 89' lang='lat' dir='ltr'><strong>pactiones</strong></span> <span class='ocrx_word' id='word_1_211' title='bbox 2342 3426 2520 3496; x_wconf 89' lang='lat' dir='ltr'><strong>sunt,</strong></span> <span class='ocrx_word' id='word_1_212' title='bbox 2563 3426 2628 3483; x_wconf 88' lang='lat' dir='ltr'><strong>et</strong></span> <span class='ocrx_word' id='word_1_213' title='bbox 2660 3409 2839 3481; x_wconf 90' lang='lat' dir='ltr'><strong>nudo</strong></span> 
     </span>
     <span class='ocr_line' id='line_1_28' title="bbox 630 3521 2838 3624; baseline 0.001 -30"><span class='ocrx_word' id='word_1_214' title='bbox 630 3547 963 3597; x_wconf 89' lang='lat' dir='ltr'><strong>consensu</strong></span> <span class='ocrx_word' id='word_1_215' title='bbox 1012 3521 1524 3608; x_wconf 88' lang='lat' dir='ltr'><strong>constituuntur,</strong></span> <span class='ocrx_word' id='word_1_216' title='bbox 1583 3550 1717 3622; x_wconf 86' lang='lat' dir='ltr'><strong>qua</strong></span> <span class='ocrx_word' id='word_1_217' title='bbox 1752 3524 1839 3596; x_wconf 89' lang='lat' dir='ltr'><strong>de</strong></span> <span class='ocrx_word' id='word_1_218' title='bbox 1875 3551 2079 3597; x_wconf 90' lang='lat' dir='ltr'><strong>causa</strong></span> <span class='ocrx_word' id='word_1_219' title='bbox 2130 3524 2527 3624; x_wconf 80' lang='lat' dir='ltr'><strong>hypothecis</strong></span> <span class='ocrx_word' id='word_1_220' title='bbox 2570 3550 2838 3623; x_wconf 90' lang='lat' dir='ltr'><strong>compa-</strong></span> 
     </span>
     <span class='ocr_line' id='line_1_29' title="bbox 629 3634 2831 3733; baseline 0.001 -25"><span class='ocrx_word' id='word_1_221' title='bbox 629 3652 858 3708; x_wconf 88' lang='lat' dir='ltr'><strong>rantur</strong></span> <span class='ocrx_word' id='word_1_222' title='bbox 907 3634 1025 3707; x_wconf 94' lang='lat' dir='ltr'><strong>lib.</strong></span> <span class='ocrx_word' id='word_1_223' title='bbox 1065 3638 1128 3706; x_wconf 79' lang='lat'><strong>4.</strong></span> <span class='ocrx_word' id='word_1_224' title='bbox 1162 3636 1258 3707; x_wconf 87' lang='lat' dir='ltr'><strong>De</strong></span> <span class='ocrx_word' id='word_1_225' title='bbox 1301 3636 1426 3733; x_wconf 82' lang='lat' dir='ltr'><strong>fide</strong></span> <span class='ocrx_word' id='word_1_226' title='bbox 1463 3639 1686 3722; x_wconf 56' lang='lat' dir='ltr'><strong>inser„</strong></span> <span class='ocrx_word' id='word_1_227' title='bbox 1721 3654 1785 3710; x_wconf 88' lang='lat' dir='ltr'><strong>et</strong></span> <span class='ocrx_word' id='word_1_228' title='bbox 1820 3639 1987 3711; x_wconf 88' lang='lat' dir='ltr'><strong>fiunt</strong></span> <span class='ocrx_word' id='word_1_229' title='bbox 2029 3639 2227 3712; x_wconf 88' lang='lat' dir='ltr'><strong>etiam</strong></span> <span class='ocrx_word' id='word_1_230' title='bbox 2268 3641 2441 3711; x_wconf 89' lang='lat' dir='ltr'><strong>inter</strong></span> <span class='ocrx_word' id='word_1_231' title='bbox 2489 3638 2831 3724; x_wconf 79' lang='lat' dir='ltr'><strong>absenteS,</strong></span> 
     </span>
     <span class='ocr_line' id='line_1_30' title="bbox 628 3748 2836 3850; baseline 0.001 -29"><span class='ocrx_word' id='word_1_232' title='bbox 628 3749 803 3822; x_wconf 90' lang='lat' dir='ltr'><strong>sicut</strong></span> <span class='ocrx_word' id='word_1_233' title='bbox 861 3748 1227 3847; x_wconf 90' lang='lat' dir='ltr'><strong>sponsalia.</strong></span> <span class='ocrx_word' id='word_1_234' title='bbox 1295 3750 1351 3820; x_wconf 88' lang='lat' dir='ltr'>A</span> <span class='ocrx_word' id='word_1_235' title='bbox 1399 3751 1771 3825; x_wconf 86' lang='lat' dir='ltr'><strong>Modestino</strong></span> <span class='ocrx_word' id='word_1_236' title='bbox 1847 3753 2181 3850; x_wconf 88' lang='lat' dir='ltr'><strong>eleganter</strong></span> <span class='ocrx_word' id='word_1_237' title='bbox 2238 3752 2649 3824; x_wconf 83' lang='lat' dir='ltr'><strong>definiuntur</strong></span> <span class='ocrx_word' id='word_1_238' title='bbox 2707 3751 2836 3824; x_wconf 91' lang='lat' dir='ltr'><strong>hoc</strong></span> 
     </span>
     <span class='ocr_line' id='line_1_31' title="bbox 628 3862 2839 3965; baseline 0.001 -31"><span class='ocrx_word' id='word_1_239' title='bbox 628 3862 861 3935; x_wconf 89' lang='lat' dir='ltr'><strong>modo:</strong></span> <span class='ocrx_word' id='word_1_240' title='bbox 902 3865 1280 3937; x_wconf 82' lang='lat' dir='ltr'><strong>Coniunctio</strong></span> <span class='ocrx_word' id='word_1_241' title='bbox 1323 3867 1526 3937; x_wconf 81' lang='lat' dir='ltr'><strong>maris</strong></span> <span class='ocrx_word' id='word_1_242' title='bbox 1560 3882 1620 3937; x_wconf 81' lang='lat' dir='ltr'><strong>et</strong></span> <span class='ocrx_word' id='word_1_243' title='bbox 1652 3868 1965 3965; x_wconf 80' lang='lat' dir='ltr'><strong>foeminae</strong></span> <span class='ocrx_word' id='word_1_244' title='bbox 1992 3882 2053 3938; x_wconf 83' lang='lat' dir='ltr'><strong>et</strong></span> <span class='ocrx_word' id='word_1_245' title='bbox 2077 3870 2465 3939; x_wconf 79' lang='lat' dir='ltr'><strong>consortium</strong></span> <span class='ocrx_word' id='word_1_246' title='bbox 2498 3869 2703 3939; x_wconf 80' lang='lat' dir='ltr'><strong>omnis</strong></span> <span class='ocrx_word' id='word_1_247' title='bbox 2735 3867 2839 3937; x_wconf 87' lang='lat' dir='ltr'><strong>vi·</strong></span> 
     </span>
     <span class='ocr_line' id='line_1_32' title="bbox 630 3981 2829 4063; baseline 0.001 -14"><span class='ocrx_word' id='word_1_248' title='bbox 630 3992 729 4050; x_wconf 79' lang='lat' dir='ltr'><strong>tae</strong></span> <span class='ocrx_word' id='word_1_249' title='bbox 752 4034 767 4063; x_wconf 89' lang='lat'>,</span> <span class='ocrx_word' id='word_1_250' title='bbox 813 4004 1010 4052; x_wconf 78' lang='lat' dir='ltr'><strong>mvlm</strong></span> <span class='ocrx_word' id='word_1_251' title='bbox 1037 3994 1097 4051; x_wconf 79' lang='lat' dir='ltr'><strong>et</strong></span> <span class='ocrx_word' id='word_1_252' title='bbox 1125 3981 1392 4053; x_wconf 78' lang='lat' dir='ltr'><strong>humani</strong></span> <span class='ocrx_word' id='word_1_253' title='bbox 1422 3982 1587 4054; x_wconf 80' lang='lat' dir='ltr'><strong>iuris</strong></span> <span class='ocrx_word' id='word_1_254' title='bbox 1619 3984 2127 4054; x_wconf 79' lang='lat' dir='ltr'><strong>communicatio.</strong></span> <span class='ocrx_word' id='word_1_255' title='bbox 2165 3981 2530 4056; x_wconf 90' lang='lat' dir='ltr'><strong>Coniuncto</strong></span> <span class='ocrx_word' id='word_1_256' title='bbox 2572 3997 2646 4054; x_wconf 89' lang='lat' dir='ltr'><strong>ut</strong></span> <span class='ocrx_word' id='word_1_257' title='bbox 2685 3982 2733 4053; x_wconf 90' lang='lat' dir='ltr'><strong>l.</strong></span> <span class='ocrx_word' id='word_1_258' title='bbox 2777 3983 2829 4052; x_wconf 91' lang='lat' dir='ltr'><strong>l.</strong></span> 
     </span>
     <span class='ocr_line' id='line_1_33' title="bbox 627 4091 2837 4195; baseline 0.001 -32"><span class='ocrx_word' id='word_1_259' title='bbox 627 4091 721 4163; x_wconf 89' lang='lat' dir='ltr'><strong>De</strong></span> <span class='ocrx_word' id='word_1_260' title='bbox 770 4093 924 4162; x_wconf 82' lang='lat' dir='ltr'><strong>iast.</strong></span> <span class='ocrx_word' id='word_1_261' title='bbox 988 4108 1048 4163; x_wconf 84' lang='lat' dir='ltr'><strong>et</strong></span> <span class='ocrx_word' id='word_1_262' title='bbox 1090 4097 1218 4165; x_wconf 78' lang='lat' dir='ltr'><strong>iar.</strong></span> <span class='ocrx_word' id='word_1_263' title='bbox 1273 4096 1650 4169; x_wconf 79' lang='lat' dir='ltr'><strong>Coniunctio</strong></span> <span class='ocrx_word' id='word_1_264' title='bbox 1693 4097 1896 4168; x_wconf 81' lang='lat' dir='ltr'><strong>maris</strong></span> <span class='ocrx_word' id='word_1_265' title='bbox 1947 4110 2008 4168; x_wconf 82' lang='lat' dir='ltr'><strong>et</strong></span> <span class='ocrx_word' id='word_1_266' title='bbox 2056 4098 2370 4195; x_wconf 78' lang='lat' dir='ltr'><strong>foeminae</strong></span> <span class='ocrx_word' id='word_1_267' title='bbox 2400 4153 2419 4181; x_wconf 90' lang='lat'><em>‚</em></span> <span class='ocrx_word' id='word_1_268' title='bbox 2476 4123 2675 4193; x_wconf 80' lang='lat' dir='ltr'><strong>quam</strong></span> <span class='ocrx_word' id='word_1_269' title='bbox 2723 4121 2837 4167; x_wconf 75' lang='lat' dir='ltr'><strong>nos</strong></span> 
     </span>
     <span class='ocr_line' id='line_1_34' title="bbox 625 4208 2833 4311; baseline 0.002 -33"><span class='ocrx_word' id='word_1_270' title='bbox 625 4208 1111 4279; x_wconf 79' lang='lat' dir='ltr'><strong>matrimonium</strong></span> <span class='ocrx_word' id='word_1_271' title='bbox 1136 4211 1563 4308; x_wconf 79' lang='lat' dir='ltr'><strong>appellamus.</strong></span> <span class='ocrx_word' id='word_1_272' title='bbox 1590 4211 1847 4311; x_wconf 86' lang='lat' dir='ltr'><strong>Duplex</strong></span> <span class='ocrx_word' id='word_1_273' title='bbox 1884 4210 2063 4284; x_wconf 89' lang='lat' dir='ltr'><strong>enim</strong></span> <span class='ocrx_word' id='word_1_274' title='bbox 2101 4211 2348 4285; x_wconf 90' lang='lat' dir='ltr'><strong>habent</strong></span> <span class='ocrx_word' id='word_1_275' title='bbox 2383 4237 2651 4298; x_wconf 87' lang='lat' dir='ltr'><strong>nomen,</strong></span> <span class='ocrx_word' id='word_1_276' title='bbox 2692 4236 2833 4282; x_wconf 90' lang='lat' dir='ltr'><strong>ma-</strong></span> 
     </span>
    </p>
   </div>
   <div class='ocr_carea' id='block_1_3' title="bbox 770 4357 1108 4421">
    <p class='ocr_par' dir='ltr' id='par_1_5' title="bbox 770 4357 1108 4421">
     <span class='ocr_line' id='line_1_35' title="bbox 770 4357 1108 4421; baseline 0.003 -13"><span class='ocrx_word' id='word_1_277' title='bbox 770 4358 839 4421; x_wconf 88' lang='lat'><strong>(7)</strong></span> <span class='ocrx_word' id='word_1_278' title='bbox 869 4359 947 4409; x_wconf 83' lang='lat' dir='ltr'><strong>cr.</strong></span> <span class='ocrx_word' id='word_1_279' title='bbox 984 4357 1108 4409; x_wconf 83' lang='lat' dir='ltr'><strong>lbid.</strong></span> 
     </span>
    </p>
   </div>
  </div>
 </body>
</html>
