3276 5083
709 411 844 480 376
1073 433 1195 481 m.
1241 433 1285 480 ι.
1330 430 1542 481 sueno
1576 430 1839 480 Auem.
1882 431 1962 480 nt
1996 429 2262 480 urum.
2304 430 2516 481 ctvm.

844 550 1065 622 Prima
1100 551 1326 649 itaque
1349 566 1454 622 est
1477 549 1732 647 optima
1770 547 1998 647 populi
2043 548 2249 621 animi
2301 550 2713 647 comparatio
2739 609 2755 635 ‚
2795 554 2923 649 qui

702 665 787 737 ab
827 663 1188 738 omissione
1232 664 1399 735 ritus
1453 661 1748 759 religiosi
1804 686 2080 761 prorsus
2132 660 2470 734 abhorret.
2530 663 2706 759 Ergo
2760 665 2929 739 inde

700 805 824 877 ego
876 777 1245 850 concludo:
1306 776 1594 876 populus
1647 774 1882 848 melior
1926 792 2031 848 est
2077 775 2577 871 legislatoribus
2614 778 2792 869 suis,
2842 807 2928 852 ac

699 898 869 994 lege,
910 921 1110 995 quam
1147 894 1535 966 huiusmodi
1588 893 1895 966 homines
1940 919 1979 966 a
2021 893 2268 993 populo
2319 892 2619 993 deputati
2670 895 2928 971 vellent

697 1013 756 1086 ei
796 1013 1158 1110 imponere.
1193 1009 1334 1089 Hoc
1359 1009 1537 1082 idem
1566 1025 1672 1081 est
1696 1034 1776 1081 ac
1802 1008 1992 1080 fateri
2025 1008 2254 1107 populi
2279 1035 2555 1083 sensum
2584 1036 2666 1083 ac
2690 1039 2924 1087 mores

698 1127 1074 1227 superiores
1123 1151 1275 1198 esse
1327 1123 1455 1221 legi
1508 1150 1587 1197 ac
1637 1125 1781 1197 suis
1831 1123 2351 1221 legislatoribus.
2412 1125 2555 1199 Hoc
2605 1144 2712 1200 est
2760 1156 2925 1228 pro—

698 1240 864 1313 fiteri
917 1240 1204 1337 ingenue
1242 1266 1373 1312 non
1423 1237 1635 1336 legem
1687 1264 1904 1310 mores
1953 1236 2239 1334 dirigere
2265 1296 2280 1324 ‚
2340 1239 2457 1311 sed
2511 1266 2733 1315 mores
2788 1270 2926 1340 po-

699 1357 834 1455 puli
901 1356 1114 1452 legem
1180 1354 1513 1453 corripere
1564 1369 1629 1425 et
1679 1351 2100 1449 legislatores
2165 1379 2374 1439 suoe,
2446 1370 2646 1453 atque
2714 1359 2924 1431 tacite

694 1469 1095 1571 exprobrare
1142 1495 1431 1543 errorem
1456 1527 1470 1555 ,
1519 1467 2052 1541 immoralitatem
2100 1494 2180 1541 ac
2232 1468 2733 1567 perversitatem
2784 1473 2926 1546 du-

692 1612 846 1658 cum
898 1610 1212 1670 suorum;
1271 1583 1399 1656 boc
1451 1598 1557 1656 est
1604 1580 1897 1681 profiteri
1949 1580 2036 1653 ab
2087 1581 2257 1680 ipsis
2309 1582 2557 1683 populi
2589 1585 2922 1683 delegatis

693 1699 821 1771 hac
848 1699 995 1795 lege
1018 1712 1242 1770 votum
1270 1722 1350 1768 ac
1375 1695 1792 1767 desiderium
1829 1693 2062 1793 populi
2100 1697 2316 1769 fuisse
2350 1697 2696 1772 violatum.
2733 1700 2919 1786 Quid

692 1837 888 1913 porro
943 1811 1158 1909 magis
1209 1837 1598 1909 perversum
1634 1808 1771 1882 dici
1811 1825 2030 1909 potest
2078 1811 2400 1886 adversus
2439 1811 2692 1911 legem,
2735 1843 2923 1915 quae

692 1925 985 1999 iustitiae
1033 1951 1114 1998 ac
1167 1923 1587 1997 rectitudinis
1632 1940 1880 1997 norma
1916 1950 2069 1997 esse
2105 1924 2436 1999 deberet?
2486 1928 2664 2013 Quid
2715 1931 2920 2026 igno-

689 2041 1048 2115 miniosum
1084 2040 1300 2140 magis
1333 2040 1467 2114 dici
1512 2057 1730 2141 potest
1779 2041 2102 2113 adversus
2149 2040 2650 2139 legumlatoreS,
2700 2071 2913 2143 quam

686 2155 866 2257 quod
917 2156 1049 2256 ipsi
1098 2156 1168 2228 in
1220 2181 1425 2229 causa
1476 2155 1642 2242 sint,
1699 2169 1773 2227 ut
1821 2153 2050 2255 populi
2105 2181 2224 2253 per
2271 2154 2485 2251 legem
2536 2155 2908 2234 deteriores

687 2299 820 2346 non
858 2274 1056 2358 fiant,
1087 2272 1239 2345 ideo
1274 2272 1436 2371 quia
1468 2269 1616 2367 lege
1652 2295 1784 2344 non
1819 2267 2148 2343 utuntur?
2182 2270 2486 2344 Attamen
2524 2272 2657 2371 ipsi
2694 2290 2846 2347 sunt
2885 2333 2906 2361 ‚

683 2388 799 2488 qui
852 2388 1029 2461 banc
1071 2387 1201 2460 sibi
1254 2387 1571 2459 infamiae
1609 2403 1830 2460 notam
1885 2386 2160 2458 inurunt
2191 2388 2369 2481 (53).

828 2500 1052 2576 Altera
1099 2499 1387 2575 huiusce
1437 2500 1965 2574 ratiocinationis
2018 2526 2176 2600 pars
2220 2517 2322 2574 est
2362 2500 2717 2576 innocuam
2758 2502 2905 2578 sore

684 2619 896 2715 legem
950 2617 1037 2690 ob
1103 2616 1505 2716 paucitatem
1568 2642 1797 2689 eorum
1832 2673 1847 2702 ,
1917 2615 2035 2715 qui
2099 2617 2484 2714 coniugium
2537 2618 2666 2693 hoc
2715 2646 2902 2694 mere

684 2728 881 2804 civile
928 2729 1196 2803 inirent.
1239 2731 1414 2826 Ergo
1456 2730 1696 2802 iterum
1751 2729 2143 2803 inferimus:
2205 2731 2478 2830 ipsimet
2516 2733 2685 2830 legis
2744 2760 2904 2835 pro·

682 2859 1087 2945 pugnatores
1134 2843 1525 2941 profitentur
1559 2843 1769 2941 legem
1808 2870 1926 2942 per
1950 2869 2024 2916 se
2049 2844 2314 2917 noxiam
2351 2871 2502 2918 esse
2528 2903 2542 2932 ‚
2586 2872 2708 2920 seu
2742 2873 2901 2943 gra-

681 2957 961 3033 vissima
1011 2955 1186 3029 mala
1229 2955 1592 3030 obventura
1642 2982 1795 3030 esse
1844 2957 2184 3043 societati,
2242 2958 2301 3031 si
2354 2958 2456 3030 lex
2509 2961 2763 3058 passim
2815 2983 2900 3036 ac

685 3071 884 3169 vulgo
924 3069 1294 3144 executioni
1347 3071 1812 3157 mandaretur;
1872 3071 2142 3170 ipsimet
2193 3071 2370 3145 haud
2423 3073 2894 3162 dissimulant,

678 3186 861 3288 quod
913 3184 973 3258 si
1026 3182 1346 3283 plurimi,
1403 3201 1518 3258 aut
1581 3184 1885 3285 plerique
1947 3184 2196 3257 civium
2262 3186 2593 3260 eiusmodi
2649 3188 2898 3263 inirent

678 3300 1026 3398 coniugia,
1071 3298 1141 3370 id
1176 3299 1442 3372 eederet
1490 3300 1559 3370 in
1611 3299 2079 3372 detrimentum
2125 3299 2485 3388 societatis,
2541 3303 2736 3376 cuius
2788 3303 2894 3376 in-

677 3415 1038 3490 columitati
1087 3430 1287 3513 atque
1335 3413 1603 3487 utilitati
1661 3413 1792 3513 ipsi
1844 3415 2130 3486 maxime
2162 3473 2178 3500 ‚
2237 3415 2438 3488 immo
2486 3442 2644 3490 vero
2694 3419 2892 3493 unice

676 3513 961 3605 studere*
983 3556 1056 3603 se
1094 3529 1363 3603 iactant.
1419 3530 1652 3627 ltaque
1702 3554 1833 3601 non
1886 3528 2054 3625 legi,
2098 3555 2230 3602 non
2280 3528 2776 3626 legislatoribus
2822 3536 2889 3606 in

673 3642 971 3743 acceptis
1023 3643 1249 3715 referri
1319 3641 1565 3729 debet,
1636 3641 1817 3740 quod
1882 3642 2168 3715 societas
2229 3642 2313 3715 ad
2366 3645 2627 3718 ruinam
2679 3674 2754 3720 ac
2804 3648 2891 3720 ad

674 3758 1014 3831 interitum
1067 3757 1590 3856 praecipitanter
1641 3781 1774 3828 non
1825 3773 2154 3856 properet,
2190 3758 2308 3830 sed
2342 3760 2672 3857 practicae
2721 3760 2889 3858 legis

671 3872 1125 3947 desuetudini.
1170 3873 1255 3944 Et
1301 3871 1371 3942 bi
1426 3870 1864 3945 nihilominus
1902 3898 1977 3945 se
2013 3870 2243 3972 populi
2282 3898 2360 3945 ac
2397 3874 2739 3949 societatis
2786 3892 2890 3950 tu-

671 4005 847 4063 tores
900 4003 1405 4088 servatoresque
1454 4013 1846 4086 nuncupare
1893 4014 2027 4061 non
2077 3988 2428 4061 verentur!

811 4100 1031 4202 Atque
1058 4101 1311 4174 utinam
1341 4101 1453 4175 hic
1479 4102 1746 4176 sisteret
1778 4102 2056 4175 istorum
2093 4101 2410 4191 audacia;
2446 4105 2564 4178 sed
2600 4105 2889 4180 ulterius

671 4214 1011 4316 progressi
1056 4214 1447 4290 adnituntur
1473 4243 1820 4290 numerum
1856 4243 2084 4293 eorum
2121 4243 2389 4315 augere,
2431 4218 2549 4318 qui
2583 4219 2888 4295 exitiales

812 4365 913 4430 (5³)
946 4365 1023 4417 Cf.
1051 4366 1225 4417 sauzet
1245 4379 1327 4430 op.
1353 4366 1437 4418 cit.
1463 4381 1571 4432 pag.
1592 4374 1651 4420 22
1669 4381 1808 4432 seqq.
