3276 5083
747 416 885 467 (ω’.
919 415 1015 465 ιιι.
1050 415 1129 464 nr
1173 414 1433 466 urant.
1476 413 1700 465 civius
1750 413 1930 467 ιεαε.
1974 414 2114 464 iar.
2158 415 2227 466 11.
2484 394 2614 464 301

415 536 627 609 tribus
665 534 946 608 testibus
984 558 1116 606 non
1150 532 1504 606 elicuerint
1537 558 1735 606 suum
1771 558 2175 606 consensum
2201 590 2217 618 ‚
2262 557 2383 606 seu
2418 559 2617 607 suum

410 650 890 724 celebraverint
939 648 1349 745 coniugium.
1409 647 1833 748 Quapropter
1881 648 2000 747 qui
2049 663 2232 720 extra
2282 633 2458 721 hanc
2505 650 2623 725 de-

414 766 669 838 finitam
722 765 999 838 sormam
1050 778 1451 837 attentarent
1499 762 1906 836 connubium
1934 820 1950 849 ,
2008 788 2141 835 non
2185 763 2403 837 solum
2457 764 2625 835 nihil

410 880 796 966 efficerent,
853 895 930 952 ut
979 878 1148 952 alias
1217 878 1677 965 ostendimus,
1736 879 1804 950 in
1858 879 2115 952 ratione
2164 881 2618 968 sacramenti,

411 992 531 1067 sed
583 1021 802 1095 neque
836 995 903 1065 in
942 994 1199 1067 ratione
1240 996 1621 1067 contractus
1658 992 1801 1087 sive
1836 993 2160 1066 naturalis
2196 993 2340 1067 sive
2374 993 2621 1078 civilis;

412 1109 503 1182 ita
552 1124 625 1181 ut
674 1108 744 1179 in
793 1108 1240 1182 conscientiae
1305 1107 1446 1180 soro
1512 1106 1806 1204 legitime
1838 1164 1855 1194 ,
1923 1123 2040 1179 aut
2103 1107 2284 1180 licite
2333 1108 2429 1181 uti
2483 1109 2626 1183 iure

410 1222 742 1322 coniugali
799 1249 930 1297 non
983 1222 1296 1321 possint,
1351 1237 1417 1294 et
1464 1220 1851 1318 coniugales
1900 1220 2018 1319 qui
2071 1220 2388 1295 dicuntur
2434 1238 2624 1297 actus

411 1339 549 1410 sint
599 1338 872 1411 totidem
923 1353 1112 1411 actus
1165 1336 1382 1411 illiciti
1434 1362 1514 1410 ac
1564 1336 1940 1422 fornicarii,
1997 1335 2303 1435 adeoque
2353 1337 2624 1411 totidem

411 1469 704 1552 peccata.
764 1453 929 1525 Cum
980 1453 1183 1550 igitur
1232 1451 1380 1539 lex,
1438 1476 1573 1550 qua
1630 1451 1718 1522 de
1767 1451 2065 1547 agimus,
2124 1450 2376 1525 directe
2424 1453 2627 1526 violet

411 1567 589 1641 hanc
639 1567 1164 1641 ecclesiasticam
1214 1567 1626 1641 sanctionem
1662 1624 1677 1653 ‚
1734 1566 1935 1665 plane
1985 1567 2418 1665 consequitur
2469 1593 2619 1654 eos,

407 1682 523 1780 qui
576 1681 945 1756 voluntarie
994 1689 1437 1781 cooperantur
1485 1681 1645 1754 huic
1678 1681 1808 1778 legi
1847 1681 2241 1754 statuendae
2266 1739 2282 1769 ,
2322 1683 2440 1782 qui
2475 1709 2622 1777 eam

408 1813 825 1895 proponunt,
868 1813 1391 1896 promoveatque
1415 1853 1430 1882 ‚
1488 1796 1605 1894 qui
1661 1796 1984 1893 suffragio
2019 1821 2144 1869 suo
2178 1813 2618 1884 concurrunt,

408 1926 482 1981 ut
507 1909 622 1983 illa
647 1911 1056 1998 admittatur,
1089 1911 1265 1984 effici
1293 1936 1442 1983 reos
1468 1937 1690 1984 coram
1715 1912 1855 1984 Deo
1880 1912 2264 2008 gravissimi
2289 1913 2611 1986 criminis.

556 2026 624 2094 2.
685 2025 970 2123 Insuper
1020 2025 1309 2120 graviter
1357 2024 1556 2097 etiam
1608 2024 1762 2098 illos
1815 2050 2126 2124 peccare,
2169 2024 2286 2124 qui
2322 2025 2491 2100 alios
2535 2026 2621 2099 ad

411 2137 791 2211 violandam
835 2164 956 2211 seu
993 2128 1610 2235 transgrediendam
1660 2138 1985 2213 ecclesiae
2035 2140 2246 2236 legem
2297 2139 2623 2214 inducunt

412 2254 477 2324 in
518 2279 589 2325 re
621 2254 808 2351 gravi
852 2254 1261 2353 maximique
1309 2254 1623 2327 momenti
1655 2311 1671 2340 ‚
1715 2255 1833 2354 qui
1867 2281 2141 2354 compos
2179 2254 2457 2328 rationis
2489 2258 2616 2344 sit,

407 2382 474 2439 et
517 2367 584 2438 in
629 2367 967 2441 Christum
1003 2368 1266 2456 credat,
1309 2367 1505 2441 facile
1538 2368 1738 2441 debet
1769 2368 2157 2454 admittere;
2200 2394 2621 2469 nequeopus

407 2482 825 2556 est·sublimi
889 2483 1156 2582 ingenio
1208 2482 1631 2584 implexaque
1681 2482 2182 2557 ratiocinatione
2227 2499 2301 2557 ut
2332 2483 2401 2556 id
2436 2485 2622 2558 evin-

406 2615 614 2672 catur.
656 2602 821 2672 Nam
873 2599 933 2672 si
993 2626 1181 2674 reum
1233 2626 1310 2674 se
1357 2599 1736 2686 constituit,
1793 2599 1911 2699 qui
1963 2599 2291 2673 actionem
2344 2626 2620 2699 pravam

408 2739 488 2786 ac
538 2715 855 2788 iniustam
897 2715 1114 2815 ponit,
1159 2715 1482 2789 innocens
1534 2714 1826 2815 profecto
1863 2739 1995 2787 non
2030 2714 2272 2814 poterit
2320 2716 2612 2803 censeri,

408 2828 523 2925 qui
575 2828 762 2900 alteri
813 2845 1047 2904 auctor
1099 2845 1237 2916 est,
1278 2847 1355 2903 ut
1386 2856 1531 2904 eam
1583 2845 1821 2930 ponat,
1879 2828 1994 2928 qui
2045 2827 2328 2901 alterum
2379 2856 2620 2928 nempe

409 2939 494 3010 ad
544 2965 689 3010 eam
742 2942 1119 3039 ponendam
1186 2944 1480 3031 inducit;
1555 2945 1858 3043 quinimo
1911 2944 1978 3015 in
2027 2944 2364 3017 communi
2403 2944 2619 3016 aesti-

410 3051 702 3125 matione
750 3055 1022 3127 maioris
1065 3057 1300 3154 culpae
1354 3060 1430 3131 fit
1478 3085 1631 3132 reus
1656 3118 1672 3143 ‚
1730 3059 1847 3158 qui
1899 3058 2101 3130 alium
2156 3073 2494 3156 permovet
2534 3058 2618 3156 ad

314 3167 319 3175 ’
409 3165 935 3266 delinquendum
968 3226 984 3255 ‚
1058 3194 1261 3267 quam
1324 3172 1438 3270 qui
1508 3190 1845 3269 permotus
1898 3197 1978 3243 ac
2028 3170 2343 3244 seductus
2407 3170 2619 3266 legem

292 3277 299 3282 ’
411 3285 918 3383 transgreditur.
977 3286 1052 3356 In
1104 3286 1344 3384 quovis
1414 3286 1663 3359 iudicio
1725 3285 1996 3384 gravius
2061 3283 2439 3382 plectuntur
2500 3286 2616 3382 qui

409 3399 578 3473 alios
635 3401 720 3473 ad
772 3406 975 3499 'grave
1024 3400 1284 3475 facinus
1336 3400 1738 3500 patrandum
1792 3400 2174 3485 inducunt,
2238 3425 2443 3497 quam
2501 3400 2619 3497 qui

408 3514 790 3588 immediate
837 3515 1258 3615 delinquunt.
1302 3516 1493 3589 Ratio
1529 3514 1679 3614 ipsa
1710 3514 1839 3587 hoc
1872 3538 1995 3587 nos
2030 3512 2244 3587 docet.
2288 3513 2388 3586 Ita
2420 3513 2622 3585 aesti-

409 3643 671 3714 matur,
727 3629 842 3727 qui
895 3629 1101 3702 alium
1151 3629 1436 3729 impellit
1484 3629 1569 3702 ad
1621 3628 1835 3715 furta,
1885 3626 2247 3701 homicidia
2277 3684 2295 3712 ,
2354 3626 2622 3701 seditio-

409 3767 530 3814 nes
557 3798 573 3827 ,
641 3740 911 3840 aliaque
969 3743 1327 3817 eiusmodi.
1388 3742 1597 3842 quue
1648 3743 2045 3818 confirmant
2094 3740 2472 3814 testimonia
2518 3739 2621 3812 bi·-

408 3855 588 3929 blica
634 3856 836 3930 nimis
887 3857 1303 3956 frequenter:
1360 3873 1564 3957 atque
1612 3874 1689 3931 ut
1731 3858 2057 3931 'sistamus
2095 3856 2165 3928 in
2202 3870 2613 3960 argumento,

408 3972 592 4070 quod
644 3999 803 4072 prae
853 3973 1165 4047 manibus
1213 3973 1577 4061 habemus,
1631 3973 1719 4047 de
1768 3973 1856 4046 iis
1907 3972 2200 4058 scilicet,
2245 3971 2465 4071 quiin
2504 3999 2621 4070 po-

411 4103 652 4161 testate
698 4089 1039 4162 constituti
1102 4106 1407 4162 auctores
1459 4105 1616 4162 sunt
1678 4088 1925 4187 populo
1958 4146 1974 4174 ,
2031 4104 2105 4161 ut
2153 4088 2220 4159 in
2277 4103 2619 4192 peccatum

414 4200 714 4290 labatur,
758 4229 963 4275 unum
999 4202 1362 4277 alterumve
1412 4229 1711 4303 promam
1748 4203 1815 4274 in
1852 4202 2136 4299 gratiam
2188 4227 2414 4276 eorum
2439 4259 2455 4288 ,
2504 4202 2620 4300 qui

414 4317 714 4414 vestigiis
750 4319 1253 4418 protestantium
1292 4319 1677 4394 insistentes
1714 4315 1973 4417 fingun‘t
1998 4346 2074 4394 se
2100 4319 2298 4394 unice
2323 4317 2622 4415 Scriptu-
