3276 5083
625 450 714 520 08
1027 466 1150 518 mi.
1193 466 1239 516 1.
1284 464 1454 515 ποτ.
1497 465 1544 515 ι.
1590 464 1672 514 ns
1705 463 1969 514 unm.
2013 461 2444 515 sinuatum.

619 584 1049 659 ecclesiam.»
1087 584 1227 657 lam
1277 608 1433 656 vero
1485 583 1544 656 si
1594 590 1749 683 quis
1801 597 2046 656 attente
2091 576 2296 655 verba
2344 574 2513 654 haec
2563 576 2849 682 pei-pen*-

621 699 832 786 derit,
891 699 1192 796 colliget,
1250 697 1727 817 sacerdotalem
1780 697 2221 811 precationem
2274 696 2570 769 accedere
2613 697 2700 769 ad
2739 724 2850 772 sa·-

622 829 1031 887 cramentum
1082 813 1528 900 matrimonii,
1578 838 1710 886 ιιοιι
1752 828 1827 885 ιιι
1864 826 2353 885 sacramentum
2393 812 2682 900 efficiat,
2725 812 2848 886 sed

622 945 696 1002 ut
728 928 1215 1003 sacramentum
1252 927 1547 1024 legitime
1571 943 1813 1001 etcum
1840 927 2053 1001 fructu
2079 921 2521 1055 suscipiatur,
2552 951 2632 1000 eo
2665 918 2850 1026 quod

623 1043 992 1116 celebretur
1040 1040 1537 1113 matrimonium
1580 1042 1652 1112 in
1692 1042 1862 1115 facie
1911 1040 2271 1128 ecclesiae,
2311 1056 2378 1113 et
2417 1040 2598 1113 iuxta
2630 1041 2851 1113 eccle-

624 1157 970 1230 siasticum
1006 1156 1204 1228 ritum
1248 1169 1314 1226 et
1353 1152 1835 1254 praescriptum
1862 1154 1947 1227 ab
1972 1180 2053 1227 ea
2077 1153 2415 1241 ordinem,
2458 1179 2590 1227 non
2623 1169 2845 1226 autem

623 1270 1040 1344 clandestina
1066 1270 1343 1342 ratione.
1362 1269 1544 1340 Nihil
1573 1270 1776 1366 igitur
1800 1266 2140 1343 continent
2163 1268 2291 1341 de
2274 1270 2387 1355 iis,
2418 1295 2592 1368 quae
2618 1294 2852 1369 super-

624 1385 865 1458 struxit
888 1383 1134 1457 Canus.
1153 1386 1250 1457 Ne
1267 1383 1423 1485 quis
1449 1409 1645 1484 porro
1670 1383 1852 1456 dicat
1876 1410 2174 1471 sensum,
2199 1410 2399 1484 quem
2425 1384 2710 1457 concilio
2734 1384 2856 1456 tri-

622 1499 935 1587 buimns,
969 1526 1050 1572 ex
1076 1513 1302 1572 nostra
1336 1499 1875 1600 interpretatione
1915 1497 2242 1600 pendere,
2276 1499 2517 1572 iuverit
2546 1487 2853 1572 animad-

624 1629 880 1686 vertere
912 1612 1088 1685 hanc
1123 1613 1625 1686 instructionem
1653 1670 1668 1699 ,
1709 1639 1884 1713 quae
1918 1614 2084 1686 actis
2127 1612 2393 1686 concilii
2444 1611 2852 1686 coloniensis

627 1728 877 1799 inserta
920 1742 1059 1814 est,
1103 1752 1236 1800 non
1271 1725 1455 1799 aliud
1486 1725 1651 1801 'esse
1690 1754 1893 1827 quam
1933 1726 2373 1800 Enchiridion
2408 1725 2588 1827 quod
2623 1752 2854 1800 exara-

626 1841 722 1913 vit
769 1840 1051 1914 celebris
1105 1841 1503 1942 Gropperus.
1556 1843 1759 1914 Porro
1811 1842 2183 1943 Gropperus
2235 1868 2441 1940 agens
2491 1840 2577 1914 de
2628 1841 2855 1914 matri-

628 1956 854 2029 monio
897 1956 1168 2029 scribit:
1218 1986 1254 2025 α
1284 1956 1635 2057 Superest,
1689 1972 1762 2030 ut
1807 1957 2082 2031 verbum
2118 1973 2184 2031 et
2216 1957 2614 2030 elementum
2651 1955 2855 2030 huius

627 2070 1024 2143 sacramenti
1079 2069 1490 2155 indicemus,
1546 2086 1614 2143 et
1662 2071 1942 2169 gratiam
1994 2073 2270 2172 insuper
2318 2073 2391 2144 in
2440 2096 2520 2145 eo
2537 2065 2851 2144 conferri

627 2182 1186 2257 demonstremus.
1218 2183 1504 2256 Verbum
1547 2182 1774 2284 itaque
1824 2184 2027 2258 huius
2076 2185 2508 2272 sacramenti,
2558 2209 2718 2301 quo
2742 2208 2856 2257 ac-

629 2296 905 2370 cedente
953 2297 1040 2371 ad
1091 2296 1490 2371 elementum
1543 2297 1620 2369 fit
1670 2313 2195 2384 sacramentum,
2245 2296 2317 2369 id
2359 2298 2676 2370 nimirum
2714 2313 2850 2386 est,

630 2438 753 2509 quo
804 2412 990 2485 ambo
1038 2438 1179 2485 mas
1212 2428 1274 2485 ct
1306 2414 1589 2512 foemina
1629 2417 1828 2508 (cum
1875 2414 2141 2513 pietatis
2177 2428 2519 2514 respectu,
2566 2440 2742 2513 quae
2785 2414 2856 2485 in

630 2526 843 2599 Deum
895 2540 1034 2614 est,
1092 2526 1224 2600 sibi
1275 2541 1505 2600 mutuo
1559 2525 1762 2600 fidem
1813 2526 2228 2625 coniugalem
2277 2527 2441 2601 dant
2465 2557 2468 2560 ¹
2489 2528 2859 2629 accipiunt-

633 2666 767 2740 que
804 2643 828 2734 )
893 2666 1021 2711 non
1070 2643 1297 2738 quovis
1345 2641 1563 2726 modo,
1620 2641 1735 2713 scd
1784 2644 1855 2713 in
1902 2642 2030 2713 Dei
2074 2645 2324 2715 nominc
2382 2641 2861 2742 coniunqumur

635 2768 698 2825 ct
747 2754 1208 2851 copulamur.»
1233 2753 1493 2828 Exinde
1532 2770 1712 2856 patet
1749 2782 2080 2857 quaenam
2119 2758 2319 2830 fuerit
2358 2784 2550 2832 mens
2592 2758 2857 2832 concilii

632 2868 837 2940 huius
887 2866 1047 2939 dum
1100 2869 1494 2942 sacerdotali
1547 2872 1917 2969 precationi
1962 2873 2251 2947 tribuere
2299 2873 2562 2947 videtur
2609 2874 2856 2948 donum

633 2983 958 3083 Spiritus,
1005 3010 1246 3085 nempe
1288 2976 1368 3058 eo
1421 3011 1626 3059 sensu
1676 3012 1812 3086 quo
1861 2989 2331 3112 exposuimus,
2376 3014 2457 3062 eo
2497 2990 2605 3063 vel
2645 2990 2860 3087 magis

634 3097 814 3198 quod
864 3114 1088 3227 aperte
1124 3098 1377 3172 alludat
1414 3100 1501 3173 ad
1543 3101 1990 3201 precationem
2016 3128 2095 3176 ac
2095 3103 2662 3177 benedictionem
2686 3131 2862 3233 quae

635 3212 811 3285 intra
848 3214 1211 3286 missarum
1246 3214 1576 3288 solemnia
1600 3215 1797 3288 datur
1820 3218 2129 3317 sponsis,
2163 3244 2336 3318 quae
2361 3235 2537 3292 certe
2560 3213 2858 3292 omnium

634 3353 1001 3402 consensu
998 3329 1298 3402 formam
1349 3331 1747 3404 sacramenti
1804 3332 2010 3405 nostri
2063 3358 2197 3406 non
2249 3333 2612 3407 constituit.
2663 3332 2860 3418 Quod

636 3442 694 3515 si
746 3459 1234 3517 sacramentum
1288 3445 1692 3518 matrimonii
1757 3447 2107 3520 conficitur
2152 3475 2272 3548 per
2330 3447 2861 3522 contrahentium

637 3580 1036 3631 consensum
1085 3556 1309 3631 verbis
1358 3557 1445 3631 de
1495 3561 1830 3658 praesenti
1898 3586 2284 3662 expressum
2305 3620 2321 3650 ,
2377 3563 2577 3662 plane
2626 3563 2863 3635 conse·

636 3671 863 3769 quitur
911 3673 1292 3746 ministrum
1342 3674 1490 3746 eius
1533 3673 1714 3746 haud
1752 3681 1905 3749 esse
1945 3676 2355 3750 sacerdotem
2380 3735 2396 3764 ,
2445 3677 2566 3751 sed
2610 3693 2862 3752 contra-

637 3783 871 3859 hentes
924 3788 1144 3888 ipsos;
1202 3787 1386 3861 solus
1435 3788 1688 3889 quippe
1737 3791 2133 3864 sacramenti
2186 3791 2303 3864 ille
2353 3791 2660 3865 minister
2704 3805 2854 3877 est,

637 3898 754 3997 qui
805 3897 1081 3976 formam
1133 3902 1566 4003 pronunciat:
1608 3903 1775 3977 tales
1814 3920 2032 3979 autem
2075 3920 2231 3978 sunt
2268 3931 2350 3978 ex
2384 3906 2671 3980 concilio
2703 3931 2864 3979 con-

640 4010 1015 4101 trahentes3
1057 4041 1215 4113 ergo
1265 4042 1346 4089 ex
1394 4016 1629 4090 eodem
1681 4016 1808 4090 soli
1859 4017 2329 4093 contrahentes
2371 4020 2660 4093 ministri
2706 4033 2864 4092 sunt

640 4143 1034 4199 sacramenti
1086 4131 1516 4205 matrimonii.

786 4239 979 4324 Quod
1023 4241 1081 4314 si
1128 4242 1298 4315 nihil
1350 4244 1553 4317 habet
1599 4245 1957 4319 concilium
2009 4245 2394 4323 coloniense
2425 4248 2607 4349 quod
2649 4249 2864 4322 faveat

641 4352 864 4440 Cano,
923 4353 1059 4429 imo
1086 4393 1087 4396 ¹
1116 4355 1297 4454 quod
1349 4358 1410 4430 ei
1466 4382 1596 4430 non
1649 4358 2036 4432 adversetur
2102 4360 2171 4433 in
2235 4387 2383 4462 cap.
2440 4362 2606 4450 xl..;
2651 4361 2866 4435 multo
