3276 5083
642 431 774 500 276
1050 450 1169 499 m.
1213 450 1259 497 1.
1303 446 1471 497 sacr.
1515 448 1773 497 Atreu.
1804 446 1883 495 ns
1917 443 2179 497 uram.
2213 442 2422 494 cmm.

637 569 721 639 de
772 564 1136 637 individuis
1189 563 1573 660 singillatim
1622 564 1905 668 sumptis
1954 561 2229 633 minime
2279 561 2644 646 disserere,
2682 585 2828 632 cum

640 682 969 751 neminem
1020 678 1285 750 laedere
1327 677 1646 761 velimus3
1707 674 2037 775 siquidem
2098 674 2184 744 de
2245 700 2316 746 re
2371 673 2568 746 nobis
2619 699 2834 747 sermo

637 810 768 879 est,
813 818 942 865 non
977 792 1061 863 de
1094 793 1424 891 personis.
1476 792 1616 863 Imo
1661 790 1858 862 etiam
1907 788 2079 860 ultro
2122 787 2406 859 fatemur
2439 813 2568 860 non
2602 811 2836 859 omnes

636 908 922 979 fautores
972 905 1296 977 eiusmodi
1336 906 1714 1003 nuptiarum
1753 928 1961 1002 pravo
1995 902 2306 987 consilio,
2349 918 2462 974 aut
2496 902 2837 1000 proposita

572 1048 575 1051 ·
639 1020 891 1092 malitia
928 1019 1352 1117 conspirasse
1386 1020 1472 1091 ad
1524 1045 1638 1091 eas
1691 1016 2198 1117 promovendas.
2246 1018 2411 1088 Nam
2454 1042 2586 1090 non
2631 1017 2837 1088 semel

640 1132 991 1228 contingit,
1024 1146 1097 1202 ut
1119 1157 1293 1202 unus
1323 1146 1437 1203 aut
1460 1130 1653 1216 alter,
1692 1156 1770 1202 ac
1802 1132 1859 1203 si
1892 1129 2103 1216 lubet,
2137 1153 2267 1201 non
2295 1122 2488 1227 pauci
2519 1130 2718 1200 etiam
2745 1130 2840 1200 ita

641 1273 716 1320 se
740 1261 972 1343 gerant
994 1272 1072 1318 ex
1096 1245 1300 1317 animi
1329 1244 1591 1317 levitate
1608 1302 1623 1331 ,
1658 1260 1856 1343 atque
1881 1269 1962 1315 ex
1989 1242 2460 1342 apparentibus
2488 1243 2842 1340 praetexti·

639 1361 796 1445 hm,
832 1361 946 1458 qui
976 1360 1195 1432 favere
1219 1359 1529 1432 videntur
1554 1383 1831 1443 causae,
1865 1384 1998 1456 qua
2031 1357 2115 1430 de
2149 1356 2387 1453 agitur,
2415 1356 2575 1455 quin
2612 1356 2842 1428 intime

641 1472 1060 1571 perpendant
1100 1497 1239 1544 rem
1297 1473 1366 1541 in
1420 1472 1646 1569 seipsa
1698 1470 1823 1544 sub
1875 1471 2055 1542 omni
2097 1485 2400 1567 respectu
2422 1527 2438 1557 ,
2489 1470 2843 1568 praecipue

639 1613 795 1660 vero
845 1585 1046 1658 relate
1089 1585 1174 1656 ad
1220 1585 1603 1681 religionem
1656 1584 2051 1658 catholicam
2075 1641 2090 1671 ,
2134 1602 2249 1657 aut
2282 1585 2518 1658 saltem
2553 1585 2639 1656 ad
2674 1584 2841 1657 haec

604 1726 771 1793 ‘non
828 1700 1193 1772 advertant.
1261 1698 1490 1771 Plures
1542 1700 1792 1796 pariter
1842 1726 1882 1771 a
1933 1699 2356 1772 multitudine
2415 1726 2489 1773 se
2538 1701 2712 1773 trahi
2762 1725 2839 1772 ac

640 1811 854 1911 abripi
904 1813 1244 1911 patiuntur
1272 1869 1287 1897 ‚
1345 1838 1468 1884 nec
1515 1812 1799 1911 proinde
1834 1811 1918 1884 de
1953 1811 2063 1884 his
2099 1838 2471 1885 sermonem
2505 1813 2617 1885 hic
2650 1812 2842 1885 insti-

641 1927 913 1999 tuimus.

783 2041 1087 2114 Ceterum
1122 2042 1248 2114 hac
1283 2042 1860 2116 animadversione
1886 2043 2257 2141 praemissa
2278 2100 2293 2129 ,
2324 2041 2663 2114 fatendum
2698 2057 2833 2125 est,

642 2156 879 2228 harum
927 2157 1307 2256 nuptiarum
1358 2156 1648 2230 fautores
1683 2183 1763 2231 ac
1797 2172 2205 2257 promotores
2241 2156 2324 2229 ad
2358 2157 2652 2229 virorum
2698 2155 2840 2229 illo-

644 2282 799 2342 rum'
838 2268 1124 2343 classem
1175 2286 1507 2370 spectare,
1567 2271 1683 2369 qui
1736 2272 1806 2341 in
1856 2272 2124 2367 negotio
2173 2270 2516 2367 religionis
2565 2268 2842 2367 indisse-

642 2385 1019 2454 rentt'smum
1076 2384 1466 2483 profitentur
1504 2442 1520 2471 ,
1594 2385 1845 2482 quique
1895 2384 2090 2455 unice
2139 2383 2543 2456 mundanam
2607 2408 2839 2482 prose-

584 2540 587 2546 =
643 2510 936 2592 quuntur
1003 2495 1339 2595 politicam
1383 2554 1399 2582 ,
1472 2496 1589 2597 qui
1657 2496 1948 2596 denique
2018 2496 2413 2570 atheismum
2479 2496 2839 2596 practicum

644 2624 997 2682 sectantur.
1041 2609 1127 2679 Hi
1169 2626 1326 2681 sunt
1370 2612 1483 2710 qui
1530 2612 1755 2684 animo
1806 2636 2053 2709 pronos
2104 2638 2178 2684 se
2225 2611 2542 2684 exhibent
2578 2611 2649 2682 in
2685 2636 2840 2710 pro-

640 2722 1161 2807 testantismum,
1209 2748 1405 2821 quem
1441 2723 1527 2795 ob
1563 2725 1960 2823 sapientiam
2013 2723 2566 2823 prudentiamque
2614 2750 2840 2798 carna-

641 2832 769 2905 lem
809 2835 1079 2905 maximi
1128 2835 1378 2909 faciunt
1402 2895 1417 2924 ‚
1474 2838 1609 2910 imo
1660 2854 1726 2910 et
1773 2838 2150 2936 suspiciunt
2196 2838 2527 2937 quidquid
2571 2838 2657 2911 ab
2690 2839 2840 2937 ipso

643 2946 883 3044 prodit.
936 2946 1099 3019 Cum
1142 2974 1297 3022 vero
1348 2951 1530 3024 iuxta
1569 2951 1755 3049 ipsos
1794 2952 1965 3024 inter
2003 2952 2533 3026 catholicismum
2571 2978 2652 3025 ac
2689 2978 2841 3052 pro-

641 3061 1128 3133 testantismum
1180 3090 1311 3136 non
1362 3066 1729 3139 intercedat
1766 3066 1898 3139 nisi
1939 3064 2311 3165 opinionum
2351 3067 2831 3166 discrepantia,

643 3190 708 3247 et
753 3176 1221 3276 unusquisque
1270 3193 1409 3252 tuto
1459 3181 1674 3279 possit
1724 3207 1918 3254 suam
1969 3185 2426 3254 convictionem
2465 3181 2595 3252 sibi
2645 3181 2840 3253 effor-

641 3314 858 3375 mare,
899 3291 1060 3389 quid
1098 3293 1337 3365 mirum
1362 3351 1378 3379 ,
1416 3294 1475 3367 si
1503 3296 1595 3368 ita
1627 3296 1714 3368 de
1746 3296 2155 3391 negotiorum
2190 3294 2483 3368 omnium
2518 3295 2831 3380 maximo,

640 3403 1011 3477 cuiusmodi
1063 3422 1165 3478 est
1211 3431 1366 3479 vera
1417 3408 1651 3506 religio
1685 3466 1700 3495 ‚
1759 3410 2121 3480 sentientes
2156 3466 2171 3493 ,
2227 3407 2837 3507 protestantismum

639 3516 1105 3615 aequiparent,
1163 3535 1277 3590 aut
1324 3521 1525 3593 etiam
1576 3521 1951 3619 praeferant
1999 3520 2365 3594 catholicae
2415 3519 2791 3593 eeclesiae?

786 3628 885 3700 Ad
939 3630 1104 3702 haec
1156 3632 1451 3719 accedit,
1494 3634 1674 3731 quod
1709 3634 1846 3720 isti,
1888 3659 2056 3732 quos
2104 3659 2258 3705 vere
2305 3634 2684 3705 statolatras
2721 3659 2838 3707 vo-

641 3743 896 3815 caveris
920 3800 934 3829 ,
982 3744 1097 3842 qui
1143 3770 1362 3818 coram
1413 3745 1541 3819 hoc
1591 3740 1803 3819 status
1852 3745 2032 3819 idolo
2066 3772 2140 3818 se
2173 3747 2369 3818 unice
2417 3761 2836 3845 prosternunt

640 3867 840 3952 atque
901 3859 1341 3956 procumbunt
1370 3918 1384 3945 ,
1443 3860 1713 3934 hostilia
1768 3877 1995 3944 contra
2044 3861 2392 3933 ecclesiam
2443 3860 2834 3933 catholicam

639 3993 841 4041 sensa
867 3972 1180 4045 nutriant.
1203 3972 1546 4048 Eiusmodi
1574 3975 1907 4062 homines,
1930 3999 2098 4074 quos
2129 3974 2832 4074 pseudo-politicorum

640 4079 909 4153 nomine
966 4101 1343 4159 constanter
1388 4087 1456 4158 in
1511 4088 1713 4162 huius
1784 4087 2265 4161 lucubrationis
2314 4088 2597 4160 decursu
2655 4086 2836 4159 desi-

639 4193 835 4291 gnavi
870 4252 884 4279 ,
944 4198 1538 4297 emancipationem
1566 4260 1580 4287 ,
1621 4216 1696 4273 ut
1726 4217 1997 4287 vocant,
2041 4218 2251 4275 status
2287 4201 2371 4273 ab
2402 4200 2683 4272 ecclesia
2718 4200 2837 4271 de-

639 4306 998 4395 mirantur,
1054 4336 1132 4384 ac
1184 4314 1351 4385 nihil
1404 4316 1794 4388 intentatum
1842 4315 2263 4413 relinquunt,
2306 4331 2380 4387 ut
2412 4339 2558 4385 eam
2593 4331 2658 4388 et
2689 4314 2836 4413 qui-
