3276 5083
704 420 837 491 142
1087 443 1207 493 m.
1251 443 1296 493 ι.
1339 443 1510 494 sacr.
1540 443 1585 493 r.
1629 443 1709 493 ns
1743 442 2004 494 numu.
2045 442 2470 494 sionnam-o.

696 559 983 633 alienam
1048 560 1431 636 societatem
1497 561 1882 633 transierit:
1945 560 2206 633 etiamsi
2257 560 2642 634 commixtio
2688 587 2910 636 carnus

697 674 834 748 illic
883 691 1239 775 sequatur,
1295 676 1382 748 ad
1434 676 1724 774 priorem
1775 691 1994 748 tamen
2048 676 2471 762 societatem,
2513 676 2583 747 in
2618 703 2757 775 qua
2803 704 2912 749 sa-

695 806 1090 863 cramentum
1148 793 1436 890 coniuqii
1498 791 1830 863 sancitum
1880 806 1983 863 est
2004 847 2019 876 ,
2074 806 2141 862 et
2190 787 2551 889 postquam
2616 793 2915 865 secunda

696 906 937 1005 copula
982 906 1216 980 illicita
1259 902 1530 980 omnino
1572 906 1943 992 iudicatur,
1984 906 2202 978 redire
2236 905 2505 978 debebit
2534 909 2712 1002 (8).»
2745 903 2911 979 Tum

697 1021 829 1093 sibi
856 1021 1318 1120 quaestionem
1346 1047 1730 1120 proponens
1747 1078 1762 1108 ,
1795 1020 1959 1120 quid
1987 1020 2314 1117 agendum
2341 1021 2528 1093 sitin
2555 1017 2744 1107 casu,
2779 1049 2915 1121 quo

697 1135 833 1222 illi,
889 1138 1005 1235 qui
1054 1135 1474 1209 clandestina
1526 1137 1782 1208 ratione
1829 1137 2117 1234 primum
2163 1136 2432 1233 nuptias
2469 1132 2794 1223 inierunt,
2835 1165 2913 1212 ac

695 1251 940 1324 deinde
986 1250 1153 1324 alter
1197 1277 1424 1324 eorum
1459 1266 1661 1348 negat
1693 1277 1768 1323 se
1808 1247 2189 1347 coniugium
2223 1251 2490 1337 iniisse,
2532 1277 2913 1352 novumque

697 1364 989 1439 celebrat
1036 1364 1440 1439 connubium
1471 1365 1540 1436 in
1565 1365 1740 1437 facie
1776 1361 2132 1451 ecclesiae,
2177 1361 2519 1438 constituit
2542 1365 2735 1464 prius
2763 1385 2916 1440 con·

699 1478 953 1575 iugium
1004 1480 1277 1552 omnino
1328 1496 1544 1552 ratum
1589 1503 1742 1552 esse
1766 1535 1781 1564 ,
1838 1503 1962 1550 nec
2010 1478 2269 1550 irritum
2320 1505 2440 1577 per
2486 1479 2913 1580 subsequens

700 1592 841 1663 fieri
894 1618 1131 1691 posse,
1190 1593 1452 1666 etiamsi
1490 1594 1557 1663 in
1592 1593 1737 1666 foro
1774 1607 2042 1667 externo
2064 1648 2079 1679 ‚
2120 1592 2383 1666 defectu
2418 1594 2688 1666 testium
2725 1594 2912 1669 aliud

697 1705 1017 1778 iudicium
1056 1706 1316 1779 'seratur
1363 1708 1490 1803 (9).

839 1821 910 1892 S.
940 1821 1427 1895 vero'Thomas
1457 1821 1540 1892 .in
1584 1823 1650 1893 4.
1700 1822 1882 1895 Sent.
1931 1821 2089 1895 dist.
2136 1823 2251 1894 28.
2285 1849 2355 1922 q.
2392 1824 2459 1894 1.
2493 1839 2619 1896 art.
2657 1826 2724 1895 3.
2757 1849 2910 1897 cum

697 1934 828 2009 sibi
865 1937 1288 2035 proposuerit
1320 1935 1636 2008 dubium:
1679 1951 1898 2008 utrum
1932 1934 2271 2010 consensus
2309 1939 2380 2008 in
2413 1935 2656 2010 occulto
2697 1939 2915 2036 sactus

689 2053 813 2149 pei·
859 2051 1056 2122 verba
1105 2050 1193 2123 de*
1225 2051 1558 2149 praesenti
1602 2052 1811 2150 saciat
1856 2051 2392 2125 matrimonium?
2417 2048 2619 2150 Resp.
2657 2082 2692 2120 α
2715 2052 2912 2137 Quod

699 2166 874 2240 sicut
924 2164 1211 2240 infaliis*
1254 2165 1693 2240 'sacramentis
1743 2165 2074 2265 quaedam
2126 2182 2284 2238 sunt
2330 2166 2417 2239 de
2464 2165 2759 2240 essentia
2811 2193 2916 2240 sa·

617 2377 621 2379 ⁷
697 2281 1017 2353 cramenti
1042 2338 1057 2367 ‚
1090 2280 1338 2380 quibus
1363 2280 1671 2367 omissis,
1703 2305 1838 2353 non
1867 2297 1978 2362 ¹est
2010 2279 2498 2353 sacramentum
2517 2338 2532 2366 ‚
2574 2280 2911 2380 quaedam

698 2411 920 2490 autem
937 2395 1032 2488 'ad
1061 2394 1544 2468 solemnitatem
1582 2393 1982 2467 sacramenti
2019 2394 2390 2492 pertinent,
2433 2392 2680 2492 quibus
2707 2394 2915 2466 omis-

622 2498 627 2504 ’
697 2508 838 2595 sis,
893 2535 1131 2582 verum
1175 2508 1516 2607 perficitur
1565 2510 2056 2582 sacramentum
2087 2564 2104 2593 ,
2159 2506 2468 2607 quamvis
2518 2511 2749 2606 peccet
2794 2509 2911 2607 qui

696 2623 974 2695 omittit:
1028 2622 1124 2693 ita
1171 2623 1385 2694 etiam'
1422 2628 1762 2694 consensus
1808 2648 2149 2720 expressus
2194 2650 2312 2720 per
2357 2624 2554 2695 verba
2598 2622 2677 2695 de
2715 2649 2915 2722 prae-

695 2739 865 2807 senti
897 2738 1066 2807 inter
1090 2762 1400 2833 personas
1447 2738 1769 2834 hyitimas
1817 2737 1901 2809 ad
1944 2738 2471 2811 contrahendum
2497 2795 2512 2825 ‚
2571 2738 2915 2813 matrimo-

698 2849 887 2920 nium
934 2848 1145 2936 facit,
1211 2853 1372 2949 qaia
1424 2852 1576 2924 haee
1625 2851 1752 2924 duo
1800 2867 1953 2924 sunt
2001 2852 2078 2924 de
2128 2855 2403 2924 essentia
2465 2856 2905 2937 sacramenti,

697 2963 833 3037 alia
873 2980 1098 3037 autem
1130 2966 1354 3039 omnia
1388 2973 1555 3039 ‘sunt
1589 2967 1678 3040 de
1707 2968 2108 3063 solemnitate
2156 2969 2585 3051 sacramenti,
2627 2969 2792 3067 quia
2826 2969 2913 3041 ad

699 3080 826 3153 h‘oc
875 3080 1308 3168 adhibentur,
1348 3098 1425 3155 ut
1456 3083 1950 3156 matrimonium
1999 3082 2499 3156 convenientius
2536 3082 2689 3155 fiat:
2734 3085 2916 3157 unde

697 3196 757 3270 si
793 3196 1219 3283 omittantur,
1256 3204 1487 3270 verum
1527 3197 2025 3270 matrimonium
2075 3212 2219 3283 est,
2274 3197 2584 3295 quamvis
2633 3214 2916 3295 peccent

697 3312 797 3385 sic
825 3311 1290 3411 contrahentes
1314 3370 1329 3398 ‚
1371 3312 1504 3385 nisi
1539 3339 1661 3411 per
1692 3312 1988 3411 aliquam
2022 3311 2382 3409 legitimam
2416 3320 2692 3385 causam
2718 3339 2918 3386 excu-

697 3442 1000 3499 sentur.»
1024 3425 1190 3498 Cum
1233 3450 1388 3499 vero
1439 3425 1568 3499 sibi
1618 3427 2052 3524 opposuisset
2101 3426 2396 3499 secundo
2441 3424 2627 3499 loco:
2667 3454 2702 3494 α
2725 3426 2917 3500 Sicut

697 3541 765 3612 in
815 3540 1255 3614 matrimonio.
1284 3556 1390 3613 est
1436 3556 1627 3613 actus
1691 3556 1916 3614 noster
1961 3540 2158 3638 quasi
2211 3539 2295 3612 de
2342 3540 2635 3613 essentia
2684 3566 2915 3614 sacra-

698 3655 946 3741 menti,
992 3655 1096 3728 ‘ita
1146 3655 1215 3727 in
1267 3653 1698 3753 poenitentia.
1748 3654 1878 3727 Sed
1931 3664 2417 3726 sacramentum
2465 3653 2917 3751 poenitentiae

698 3792 831 3839 non
899 3769 1418 3866 perficitur·nisi
1470 3768 1921 3841 mediantibus
1982 3768 2308 3842 ecclesiae
2371 3768 2737 3855 ministris,
2783 3770 2917 3867 'qui

698 3897 859 3953 sunt
904 3899 1463 3957 sacramentorum
1504 3883 2024 3981 dispensatores.
2060 3883 2235 3978 Ergo
2261 3892 2384 3956 nec
2412 3882 2918 3956 matrimonium

701 4010 922 4093 potest
969 3998 1196 4094 perfici
1224 4000 1292 4070 in
1320 3998 1577 4071 occulto
1620 3998 1881 4098 absque
1925 3997 2318 4071 sacerdotali
2367 3998 2909 4070 benedictione.»

700 4109 1113 4208 Respondet:
1154 4112 1579 4186 «Dicendum
1617 4112 1800 4212 quod
1836 4128 2025 4185 actus
2067 4127 2290 4186 noster
2339 4111 2407 4183 in
2459 4110 2922 4210 poenitentia„

846 4293 916 4355 (8)
948 4293 1055 4343 Lib.
1073 4296 1582 4362 11.part.x1.cap.v.

845 4373 914 4434 (9)
945 4375 1068 4436 opp.
1089 4372 1169 4424 ed.
1190 4376 1358 4426 venet.
1385 4384 1519 4428 1588.
1540 4378 1663 4427 tom.
1682 4378 1766 4426 ln.
1781 4376 1875 4426 col.
1897 4380 2004 4426 294.
