3276 5083
655 404 796 476 388
1051 426 1175 475 m.
1218 428 1268 479 1.
1313 421 1489 475 secr.
1532 427 1796 478 aaran.
1840 426 1921 477 ns
1961 424 2228 477 uranu.
2270 423 2486 475 cmm.

650 544 1132 645 impedimenta
1194 547 1523 621 canonica
1573 561 1644 619 et
1691 541 2174 643 impedimenta
2223 540 2495 627 civilia;
2570 541 2887 618 effraenis

649 688 912 736 morum
945 663 1256 752 licentia;
1288 662 1565 738 moralis
1590 658 2109 761 impossibilitas
2144 657 2616 731 celebrationis
2650 682 2884 759 eorum·

650 778 1140 876 coniugiorum,
1198 806 1373 879 quae
1425 806 1469 852 a
1519 777 1911 850 conscientia
1962 800 2204 847 nomen
2259 772 2511 846 habent
2541 830 2559 860 ,
2616 801 2755 873 quo
2804 775 2883 849 fit

647 910 723 966 ut
762 894 937 968 sacri
978 895 1296 983 ministri,
1337 895 1458 995 qui
1494 894 1710 992 legem
1763 890 2132 966 naturalem
2177 916 2257 963 ac
2303 889 2607 964 divinam
2643 890 2731 964 ad
2765 917 2881 965 sa-

649 1006 858 1082 lutem
922 1010 1297 1084 animarum
1348 1010 1482 1108 legi
1531 1008 1865 1109 positivae
1914 1007 2252 1079 humanae
2303 1021 2743 1106 anteponunt,
2798 1033 2880 1081 se

646 1148 982 1223 exponere
1003 1124 1294 1199 debeant
1318 1124 1557 1224 poenis
1582 1122 2006 1221 gravissimis
2033 1148 2075 1194 a
2102 1120 2249 1220 lege
2273 1120 2663 1195 constitutis
2694 1125 2876 1217 (65).

645 1238 1097 1314 Divortiorum
1150 1241 1427 1314 libertas
1465 1255 1532 1313 et
1565 1237 1892 1324 facilitas,
1949 1263 2125 1336 quae
2174 1262 2329 1309 cum
2380 1235 2589 1309 semel
2641 1262 2682 1309 a
2733 1263 2879 1311 ma-

644 1352 932 1450 gistratu
982 1354 1242 1429 sancita
1276 1354 1522 1428 fuerint
1543 1411 1560 1441 ‚
1604 1369 1764 1427 sunt
1800 1377 2076 1451 prorsus
2127 1349 2618 1425 irrevocabilia.
2654 1350 2882 1437 Quare

649 1468 986 1544 interdum
1033 1473 1149 1560 fit,
1203 1488 1280 1546 ut
1326 1471 1463 1546 duo
1513 1471 1874 1568 coniuges,
1918 1475 2038 1569 qui
2081 1492 2234 1541 cum
2284 1465 2645 1540 divortium
2697 1466 2876 1542 fece-

645 1585 820 1674 rint,
875 1586 1110 1662 volunt
1140 1613 1217 1661 se
1252 1586 1539 1660 invicem
1577 1584 2013 1660 reconciliare
2034 1641 2051 1671 ,
2094 1599 2448 1681 ratumque
2481 1608 2681 1655 suum
2716 1607 2878 1657 con-

647 1702 904 1798 iugium
965 1702 1254 1792 habere,
1320 1702 1706 1776 nullatenus
1768 1701 2073 1775 obtinere
2139 1699 2208 1770 id
2259 1698 2567 1785 valeant;
2634 1698 2880 1773 exinde

646 1831 991 1915 tamquam
1017 1817 1475 1892 concubinarii
1514 1816 1847 1890 habentur
1871 1816 1990 1916 qui
2026 1814 2113 1888 ab
2147 1813 2438 1888 ecclesia
2470 1813 2677 1888 veluti
2712 1840 2877 1889 con-

648 1932 841 2028 iuges
876 1931 1160 2031 legitimi
1197 1949 1609 2033 spectantur.
1645 1934 1857 2005 lmmo
1883 1956 2017 2004 non
2045 1928 2252 2004 semel
2283 1928 2571 2016 accidit,
2613 1945 2689 2002 ut
2720 1954 2877 2001 cum

643 2046 866 2146 possit
916 2048 1318 2146 gubernium
1369 2048 1771 2148 dispensare
1814 2046 1902 2120 ab
1946 2045 2445 2146 impedimentis
2496 2071 2539 2117 a
2588 2070 2666 2119 se
2715 2069 2881 2118 con-

649 2164 902 2239 stitutis
953 2164 1345 2251 affinitatis,
1387 2181 1504 2238 aut
1536 2160 2220 2260 consanguineitatis‚
2262 2187 2439 2260 quae
2487 2160 2881 2234 communia

646 2295 806 2353 sunt
855 2304 1009 2353 cum
1061 2279 1562 2380 impedimentis
1629 2277 1976 2353 canonicis
2001 2334 2019 2366 ,
2089 2292 2353 2350 recuset
2419 2275 2873 2376 dispensatio-

643 2420 797 2468 nem
832 2394 947 2482 iis,
989 2395 1109 2496 qui
1144 2395 1233 2469 ab
1267 2394 1555 2470 ecclesia
1603 2393 1984 2495 dispensati
2037 2408 2235 2479 sunt,
2277 2407 2343 2465 et
2376 2391 2468 2465 ita
2503 2391 2660 2465 novi
2697 2416 2877 2465 sem-

643 2535 765 2610 per
813 2510 1122 2586 oriuntur
1169 2510 1549 2586 conflictus.
1592 2511 1880 2610 Insuper
1914 2534 2035 2610 per
2077 2508 2294 2607 legem
2345 2506 2680 2605 belgicam
2739 2506 2877 2581 nisi

641 2650 822 2699 mors
858 2623 1243 2700 alterutrius
1280 2625 1588 2722 coniugis
1623 2624 1941 2725 probetur
1973 2651 2095 2724 per
2127 2639 2332 2697 testes
2368 2623 2695 2709 oculatos,
2736 2646 2874 2696 non

640 2737 1017 2816 admittitur
1064 2740 1277 2815 altera
1326 2767 1485 2840 pars
1524 2740 1610 2813 ad
1646 2740 1831 2813 aliud
1867 2739 2253 2837 coniugium
2299 2736 2827 2813 contrahendum
2854 2796 2873 2824 ,

642 2854 845 2927 etiam
895 2871 1050 2954 post
1095 2854 1488 2930 dilationem
1544 2858 1662 2928 20.
1722 2873 1839 2929 aut
1892 2858 2008 2927 30.
2067 2880 2436 2942 annorum,
2493 2881 2630 2954 quo
2679 2854 2757 2927 fit
2802 2869 2880 2926 ut

644 2994 797 3043 cum
851 2986 1099 3043 nautae
1133 2998 1175 3045 a
1216 2972 1533 3046 fluctibus
1584 2971 2031 3047 absorbentur
2053 3029 2068 3059 ‚
2129 2970 2216 3044 ad
2267 2988 2668 3071 perpetuum
2719 2995 2872 3044 cae-

637 3083 923 3157 libatum
989 3111 1220 3159 eorum
1284 3087 1530 3161 viduae
1589 3088 1993 3161 damnentur
2016 3144 2031 3174 ‚
2098 3085 2262 3159 dum
2323 3085 2611 3160 ecclesia
2670 3084 2872 3182 longe

644 3200 870 3275 mitior
919 3218 1048 3275 est.
1093 3204 1441 3276 Praeterea
1489 3203 1841 3277 libidinosi
1893 3201 2277 3303 perditique
2328 3216 2672 3301 apostatae
2731 3224 2866 3271 non

640 3315 888 3391 desunt
920 3318 1303 3393 sacerdotes
1340 3345 1420 3393 ac
1456 3319 1793 3416 religiosi,
1836 3319 1956 3419 qui
1992 3316 2252 3391 ludicra
2293 3315 2629 3390 eiusmodi
2681 3313 2876 3388 iden-

642 3432 848 3506 tidem
875 3432 1215 3508 celebrent
1239 3435 1553 3532 coniugia
1589 3435 1872 3533 publico
1908 3461 2059 3508 cum
2095 3433 2399 3507 omnium
2444 3430 2870 3513 scandaloet

632 3547 1030 3623 offensione.
1064 3550 1287 3637 Quum
1321 3550 1616 3651 denique
1653 3549 1835 3624 haud
1864 3549 2062 3650 pauci
2092 3548 2512 3648 reperiantur
2533 3573 2615 3620 ex
2642 3546 2867 3619 classe

634 3663 907 3738 infimae
942 3664 1173 3764 plebis·
1196 3681 1263 3738 et
1296 3666 1641 3766 opificum,
1683 3666 1799 3766 qui
1838 3692 1972 3740 non
2008 3664 2312 3739 valentes
2349 3689 2503 3739 sese
2536 3662 2870 3736 subiicere

632 3781 974 3879 expensis,
996 3808 1173 3880 quae
1197 3782 1284 3855 ad
1313 3799 1535 3855 actum
1564 3781 1830 3855 civilem
1857 3782 2240 3881 exiguntur,
2265 3807 2343 3854 ac
2364 3795 2717 3879 propterea
2743 3802 2869 3851 nec

633 3919 857 3968 coram
891 3895 1180 3972 ecclesia
1211 3898 1529 3994 coniungi
1558 3898 1848 3996 possint,
1877 3898 1984 3984 fit,
2024 3913 2100 3969 ut
2133 3895 2244 3970 isti
2284 3895 2595 3970 licentiae
2635 3892 2863 3967 indul-

780 4073 883 4134 (65)
913 4075 1019 4123 Hac
1051 4074 1256 4124 fortasse
1285 4074 1347 4124 de
1379 4087 1528 4124 causa
1552 4074 1603 4123 iu
1625 4075 1719 4123 art.
1749 4081 1821 4123 16.
1843 4072 2221 4122 constitutionis
2256 4071 2479 4134 Belgicae
2509 4083 2590 4120 an.
2626 4074 2762 4120 1830.
2787 4068 2866 4118 his

630 4151 793 4202 verbis
811 4153 1179 4204 matrimonium
1203 4154 1350 4204 civile
1371 4155 1613 4204 sancitum
1635 4157 1736 4216 αις
1765 4154 1870 4203 «Le
1899 4154 2114 4216 mariage
2145 4153 2263 4202 civil
2284 4152 2436 4202 devra
2458 4151 2682 4213 toujours
2701 4148 2865 4213 prece·

631 4230 720 4281 der
741 4231 786 4279 Ιι
805 4230 1113 4284 benediction
1156 4234 1376 4298 nuptiate
1395 4271 1411 4296 ,
1441 4232 1581 4294 saus
1606 4233 1681 4283 les
1711 4234 2012 4296 exception:
2038 4233 2074 4283 ὰ
2100 4231 2295 4282 έιαὸιίν
2313 4244 2421 4295 par
2446 4230 2505 4280 la
2530 4230 2628 4291 lot,
2650 4228 2738 4279 s’il
2765 4242 2799 4291 η
2827 4241 2868 4279 a

634 4311 743 4362 lieu
761 4330 805 4360 ιο.
823 4311 1054 4362 Nondum
1079 4316 1244 4364 tamon
1268 4313 1508 4364 eiusmodi
1530 4312 1840 4375 exceptiones
1858 4326 1889 4363 a
1908 4312 2014 4375 lege
2032 4313 2177 4362 datae
2194 4313 2339 4373 sunt;
2360 4310 2582 4372 adeoque
2600 4321 2781 4373 poenes
2800 4307 2868 4360 in·

633 4394 838 4443 currunt
861 4393 1123 4457 parrechi,
1146 4394 1232 4458 qui
1258 4408 1318 4445 ex
1348 4406 1550 4444 munere
1575 4393 1754 4444 debent
1779 4393 2105 4445 matrimoniis
2127 4391 2456 4457 conscientiae
2485 4389 2736 4441 interesse.
