3276 5083
614 471 750 519 cir.
774 472 860 520 iv.
884 471 962 519 nr.
990 470 1224 520 Anauni.
1254 470 1368 519 rao
1395 471 1551 521 mas
1578 471 1658 519 nr
1686 471 1877 521 uun.
1900 471 2026 522 clv.
2054 473 2195 523 iar.
2223 475 2318 524 ιιι.
2454 455 2589 525 405

379 612 613 662 omnes
639 587 1004 662 catholicos
1030 586 1344 660 omnibus
1376 589 1444 658 in
1469 587 1637 662 locis
1672 615 1824 662 esse
1858 589 2252 664 doctrinam.
2273 592 2360 665 At
2382 619 2592 693 quum

380 700 604 800 ipsum
638 700 998 775 concilium
1040 695 1381 789 statuerit,
1428 717 1505 774 ut
1548 727 1746 774 suum
1791 703 2130 777 decretum
2167 704 2261 779 ibi
2300 707 2436 780 vim
2475 707 2595 782 ha-

377 815 597 902 beret,
655 814 770 887 ubi
818 832 999 889 certa
1048 841 1197 888 cum
1252 814 1466 888 forma
1513 834 1696 889 esset
1747 817 2203 917 publicatum,
2260 821 2419 895 inde
2466 823 2585 909 fit,

381 946 458 1003 ut
506 930 593 1002 iis
639 930 706 1002 in
747 930 983 1004 locis
965 958 1035 1002 in
1084 930 1333 1030 quibus
1384 931 1752 1029 publicatio
1803 933 1976 1007 facta
2027 960 2161 1008 non
2210 935 2445 1023 fuerit,
2489 938 2598 1010 di-

376 1070 575 1118 versa
614 1045 704 1119 sit
738 1027 1139 1144 disciplina,
1190 1071 1270 1118 ac
1315 1045 1541 1118 valida
1593 1046 1730 1120 sint
1776 1074 1856 1120 ea
1905 1049 2371 1138 matrimonia,
2419 1079 2596 1152 quae

378 1158 539 1230 alibi
583 1176 742 1233 sunt
774 1159 1097 1232 invalida.
1132 1159 1306 1232 Hinc
1340 1158 1618 1257 intelligi
1654 1177 1876 1259 potest
1907 1163 2298 1263 quomodo
2279 1192 2350 1236 in
2387 1192 2595 1264 regno

381 1274 742 1373 subalpino
791 1274 862 1346 id
914 1275 1132 1373 possit
1178 1299 1333 1347 esse
1381 1274 1925 1350 anticatholicum
1959 1335 1975 1365 ‚
2034 1279 2215 1378 quod
2266 1279 2428 1353 alibi
2480 1306 2595 1356 ca-

379 1388 698 1462 tholicum
740 1405 844 1462 est
878 1415 958 1462 ac
990 1388 1402 1486 legitimum3
1450 1405 1518 1463 et
1553 1390 1890 1489 quomodo
1927 1418 2047 1491 per
2080 1393 2291 1491 legem
2326 1395 2414 1469 de
2449 1388 2593 1470 ma4

378 1505 690 1579 trimonio
729 1505 909 1578 civili
953 1506 1199 1601 dogma
1238 1505 1439 1577 simul
1474 1520 1541 1577 et
1573 1506 1939 1605 disciplina
1972 1507 2041 1579 in
2079 1507 2441 1584 discrimen
2474 1538 2593 1587 vo·

373 1637 629 1693 centur.

516 1734 684 1804 vill.
744 1734 1048 1834 Denique
1073 1734 1158 1806 ad
1185 1760 1298 1820 ea,
1339 1760 1515 1834 quae
1549 1735 1724 1808 alius
1758 1752 1982 1809 orator
2017 1738 2295 1826 adiecit,
2341 1765 2585 1839 nempe

372 1849 712 1922 Christum
740 1906 755 1935 ‚
798 1849 1176 1947 apostoloS‚
1219 1865 1442 1947 patres
1468 1908 1484 1936 ,
1523 1849 1810 1923 concilia
1840 1909 1855 1937 ,
1904 1877 2041 1925 uno
2080 1852 2286 1926 verbo
2312 1910 2328 1940 ,
2374 1855 2588 1927 Deum

372 1964 592 2036 favere
630 1963 765 2058 legi
816 1989 936 2035 seu
986 1979 1163 2035 stare
1213 1988 1335 2060 pro
1384 1963 1566 2059 lege,
1622 1965 1916 2061 singula,
1973 1993 2147 2065 quae
2198 1968 2256 2041 is
2308 1968 2594 2045 fidenter

371 2075 659 2147 affirmat
690 2132 706 2161 ‚
764 2101 886 2147 nos
948 2075 1266 2147 fidentius
1311 2100 1635 2171 negamus
1660 2133 1676 2163 ,
1733 2102 1814 2148 ac
1862 2078 2006 2149 iure
2054 2080 2290 2153 merito
2315 2137 2330 2167 ,
2393 2099 2593 2179 prout

371 2216 453 2262 ex
499 2189 735 2275 dictis,
782 2204 847 2262 et
879 2216 960 2261 ex
996 2189 1122 2275 iis,
1179 2215 1354 2288 quae
1401 2215 1553 2263 mox
1597 2190 1924 2279 dicemus,
1983 2191 2250 2265 abunde
2297 2209 2579 2268 constat.

371 2306 630 2378 Interea
663 2304 816 2377 eius
849 2304 1086 2377 effato:
1124 2305 1356 2377 «Deus
1391 2317 1494 2376 est
1529 2303 1881 2378 nobiscum
1903 2336 1938 2375 »
1971 2308 2374 2407 opponimus
2401 2308 2587 2383 aliud

368 2419 644 2493 effatum
679 2419 859 2519 quod
894 2418 1338 2515 gravissimus
1364 2434 1632 2492 senator
1653 2421 1798 2514 (86)
1831 2420 2051 2493 eidem
2079 2421 2147 2492 in
2173 2422 2322 2522 ipso
2349 2440 2586 2497 senatu

367 2534 709 2633 sapienter
742 2531 1091 2633 opposuit:
1133 2562 1165 2601 α
1189 2533 1369 2605 Deus
1395 2548 1499 2605 est
1523 2559 1674 2606 cum
1711 2532 2036 2609 ecclesia:
2094 2562 2248 2609 cum
2296 2536 2583 2614 ecclesia

369 2665 783 2746 perstemus;
844 2664 980 2720 tum
1035 2648 1218 2721 Deus
1267 2648 1395 2721 erit
1437 2648 1860 2722 nobiscum.»

1373 2866 1445 2962 g.
1507 2866 1595 2936 11.

902 3059 1115 3108 Historia
1143 3058 1466 3110 ecclesiastica
1489 3060 1692 3123 antiqua
1710 3062 1759 3109 et
1781 3060 2035 3110 recentior.

343 3304 347 3308 ,
511 3225 666 3299 Plus
708 3226 916 3300 semel
950 3228 1020 3298 in
1054 3229 1342 3301 comitiis
1382 3245 1584 3328 atque
1627 3230 1696 3301 in
1749 3245 1987 3303 senatu
2021 3244 2412 3327 argumenta
2451 3256 2571 3330 pro

365 3340 526 3469 lege
572 3367 651 3413 ex
717 3340 999 3415 historia
1064 3343 1330 3416 fuerunt
1379 3343 1798 3443 deprompta.
1857 3345 2052 3418 Notat
2103 3345 2343 3445 Fleury
2394 3346 2575 3446 apud

367 3458 587 3555 ipsum
631 3457 953 3580 populum
987 3457 1371 3530 iudaicum
1354 3486 1424 3529 in
1451 3458 1783 3555 coniugiis
1827 3484 1965 3532 rem
2003 3474 2208 3533 totam
2244 3460 2417 3533 inter
2449 3485 2571 3559 pa-

364 3585 582 3644 rentes
615 3554 682 3644 οἱ
714 3573 967 3646 amicos
1019 3573 1296 3670 transigi
1341 3574 1777 3647 consuevisse
1808 3576 1987 3670 (87):
2023 3574 2327 3673 adeoque
2352 3573 2576 3648 adhuc

366 3685 859 3759 matrimonium
919 3701 1299 3760 contractus
1349 3703 1491 3759 erat
1537 3687 1781 3760 civilis.
1850 3687 2250 3761 Huiusmodi
2308 3688 2578 3761 fuerunt

362 3802 636 3899 nuptiae
683 3801 873 3875 Isaac
906 3818 972 3875 et
1004 3801 1341 3877 Rebeccae
1365 3860 1381 3888 ‚
1415 3805 1589 3877 Booz
1614 3819 1681 3876 et
1708 3804 1881 3876 Ruth
1900 3861 1915 3889 ,
1965 3804 2168 3876 Sarae
2194 3829 2275 3876 ac
2298 3802 2565 3877 Tobiae.

506 3917 579 3986 ln
619 3915 942 3990 ecclesiae
985 3918 1372 4016 primordiis
1400 3976 1416 4004 ‚
1460 3918 1565 3991 sin
1603 3918 1828 3992 minus
1870 3918 2132 4004 licitae,
2182 3917 2420 3991 saltem
2457 3944 2575 3992 va·

239 4136 243 4139 .
358 4029 534 4102 lidae
586 4029 856 4103 habitae
906 4048 1063 4104 sunt
1111 4032 1388 4130 nuptiae
1441 4031 1700 4130 absque
1744 4034 1871 4105 ritu
1926 4031 2239 4129 religioso
2286 4031 2575 4106 celebra-

499 4251 599 4390 ἓξὲξ
631 4249 1105 4394 εὲτξὲιὲἵιῗῗῗιῇο
1126 4330 1271 4380 allata
1293 4331 1413 4381 haec
1434 4331 1653 4383 ruerunt:
1673 4334 1831 4382 «Tout
1852 4345 1905 4383 se
1923 4333 2103 4397 pauit
2125 4333 2261 4384 entre
2287 4330 2357 4383 les
2379 4332 2574 4395 pascua

356 4408 401 4456 et
430 4406 500 4456 les
519 4409 666 4459 amis:
694 4410 823 4461 aussi
845 4423 902 4462 ce
922 4411 1086 4462 n’etait
1109 4423 1285 4461 encore
1304 4410 1457 4473 qu’un
1484 4412 1706 4463 contract
1724 4411 1891 4462 civil.»
