3276 5083
687 414 824 485 400
1092 436 1215 486 m.
1258 434 1304 486 1.
1347 435 1522 487 ποτ.
1564 436 1825 486 Abram.
1859 436 1942 486 ns
1976 434 2241 488 utrm.
2274 434 2489 488 civim.

683 558 778 630 ita
824 554 1240 630 continenter
1289 580 1366 630 se
1413 555 1628 652 gessit
1674 553 1964 628 ecclesia
1985 610 2003 642 ,
2059 554 2164 630 vel
2215 554 2308 628 ab
2359 556 2529 657 ipsis
2581 558 2733 632 suis
2783 562 2940 659 pri-

683 670 965 747 mordiis
998 728 1015 758 ,
1081 671 1375 772 profecto
1424 696 1558 746 non
1609 697 1693 744 ex
1743 670 2038 745 tenebris
2094 670 2363 745 mediae
2411 673 2653 748 aetatis
2705 677 2934 775 repeti

686 788 853 862 haec
902 786 1052 861 eius
1103 786 1348 885 agendi
1400 786 1568 860 ratio
1618 802 1837 886 potest
1885 789 2065 883 (82).
2091 788 2331 861 Verum
2373 787 2605 863 clavus
2654 788 2771 863 hic
2817 809 2940 867 est

684 903 819 979 alte
854 903 1028 977 fixus
1063 902 1400 976 mentibus
1435 902 1738 976 omnium
1771 902 2100 977 ecclesiae
2126 903 2696 1004 impugnatorum,
2730 933 2936 1006 prae-

684 1020 915 1096 sertim
963 1045 1124 1093 vero
1174 1017 1636 1116 leguleiorum‚
1692 1019 1946 1118 quique
2000 1017 2215 1094 factus
2266 1035 2372 1093 est
2418 1047 2600 1093 unus
2634 1047 2716 1095 ex
2753 1022 2933 1097 locis

685 1134 1158 1210 communibus
1210 1133 1928 1232 pseudo-politicorum
1975 1191 1991 1220 ‚
2064 1135 2371 1234 adeoque
2426 1151 2493 1209 et
2550 1136 2933 1212 adversarii

682 1278 976 1353 quocum
1044 1276 1286 1324 manus
1349 1249 1767 1324 conserimus
1791 1308 1807 1337 ‚
1863 1249 1980 1349 qui
2045 1250 2116 1321 in
2176 1249 2354 1325 bello
2416 1268 2649 1326 contra
2706 1254 2934 1327 eccle-

685 1371 858 1445 siam
911 1368 997 1442 ad
1048 1367 1227 1441 idem
1275 1366 1481 1440 medii
1532 1367 1681 1441 aevi
1733 1368 2267 1467 promptuarium
2318 1368 2644 1467 confugit.

714 1526 719 1531 ·
832 1486 907 1557 V.
966 1483 1219 1570 Quinta
1282 1482 1569 1556 assertio
1621 1510 1817 1557 suam
1882 1482 2086 1557 habet
2133 1483 2263 1556 sub
2312 1483 2544 1584 aliquo
2610 1503 2930 1587 respectu

688 1599 1033 1676 veritatem
1058 1655 1075 1683 ‚
1118 1623 1293 1697 quae
1327 1614 1550 1671 tamen
1584 1598 1724 1673 vim
1762 1597 2018 1672 nnllam
2052 1596 2258 1671 habet
2283 1598 2351 1669 in
2379 1599 2672 1673 favorem
2703 1600 2929 1675 thesis

690 1730 1145 1817 propugnatne
1192 1711 1279 1786 ab
1330 1712 1741 1786 adversario.
1799 1713 2039 1785 Verum
2100 1712 2329 1812 itaque
2376 1730 2481 1786 est
2503 1771 2521 1801 ‚
2579 1716 2933 1790 matrimo—

693 1830 884 1903 nium
933 1828 1137 1902 etiam
1185 1828 1629 1902 christianum
1665 1886 1683 1915 ‚
1739 1854 1821 1902 ac
1872 1843 2225 1927 propterea
2289 1844 2626 1929 quatenus
2694 1856 2930 1905 sacra-

689 1963 987 2021 mentum
1020 1960 1148 2032 est,
1194 1972 1326 2020 non
1379 1944 1674 2019 mutuari
1721 1944 2016 2021 valorem
2068 1972 2268 2020 suum
2303 1972 2344 2019 a
2379 1946 2512 2019 ritu
2563 1946 2915 2045 religioso,

691 2089 816 2137 seu
867 2089 908 2136 a
957 2061 1462 2136 consecratione
1512 2062 1828 2160 religiosa
1848 2119 1865 2149 ‚
1909 2087 2154 2161 nempe
2202 2088 2243 2135 a
2294 2060 2762 2153 benedictione
2810 2088 2925 2138 sa-

691 2177 1013 2253 cerdotali
1040 2235 1056 2264 ‚
1113 2175 1567 2251 abstrahendo
1617 2177 1705 2251 ab
1752 2177 2077 2251 ecclesiae
2125 2176 2273 2276 lege
2296 2233 2312 2265 ‚
2369 2177 2500 2252 hoc
2549 2179 2732 2252 enim
2779 2206 2916 2253 non

692 2292 912 2368 solum
938 2292 1113 2366 ultro
1139 2292 1382 2366 damus
1406 2350 1421 2379 ‚
1460 2318 1693 2365 verum
1728 2292 1927 2365 ctiam
1963 2292 2160 2392 plene
2194 2292 2688 2366 contendimus.
2724 2293 2915 2380 Quod

690 2410 760 2483 in
789 2408 935 2484 sola
962 2407 1366 2483 sacerdotali
1401 2407 1864 2482 benedictione
1899 2408 2225 2483 consistat
2258 2424 2755 2482 sacramentum
2782 2432 2918 2484 ma-

693 2525 990 2600 trimonii
1017 2582 1034 2612 ‚
1090 2548 1229 2598 una
1277 2540 1382 2599 est
1428 2551 1510 2598 ex
1559 2523 1868 2599 thesibus
1899 2551 1944 2598 a
1980 2524 2097 2599 Pio
2136 2525 2247 2597 lx.
2285 2525 2638 2624 speciatim
2681 2526 2916 2627 positis

691 2642 761 2714 in
811 2641 1241 2716 damnatione
1290 2666 1571 2740 operum
1630 2642 1727 2715 lo.
1783 2641 2236 2740 Nepomuceni
2288 2642 2506 2742 Nuytz
2542 2700 2558 2729 ‚
2615 2642 2917 2743 adeoque

690 2756 938 2831 sinceri
996 2756 1309 2831 catholici
1368 2756 1663 2855 theologi
1722 2757 1921 2855 longe
1969 2757 2216 2831 absunt
2264 2757 2351 2831 ab
2401 2757 2531 2832 hac
2579 2758 2907 2833 doctrina.

694 2872 1027 2959 Quocirca
1066 2871 1256 2945 nulla
1286 2889 1432 2946 erat
1466 2872 1631 2945 ratio
1665 2898 1876 2972 quare
1918 2873 2225 2947 minister
2275 2874 2686 2950 taurinensis
2721 2875 2916 2950 nobis

691 3002 1133 3086 proponeret,
1193 3012 1394 3087 posse
1440 2987 1940 3068 matrimonium
1992 2988 2360 3064 consistere
2417 2989 2566 3063 sine
2619 2991 2749 3064 ritu
2795 3016 2918 3065 seu

691 3105 1192 3180 consecratione
1235 3103 1573 3203 religiosa.
1617 3104 1695 3177 ld
1732 3097 2129 3182 iamdudum
2180 3130 2580 3180 noveramus
2631 3132 2714 3180 ex
2763 3132 2921 3180 con-

695 3220 900 3319 iugiis
949 3219 1387 3294 clandestinis
1414 3277 1429 3306 ‚
1470 3245 1648 3319 quae
1696 3211 1826 3293 suh
1873 3219 2324 3294 anathematis
2375 3221 2922 3296 interminatione

692 3335 987 3410 decrevit
1036 3336 1470 3410 tridentinum
1523 3336 1836 3409 habenda
1874 3362 2030 3411 esse
2061 3351 2137 3434 ut
2168 3362 2326 3410 vera
2376 3352 2444 3409 et
2493 3352 2641 3411 rata
2692 3337 2924 3411 matri-

696 3450 922 3525 monia
954 3509 970 3538 ‚
1029 3450 1098 3523 id
1149 3467 1293 3537 est,
1352 3468 1779 3525 sacramenta
1805 3508 1820 3538 ‚
1879 3451 2205 3552 quamdiu
2255 3478 2336 3525 ea
2384 3452 2675 3527 ecclesia
2737 3451 2922 3526 irrita

693 3592 827 3642 non
867 3566 1136 3652 fecerit3
1194 3566 1495 3667 idipsum
1549 3565 1998 3641 noscebamus
2046 3593 2125 3639 ex
2166 3565 2306 3642 illis
2355 3568 2669 3643 omnibus
2721 3568 2923 3642 ratic—

840 3834 941 3897 (82)
974 3834 1189 3886 Ecclesia
1218 3834 1484 3884 christiana
1516 3834 1690 3886 debuit
1726 3837 1997 3887 necessario
2014 3837 2077 3887 ab
2099 3837 2216 3901 ipsis
2236 3837 2341 3889 suis
2360 3838 2515 3887 initiis
2547 3838 2754 3888 inveniri
2773 3837 2824 3886 in
2839 3835 2924 3885 ad·

696 3914 899 3964 modum
920 3913 1112 3965 difficili
1136 3913 1374 3978 positione
1406 3917 1625 3979 respectu
1657 3915 1975 3979 legislationis
2002 3930 2251 3980 romanae,
2281 3920 2654 3981 ceterarumque
2675 3916 2928 3967 nationum

694 4006 840 4057 penes
862 4007 987 4056 quas
1009 3993 1303 4058 penetravit,
1328 4008 1385 4044 ac
1408 3994 1459 4043 in
1481 3996 1631 4044 tacita
1654 3994 1883 4045 antithesi
1908 3994 2162 4046 doctrinae
2178 4009 2296 4046 suae
2315 4010 2427 4046 cum
2449 3995 2671 4058 legibus,
2696 4009 2824 4059 qnae
2841 3996 2932 4043 aut

696 4074 823 4124 latae
862 4080 1025 4136 erant,
1070 4077 1156 4124 aut
1199 4074 1632 4138 promulgabantur
1669 4089 1699 4124 a
1731 4075 2035 4139 principibus
2073 4076 2297 4126 ethnicis.
2323 4078 2393 4127 Ut
2415 4076 2549 4128 enlm
2587 4075 2936 4126 animadvertit

694 4154 972 4218 Docilinger
1002 4155 1053 4206 in
1083 4168 1166 4217 op.
1195 4157 1261 4206 et.
1297 4155 1391 4206 loc.
1425 4155 1508 4206 cit.
1534 4155 1854 4219 Hippolytus
1890 4155 2005 4206 und
2040 4155 2339 4219 Gallum,
2375 4157 2623 4208 interdum
2658 4155 2936 4207 necessario

694 4236 801 4285 rata
822 4234 1000 4286 babere
1018 4233 1189 4285 debuit
1213 4236 1553 4299 matrimonia,
1573 4248 1702 4298 quac
1719 4248 1751 4285 a
1771 4234 1960 4299 legibus
1982 4236 2354 4288 infirmabantur
2367 4274 2382 4298 ‚
2409 4250 2468 4288 ac
2486 4237 2677 4288 irritare
2693 4250 2778 4301 ea,
2801 4248 2930 4300 quae

696 4330 726 4365 a
744 4315 931 4379 legibus
953 4315 1301 4380 probabantur.
1333 4315 1487 4365 cuius
1510 4315 1578 4366 rei
1597 4315 1822 4379 exempla
1842 4316 2234 4368 luculentissima
2252 4318 2450 4370 exbibet
2467 4356 2484 4382 ‚
2502 4332 2631 4383 quae
2651 4331 2743 4369 nos
2759 4318 2929 4368 affere·

692 4409 830 4460 mus,
849 4408 962 4447 cum
988 4396 1081 4447 boc
1104 4394 1167 4447 de
1189 4397 1475 4456 argumento
1493 4408 1697 4460 aganus
1718 4396 1769 4446 in
1789 4396 2016 4460 proximo
2040 4396 2182 4448 libro.
