3276 5083
658 414 792 484 326
1072 435 1194 484 us.
1237 435 1284 483 1.
1329 434 1501 485 sacr.
1544 433 1801 484 Atrans.
1846 433 1925 481 ns
1961 433 2221 483 mmm.
2265 432 2474 482 mvltr.

658 571 898 629 nuente
933 554 1241 650 coniuge.
1286 554 1407 624 Ast
1444 554 1502 623 is
1540 578 1670 624 non
1707 550 2174 624 animadvertit
2218 568 2290 624 ut
2330 551 2691 649 plurimum
2736 552 2892 626 foe-

657 671 907 742 minam
973 695 1164 754 esse,
1239 695 1414 767 quae
1478 695 1881 743 consensum
1944 668 2185 741 elicere
2246 667 2440 741 vellet
2493 693 2714 740 coram
2764 694 2893 739 ec-

659 784 865 859 clesia
893 842 907 867 ,
947 810 1122 882 quae
1164 800 1400 857 natura
1437 810 1559 856 sua
1591 783 1840 856 debilis
1895 808 1973 855 66
2028 783 2293 854 infirma
2346 800 2450 854 est
2482 841 2496 866 ‚
2557 783 2887 881 timetque

658 926 731 971 se
780 923 1000 971 coram
1039 899 1427 996 magistratu
1468 898 1648 969 hunc
1683 900 1752 969 in
1792 898 1990 969 {inem
2033 898 2312 982 sistere;
2359 898 2638 995 insuper
2670 922 2894 995 quae-

660 1015 911 1087 stiones
932 1071 946 1097 ,
980 1038 1154 1112 quae
1179 1002 1458 1086 instituiv
1480 1013 1834 1099 deberent,
1871 1013 2188 1112 temporis
2229 1038 2482 1084 moram
2508 1031 2894 1111 exposcunt

659 1146 859 1228 atque
897 1130 1241 1226 impensas
1266 1186 1283 1214 ,
1326 1146 1683 1227 antequam
1720 1129 1804 1201 ad
1843 1129 2240 1201 sententiam
2282 1129 2727 1226 separationis
2759 1128 2890 1199 de-

659 1246 986 1317 veniatur.
1048 1243 1320 1317 Interim
1374 1245 1525 1342 ipsa
1583 1243 1930 1317 molestias
1982 1269 2061 1316 ac
2110 1244 2494 1315 vexationes
2564 1242 2816 1341 patitur
2858 1301 2875 1328 ,

659 1360 823 1459 quid
866 1361 1067 1455 igitur
1116 1386 1197 1433 eo
1247 1361 1567 1458 temporis
1610 1359 1958 1433 intervallo
2002 1376 2191 1456 aget,
2252 1375 2366 1431 aut
2413 1358 2750 1457 quomodo
2807 1384 2883 1432 se

661 1475 890 1572 geret?
930 1475 1187 1549 Deinde
1225 1475 1557 1548 eiusmodi
1603 1474 1908 1549 clausula
1955 1500 2179 1547 nonne
2229 1474 2396 1547 foret
2444 1474 2614 1572 legis
2663 1474 2884 1574 ipsius

662 1590 1041 1674 damnatio,
1101 1605 1239 1663 tum
1298 1590 1462 1687 quia
1511 1591 1688 1664 facto
1740 1591 1889 1688 ipso
1940 1589 2405 1662 ostenderetur
2467 1589 2534 1660 in
2598 1589 2882 1662 dubium

664 1704 955 1775 revocari
1011 1702 1495 1798 legitimitatem
1539 1702 1837 1776 civilium
1891 1705 2315 1802 nuptiarum3
2360 1722 2500 1776 tum
2551 1706 2716 1803 quia
2762 1730 2888 1777 ea-

665 1816 966 1890 rumdem
1011 1815 1605 1890 dissolubilitatem
1656 1815 1764 1890 lex
1809 1820 1970 1916 ‘ipsa
2021 1817 2460 1891 decerneret?
2484 1818 2627 1892 Hoc
2677 1819 2888 1915 igitur

663 1932 982 2028 effugium
1036 1931 1251 2028 legem
1302 1933 1478 2004 hanc
1527 1958 1568 2004 a
1618 1933 1923 2031 nequitia
1958 1959 2091 2006 non
2128 1930 2452 2020 solveret,
2498 1933 2619 2006 sed
2662 1933 2884 2006 solum

665 2047 1179 2147 imprudentiam
1231 2046 1635 2144 legislatoris
1687 2048 2112 2145 patefaceret.

810 2164 1195 2249 Praeterea,
1230 2163 1306 2235 ‘si
1342 2163 1460 2261 qui
1506 2163 1746 2237 horum
1775 2221 1790 2250 ‚
1833 2164 1950 2262 qui
1989 2164 2259 2236 inierint
2293 2163 2528 2236 civiles
2565 2165 2840 2263 nuptias
2871 2220 2886 2250 ,

665 2279 995 2351 scenicam
1055 2303 1249 2350 suam
1301 2277 1830 2351 coniunctionem
1852 2336 1868 2364 ,
1910 2303 2114 2375 quam
2147 2279 2398 2376 optime
2444 2295 2686 2351 norunt
2735 2278 2895 2350 nul-

667 2394 797 2467 lius
832 2419 985 2467 esse
1009 2391 1284 2478 valoris,
1316 2392 1565 2466 vellent
1597 2392 1969 2467 dissolvere
1993 2451 2008 2480 ‚
2052 2419 2261 2493 seque
2294 2419 2447 2467 cum
2485 2392 2696 2467 altera
2727 2419 2894 2467 con—

666 2510 820 2606 iuge
855 2508 1156 2606 legitimo
1190 2526 1559 2608 sanctoque
1592 2508 1861 2582 vinculo
1891 2507 2346 2606 obstringere,
2386 2509 2434 2580 ii
2469 2532 2591 2608 per
2624 2507 2836 2607 legem
2869 2569 2889 2595 ,

666 2651 843 2721 quae
901 2623 1128 2696 civilia
1189 2624 1408 2696 sancit
1466 2625 1779 2722 coniugia
1817 2683 1831 2711 ,
1900 2625 2105 2698 insita
2166 2624 2470 2698 libertate
2518 2625 2606 2697 ad
2653 2650 2894 2697 verum

666 2740 1162 2812 matrimonium
1216 2739 1583 2811 ineundum
1620 2740 1690 2810 in
1727 2741 1898 2813 facie
1929 2739 2255 2813 ecclesiae
2305 2741 2673 2839 privantur.
2717 2742 2890 2813 Nam

666 2853 770 2924 lex
800 2853 870 2922 in
897 2853 1041 2926 foro
1077 2879 1202 2927 suo
1226 2855 1326 2927 uti
1355 2852 1726 2951 legitimum
1762 2854 1966 2927 habet
1999 2853 2197 2927 civile
2233 2856 2621 2953 coniugium
2649 2914 2664 2942 ,
2709 2857 2894 2929 ideo-

667 2995 800 3067 que
834 2968 1129 3069 exceptis
1180 2969 1447 3044 divortii
1499 2970 1728 3044 causis
1765 2971 1851 3043 ab
1876 2970 2111 3045 eadem
2147 2970 2293 3070 lege
2330 2973 2601 3046 statutis
2624 3030 2639 3059 ‚
2679 2971 2890 3046 viola-

672 3085 915 3157 tionem
957 3084 1274 3157 connubii
1326 3111 1547 3158 coram
1583 3085 1977 3182 magistratu
2016 3086 2164 3159 initi
2203 3112 2570 3186 numquam
2612 3087 2894 3185 permit-

674 3214 785 3285 tet,
819 3215 937 3272 aut
962 3198 1330 3298 aliquando
1356 3200 1738 3299 permittere
1764 3201 2029 3300 poterit,
2065 3202 2124 3274 si
2152 3201 2280 3275 sibi
2308 3201 2668 3274 cohaerere
2689 3200 2884 3287 velit;

668 3312 921 3388 civiles¹
955 3315 1268 3386 nimirum
1328 3316 1763 3411 magistratus
1826 3317 2227 3390 sententiam
2280 3315 2504 3389 dicent
2566 3316 2895 3389 adversus

670 3455 822 3502 eum
846 3486 863 3514 ,
908 3429 1025 3527 qui
1063 3429 1212 3502 sine
1247 3454 1455 3503 causa
1488 3431 1757 3506 divortii
1787 3458 1827 3505 a
1854 3431 2002 3531 lege
2034 3448 2283 3506 statuta
2310 3433 2710 3531 resipiscere
2742 3456 2896 3505 con-

672 3544 992 3617 tenderet.
1012 3543 1187 3617 Hinc
1206 3562 1506 3644 apparet,
1523 3546 1862 3646 quomodo
1882 3547 1986 3620 lex
2005 3548 2318 3621 sanciens
2335 3546 2559 3623 civilia
2578 3547 2894 3644 coniugia

668 3663 802 3732 vim
842 3659 1085 3732 inserat
1118 3662 1571 3734 conscientiae
1593 3720 1608 3748 ‚
1644 3662 2016 3735 libertatem
2054 3661 2240 3735 tollat
2275 3661 2570 3760 legitime
2596 3662 2893 3735 nubendi

676 3777 740 3846 in
777 3776 950 3849 facie
986 3776 1339 3863 eeclesiae,
1373 3803 1453 3850 ac
1483 3777 1767 3876 proinde
1805 3777 2195 3853 consulendi
2236 3778 2550 3876 propriae
2580 3778 2804 3851 saluti.

815 3893 1032 3967 Maius
1083 3894 1287 3968 robur
1338 3894 1516 3967 idem
1569 3912 2035 3992 argumentum
2089 3894 2379 3993 acquirit
2412 3920 2491 3968 ex
2528 3919 2608 3968 eo
2635 3953 2651 3982 ,
2707 3893 2889 3991 quod

673 4006 776 4078 lex
814 4033 934 4105 per
968 4007 1305 4082 fictionem
1341 4008 1624 4106 legalem
1659 4008 2008 4083 abstrahat
2049 4034 2127 4083 ac
2172 4010 2600 4110 praescindat
2647 4033 2689 4083 a
2739 4007 2894 4080 reli-

670 4122 906 4218 gione,
947 4123 1206 4197 scilicet
1239 4124 1326 4196 ab
1362 4124 1649 4198 ecclesia
1684 4125 2037 4213 catholica,
2081 4126 2150 4196 in
2187 4125 2332 4199 suis
2369 4125 2697 4198 articulis.
2746 4121 2897 4208 Quo

671 4237 782 4324 fit,
836 4254 912 4309 ut
963 4263 1086 4310 nec
1138 4258 1572 4337 recognoscat
1621 4240 2100 4339 impedimenta
2161 4239 2247 4313 ab
2297 4239 2582 4315 ecclesia
2651 4239 2897 4313 consti-

676 4372 849 4440 tuta,
908 4373 985 4428 66
1036 4379 1244 4442 nova,
1303 4381 1478 4454 quae
1528 4356 1618 4429 ab
1665 4355 1951 4432 ecclesia
2005 4381 2137 4429 non
2187 4356 2670 4441 admittuntur,
2734 4355 2896 4426 sub—
