3276 5083
680 404 817 476 836
1063 424 1187 477 m.
1229 426 1277 476 1.
1318 426 1491 478 sac-r.
1535 413 1795 476 urum.
1838 427 1919 476 nr:
1954 426 2218 478 uarum.
2260 425 2475 477 amu.

673 547 938 647 quoties
989 561 1056 618 et
1107 570 1531 646 quacumque
1592 571 1675 619 ex
1723 570 1931 619 causa
1995 562 2188 620 actus
2249 545 2609 643 religiosus
2675 546 2896 625 locum

674 661 925 736 habere
951 661 1348 763 nequiverit.
1382 662 1461 733 ln
1487 660 1598 735 his
1634 660 1970 761 quaedam
2006 676 2166 734 sunt
2189 661 2358 735 satis
2392 676 2626 760 aperta
2645 719 2662 750 ,
2696 689 2901 763 quae-

674 779 833 851 dam
867 803 1024 853 vero
1057 777 1392 851 velamine
1427 792 1624 851 tecta.
1667 775 1877 851 Nobis
1913 776 2195 875 proinde
2229 802 2401 851 onus
2440 776 2769 853 incumbit
2790 805 2902 853 eo-

675 919 850 981 rum,
881 919 1055 993 quae
1080 909 1313 991 aperta
1337 907 1522 978 sunt,
1547 892 1959 991 impietatem
1987 891 2471 979 demonstrare,
2496 907 2563 965 et
2587 892 2895 967 velamen

672 1007 1026 1081 detrahere
1076 1007 1163 1080 iis
1185 1064 1201 1094 ,
1260 1030 1437 1105 quae
1472 1022 1938 1103 conteguntur.

823 1121 1208 1197 Catholicae
1257 1120 1702 1218 legislationis
1726 1179 1742 1209 ,
1797 1147 1972 1222 quae
2027 1122 2356 1197 hactenus
2404 1123 2660 1220 viguit,
2714 1125 2898 1197 anti-

672 1236 987 1338 quandae
1027 1295 1043 1326 ,
1115 1238 1402 1336 eiusque
1450 1237 1521 1308 in
1574 1236 1792 1310 locum
1860 1238 2379 1336 protestanticae
2442 1237 2898 1335 legislationis

672 1352 1142 1451 subrogandae
1200 1377 1406 1426 causa
1465 1352 1687 1452 prima
1747 1352 2103 1426 adducitur
2166 1355 2441 1453 spiritus
2506 1357 2624 1452 qui
2686 1369 2900 1427 aetate

677 1468 798 1540 hac
833 1483 1056 1540 nostra
1091 1467 1465 1539 hodiernam
1498 1467 1966 1540 humanitatem
2000 1469 2337 1566 informat.
2382 1468 2710 1541 Nimirum
2735 1468 2897 1542 aliis

672 1582 901 1658 verbis
952 1582 1168 1683 prima
1206 1582 1375 1655 ratio
1424 1597 1529 1656 est
1575 1582 1856 1682 spiritus
1901 1584 2430 1681 protestantismi
2456 1641 2471 1670 ,
2503 1583 2620 1682 qui
2651 1584 2902 1657 invasit

674 1724 987 1795 magnam
1023 1698 1445 1772 comitiorum
1482 1712 1736 1797 partem
1760 1754 1775 1784 ,
1818 1698 2179 1797 praecipue
2217 1724 2375 1772 vero
2418 1697 2849 1796 leguleiorum
2874 1758 2892 1786 ,

671 1812 1306 1916 levissimorumque
1353 1812 1790 1886 litteratorum
1818 1870 1833 1899 ,
1884 1814 2000 1912 qui
2052 1838 2179 1886 nec
2226 1813 2618 1912 religionem
2670 1812 2898 1888 catho—

672 1930 873 2004 licam
921 1928 1093 2002 bene
1143 1942 1501 2015 noverunt,
1545 1953 1669 2001 nec
1703 1928 2360 2027 protestantismum,
2409 1929 2602 2003 cuius
2654 1930 2896 2028 spiritu

671 2045 925 2118 incauti
976 2043 1288 2117 homines
1340 2042 1804 2116 informantur.
1867 2043 2088 2130 Haec,
2147 2061 2222 2118 ut
2270 2045 2659 2131 innuimus,
2723 2045 2896 2117 satis

673 2176 902 2262 aperte
937 2159 1208 2232 fuerunt
1239 2157 1500 2259 prolata
1535 2157 1621 2231 ab
1656 2184 1770 2246 e0,
1818 2158 1936 2259 qui
1972 2184 2186 2233 novae
2221 2157 2391 2256 legis
2428 2158 2700 2232 schema
2735 2184 2896 2258 pro-

672 2274 922 2375 posuit.
965 2273 1048 2346 Et
1082 2299 1272 2361 sane,
1329 2273 1446 2373 qui
1499 2271 1676 2345 alius
1725 2273 2010 2373 spiritus
2061 2299 2263 2372 quam
2313 2274 2837 2371 protestantismi
2871 2332 2887 2360 ‚

673 2416 806 2464 non
844 2388 1116 2489 quidem
1161 2388 1521 2487 dogmatici
1557 2446 1573 2476 ,
1623 2387 1743 2462 sed
1787 2388 2113 2462 increduli
2152 2414 2231 2462 ac
2264 2389 2584 2486 negativi,
2644 2389 2900 2489 potuis·

672 2522 776 2581 set
818 2505 1127 2581 homines
1164 2504 1562 2593 informare,
1596 2504 1714 2604 qui
1742 2503 1872 2578 suh
1898 2504 2361 2606 exquisitioris
2403 2504 2624 2579 cultus
2667 2505 2896 2605 specie

673 2648 808 2696 non
867 2622 1264 2721 profitentur
1313 2620 1448 2693 nisi
1503 2620 1852 2718 religionis
1920 2647 2202 2720 nomen,
2260 2621 2381 2696 sed
2434 2648 2506 2695 re
2554 2636 2620 2694 et
2667 2621 2894 2695 animo

594 2827 597 2832 ἱ
670 2736 854 2811 athei
905 2753 1068 2810 sunt
1117 2734 1449 2835 practici?
1484 2735 1615 2821 Qui
1653 2761 1733 2808 ex
1769 2737 2314 2835 protestantismo
2352 2739 2549 2810 unice
2583 2753 2897 2810 mutuan-

672 2868 780 2925 tur
820 2850 1050 2924 odium
1087 2865 1315 2924 contra
1358 2876 1705 2924 romanum
1752 2851 2137 2950 pontificem
2175 2868 2241 2925 et
2275 2869 2505 2926 contra
2538 2852 2889 2927 ecclesiam

672 2964 1072 3042 catholicam
1098 3023 1114 3053 ,
1171 2991 1213 3038 a
1262 2992 1397 3066 qua
1449 2992 1524 3039 se
1573 2965 1921 3040 vindicare
1969 2967 2302 3064 gestiunt,
2344 2993 2425 3041 ac
2461 2969 2718 3042 interea
2750 2984 2892 3042 tum

671 3080 1213 3157 catholicismum
1241 3097 1379 3154 tum
1406 3082 2024 3180 protestantismum
2066 3080 2454 3180 despiciunt
2478 3099 2545 3156 et
2569 3080 2893 3154 irrident?

819 3197 1063 3298 Utique
1111 3196 1266 3269 talis
1310 3211 1414 3269 est
1455 3196 1738 3296 spiritus
1763 3254 1779 3283 ,
1813 3196 1928 3296 qui
1958 3194 2157 3294 longe
2180 3195 2445 3296 lateque
2470 3197 2882 3282 dominatur,

668 3328 912 3413 agente
960 3312 1388 3411 potissimum
1440 3309 1968 3408 anglicanismo,
2021 3312 2138 3411 qui
2194 3328 2335 3385 tum
2386 3339 2506 3411 per
2547 3311 2891 3385 societatis

669 3427 961 3502 biblicae
1020 3426 1445 3502 londinensis
1507 3425 1809 3500 membra
1858 3442 1924 3499 et
1973 3443 2440 3526 cooperatores
2484 3485 2500 3513 ‚
2577 3445 2715 3500 tum
2772 3452 2894 3525 per

668 3541 1063 3616 emissarios
1119 3540 1425 3640 undique
1482 3540 1774 3615 diffusos
1822 3541 2108 3640 pecunia
2153 3542 2583 3640 potissimum
2633 3540 2892 3613 anima-

672 3684 819 3731 rum
880 3671 1320 3730 mercaturam
1388 3671 1685 3744 exercet,
1753 3673 1819 3728 et
1881 3655 1966 3728 ad
2021 3654 2548 3755 perduellionem
2601 3653 2889 3755 populos

670 3790 1040 3848 commovet
1094 3788 1229 3845 tam
1291 3771 1676 3869 religiosam
1722 3796 1921 3872 quam
1973 3770 2263 3844 civilem.
2319 3771 2622 3844 Pessima
2670 3784 2891 3842 autem

670 3885 838 3961 haec
877 3886 1240 3987 dispositio
1284 3884 1400 3958 illa
1450 3902 1589 3973 est,
1640 3910 1858 3985 quam.
1891 3883 2353 3983 exquisitioris
2404 3883 2625 3957 cultus
2684 3883 2882 3956 deno-

671 4000 1039 4075 minatione
1088 3999 1640 4100 pseudo-politici
1703 3998 2162 4074 cohonestant.

819 4117 1106 4188 Pronum
1134 4115 1392 4191 existis
1421 4131 1523 4190 est
1551 4114 1898 4213 colligere,
1934 4113 2244 4213 spiritum
2281 4113 2669 4187 huiusmodi
2708 4111 2893 4184 haud

670 4232 810 4334 pati
863 4256 1064 4332 posse
1112 4231 1605 4330 legislationem
1646 4231 1733 4305 de
1772 4231 2198 4306 matrimonio
2240 4229 2612 4305 christiano
2634 4288 2650 4317 ,
2702 4245 2897 4329 prout

672 4374 885 4424 novus
934 4346 1170 4446 legifer
1221 4365 1446 4423 noster
1499 4349 1789 4446 ingenue
1841 4348 2121 4434 fatetur,
2181 4347 2317 4421 imo
2366 4362 2431 4419 et
2495 4344 2890 4430 contendit;
