3276 5083
683 475 822 548 148
1079 497 1203 547 m.
1245 496 1292 547 1.
1336 494 1507 546 sacr.
1551 495 1597 546 1.
1638 496 1721 545 nn
1761 494 2027 546 numu.
2064 493 2491 545 sacmmo.

679 630 1008 702 mentum,
1054 614 1184 688 hoc
1232 628 1336 688 est
1383 615 1453 685 in
1505 612 1794 711 singulis
1839 612 2223 713 quibusque
2269 612 2437 685 viris
2489 626 2692 712 atque
2740 638 2916 688 uxo-

680 730 868 804 ribus
907 731 1290 816 minimum,
1337 728 1459 801 sed
1502 744 1724 801 tamen
1774 728 2264 802 coniunctionis
2308 727 2765 826 inseparabile
2803 754 2915 801 sa-

680 861 1117 919 cramentum.
1165 875 1199 914 »
1242 843 1450 930 Quasi
1511 843 1805 931 diceret,
1861 843 2188 916 materiali
2251 842 2507 917 ratione
2555 869 2636 916 ac
2703 843 2775 915 in
2833 869 2914 917 se

681 963 1062 1036 coniunctio
1102 961 1229 1034 viri
1269 977 1334 1034 et
1372 959 1675 1034 mulieris
1710 960 2061 1033 minimum
2101 957 2374 1059 quidem
2410 975 2913 1032 sacramentum

680 1093 814 1165 est,
867 1102 1181 1174 magnum
1220 1100 1378 1149 vero
1398 1132 1413 1160 ‚
1463 1075 1521 1148 si
1567 1073 1946 1148 attendatur
1985 1073 2072 1146 ad
2111 1073 2260 1146 eius
2310 1073 2901 1170 significationem.

822 1194 964 1266 Iam
1009 1219 1167 1268 vero
1209 1217 1291 1263 ex
1326 1190 1436 1263 his
1489 1178 1801 1264 omnibus
1827 1247 1843 1278 ‚
1902 1189 2189 1288 aliisque
2240 1215 2450 1288 prope
2498 1189 2903 1277 innumeris,

677 1336 852 1409 quae
876 1308 1072 1383 facile
1096 1307 1338 1382 adduci
1374 1323 1678 1406 possent,
1710 1321 1972 1405 patrum
1998 1306 2403 1380 testimoniis
2424 1309 2605 1402 (17),
2638 1305 2918 1405 liquido

685 1440 961 1524 apparet
1019 1423 1172 1496 illos
1232 1423 1301 1494 in
1353 1420 1665 1519 coniugio
1715 1419 2081 1493 christiano
2132 1420 2393 1493 nullum
2453 1420 2637 1493 aliud
2698 1447 2910 1518 agno-

677 1540 863 1613 visse
895 1540 1292 1613 elementum
1312 1596 1327 1625 ,
1370 1563 1573 1637 quam
1618 1536 2151 1609 coniunctionem
2195 1537 2449 1634 ipsam,
2491 1562 2615 1610 seu
2651 1553 2910 1612 contra·

678 1654 980 1728 hentium
1030 1678 1434 1728 consensum
1484 1652 1571 1726 ad
1621 1651 1790 1726 illud
1841 1650 2347 1752 perficiendum.

827 1767 1062 1855 Quid?
1103 1769 1282 1868 quod
1330 1767 1437 1842 vel
1481 1768 1528 1839 ii
1570 1768 1737 1866 ipsi,
1786 1767 1905 1867 qui
1956 1766 2437 1840 sacerdotalem
2488 1765 2905 1841 benedictio-

679 1908 831 1955 nem
885 1881 1354 1955 commendant
1401 1907 1534 1954 non
1597 1880 1881 1954 obscure
1941 1880 2345 1980 patefaciant
2398 1906 2546 1954 eam
2606 1881 2906 1978 coniugii

675 1995 1105 2070 celebrationi
1139 1995 1617 2095 supervenire?
1650 1996 1846 2082 Sane,
1888 2020 2037 2068 cum
2064 1995 2509 2069 Tertullianus
2548 1996 2618 2066 in
2654 1995 2776 2068 lib.
2808 1996 2898 2068 11.

679 2111 768 2184 ad
805 2138 1076 2185 uxorem
1114 2111 1380 2185 scribit:
1427 2141 1463 2180 α
1494 2111 1683 2184 Unde
1727 2110 2139 2184 sufficiamus
2188 2109 2273 2182 ad
2325 2110 2771 2184 enarrandam
2811 2110 2905 2183 se-

679 2225 998 2299 licitatem
1043 2226 1189 2299 eius
1229 2224 1670 2311 matrimonii,
1710 2224 1893 2324 quod
1938 2223 2226 2297 ecclesia
2266 2223 2610 2313 conciliat,
2652 2239 2719 2297 et
2751 2247 2905 2298 con-

677 2339 897 2413 firmat
936 2340 1184 2416 oblatio
1203 2397 1219 2428 ‚
1261 2356 1329 2414 et
1364 2342 1665 2439 obsignat
1700 2339 2084 2413 benedictio.-
2114 2367 2148 2409 n
2181 2365 2314 2414 non
2353 2338 2641 2413 obscure
2677 2338 2902 2411 innuit

674 2455 804 2530 hac
844 2456 1309 2530 benedictione
1348 2456 1733 2554 coniugium
1774 2456 1907 2527 iam
1949 2455 2321 2528 consectum
2363 2454 2733 2553 obsiqmri,
2777 2479 2901 2528 seu

672 2571 892 2643 eidem
934 2571 1231 2667 sigillum
1274 2570 1479 2646 veluti
1517 2571 1804 2670 apponi,
1844 2598 1978 2645 non
2011 2574 2231 2645 autem
2273 2569 2389 2644 illa
2431 2570 2904 2644 benedictione

672 2686 902 2783 confici
944 2687 1122 2779 (18),
1174 2702 1368 2785 prout
1399 2701 1460 2756 et
1485 2700 1708 2783 pater,
1760 2701 1836 2757 ut
1876 2686 2024 2785 ipse
2075 2686 2535 2785 prosequitur,
2594 2702 2741 2759 rato
2785 2687 2905 2760 ha-

677 2797 807 2879 bet,
858 2812 1073 2869 ratum
1123 2813 1345 2871 autem
1397 2798 1474 2871 fit
1519 2799 1703 2897 quod
1755 2799 1888 2872 iam
1939 2799 2168 2872 existit
2219 2801 2289 2871 in
2341 2826 2495 2874 esse
2543 2826 2695 2874 suo.

814 2910 925 2983 Sic
972 2912 1174 2985 etiam
1216 2938 1275 2985 s.
1308 2913 1739 3001 Ambrosius,
1784 2914 1948 2986 dum
1992 2916 2193 3016 epist.
2226 2916 2399 2987 XIX.
2450 2915 2536 2989 ad
2572 2914 2893 3014 vigilium

668 3024 940 3099 scribit:
997 3026 1229 3100 «Cum
1281 3027 1503 3127 ipsum
1554 3028 1939 3126 coniugium
1996 3029 2329 3103 velamine
2377 3030 2779 3105 sacerdotali
2831 3047 2901 3105 et

666 3139 1131 3216 benedictione
1181 3144 1587 3218 sanctificari
1640 3160 1969 3244 oporteat,
2015 3145 2354 3244 quomodo
2394 3160 2613 3245 potest
2661 3147 2898 3219 coniu-

666 3282 851 3353 gmm
896 3256 1064 3345 dici,
1114 3257 1230 3330 ubi
1275 3284 1407 3332 non
1451 3276 1555 3333 est
1592 3259 1750 3333 fidei
1799 3260 2156 3334 concordia
2181 3261 2272 3331 ?»
2314 3261 2645 3360 Supponit
2689 3261 2899 3358 igitur

664 3371 1050 3467 coniugium
1089 3373 1224 3444 iam
1254 3373 1496 3446 initum
1536 3375 1710 3447 inter
1743 3400 2065 3474 sponsos,
2106 3374 2194 3447 ad
2235 3375 2421 3474 quod
2463 3375 2895 3448 sanctifican-

660 3485 823 3559 dum
874 3486 1005 3558 ritu
1055 3486 1544 3573 eeclesiastico,
1596 3502 1665 3560 et
1703 3488 1792 3560 ad
1833 3489 2205 3562 animorum
2246 3490 2568 3562 unitatem
2623 3489 2894 3586 signifi-

661 3600 944 3672 candam
994 3599 1355 3674 accedebat
1410 3601 1788 3674 ceremonia
1842 3600 2197 3675 velaminis
2243 3618 2311 3676 et
2357 3602 2852 3678 benedictionis
2868 3660 2884 3690 ,

659 3739 865 3811 quam
915 3715 1277 3789 adiiciebat
1326 3715 1675 3801 sacerdos,
1725 3716 2292 3815 quemadmodum
2343 3733 2575 3817 postea
2623 3717 2890 3792 adiecta

662 3824 787 3899 suit
832 3829 974 3902 sive
1022 3831 1397 3919 coronatio,
1444 3831 1588 3905 sive
1635 3829 1868 3904 annuli
1921 3830 2335 3919 benedictio,
2384 3831 2654 3931 aliaque
2711 3833 2889 3906 eius-

803 4100 905 4162 (17)
929 4104 1124 4155 Praeter
1141 4108 1381 4169 auctores,
1396 4104 1484 4169 qul
1499 4117 1648 4169 super
1665 4105 1761 4156 hoc
1773 4105 1914 4156 Pauli
1931 4105 2067 4155 textu
2087 4104 2150 4155 ad
2167 4107 2289 4170 Eph.
2305 4108 2365 4158 V.
2383 4118 2414 4156 a
2431 4107 2757 4159 retnotissimn
2771 4104 2890 4157 antl-
2915 4143 2921 4149 -

654 4177 844 4243 quinte
864 4183 1057 4244 patrum
1069 4185 1348 4235 testimonia
1360 4185 1660 4248 collegerunt
1672 4185 1722 4235 et
1735 4183 1834 4234 alio
1854 4183 1905 4233 in
1926 4183 2037 4233 loco
2061 4185 2411 4235 munus.
2426 4185 2506 4236 cr.
2517 4184 2668 4236 etlam
2686 4187 2886 4237 Morem

660 4260 710 4309 ln
743 4260 1063 4311 Tertulliani
1095 4264 1421 4329 omniloqmo
1440 4267 1562 4314 tom.
1592 4266 1682 4313 111.
1707 4263 1774 4314 ad
1795 4275 1911 4313 voc.
1938 4265 2340 4315 Matrimonium
2361 4265 2412 4315 et
2430 4264 2681 4329 Nuptiae.

800 4343 901 4405 (ιε)
936 4343 1195 4394 Recolatur
1219 4348 1383 4396 tamen
1408 4345 1664 4396 adnotatio
1690 4343 1887 4408 angaltii
1906 4357 2056 4407 quam
2077 4345 2303 4409 superius
2322 4342 2550 4397 dedimus
2574 4345 2709 4398 elren
2729 4342 2879 4407 sigin-

657 4422 931 4474 ficationem
961 4422 1110 4475 huius
1136 4424 1488 4477 benedictionis
1515 4438 1665 4489 quam
1684 4425 1924 4476 memorat
1944 4424 2289 4480 Tertullianus.
