3276 5083
728 439 867 490 cir.
910 440 983 491 11.
1026 440 1106 509 ns
1142 438 1457 508 mismo.
1500 440 1644 494 Aur.
1688 442 1735 491 1.
1778 442 2036 502 oulssr.
2078 444 2289 499 oneo.
2527 428 2618 499 59

383 578 492 643 est
538 561 610 634 in
658 559 968 634 ministro
1009 556 1368 648 ecclesiae,
1422 574 1645 659 potest
1691 562 1988 637 essentia
2025 563 2173 637 eius
2206 563 2438 641 haberi
2474 567 2622 643 sine

381 677 734 753 ministro:
775 673 898 749 sed
930 673 1101 750 sorte
1130 700 1267 750 non
1300 673 1501 748 debet
1538 673 1675 751 nisi
1719 674 1791 753 in
1831 675 2004 751 facie
2042 677 2466 755 ecclesiae-et
2498 707 2625 782 per

387 790 804 868 sacerdotem
838 787 1161 864 celebrari
1184 845 1201 879 ,
1244 788 1303 864 si
1339 788 1558 888 possit
1588 788 1826 864 haberi
1857 792 2085 886 (12).»
2109 791 2253 867 Sibi
2275 809 2623 891 praeterea

388 907 659 984 obiicit:
712 935 748 976 «t
782 904 1002 979 Omne
1049 919 1541 979 sacramentum
1591 903 1794 979 hahet
1843 905 2121 983 formam
2162 906 2546 983 distinctam
2580 938 2623 985 a

391 1022 703 1098 materia:
752 1020 876 1095 sed
926 1020 1058 1094 hoc
1106 1044 1242 1093 non
1288 1034 1397 1094 est
1433 1018 1505 1092 in
1548 1020 1997 1099 matrimonio.
2030 1023 2175 1097 Non
2209 1022 2388 1096 enim
2420 1023 2626 1103 verba

382 1134 830 1237 exprimentia
865 1134 992 1207 viri
1026 1157 1439 1208 consensumw
1478 1149 1640 1209 sunt
1687 1136 1903 1232 magis
1954 1134 2166 1213 forma
2197 1136 2307 1211 vel
2341 1139 2623 1221 materia

380 1277 592 1350 quam
642 1247 849 1323 verba
895 1245 1198 1322 mulieris
1221 1302 1239 1335 ,
1295 1261 1363 1320 et
1411 1273 1451 1322 e
1493 1272 1842 1325 converso.
1890 1249 2068 1347 Ergo
2118 1250 2621 1352 matrimonium

386 1390 527 1439 non
569 1379 677 1438 est
709 1378 1202 1437 sacramentum
1236 1364 1463 1458 (13).»
1485 1360 1705 1451 Quam
1754 1363 2220 1440 difficultatem
2253 1366 2348 1443 ita
2380 1366 2614 1443 solvit:

397 1508 434 1547 α
467 1476 570 1549 Ad
631 1478 698 1548 2.
740 1475 1175 1551 dicendum..
1205 1532 1220 1546 .
1253 1475 1473 1576 ‚quod
1533 1477 2031 1553 matrimonium
2078 1478 2285 1555 habet
2345 1480 2624 1569 formam

392 1591 777 1665 distinctam
814 1616 856 1663 a
889 1589 1169 1663 materia
1190 1647 1206 1678 ,
1246 1590 1407 1691 quia
1439 1592 1640 1665 verba
1681 1608 1835 1667 sunt
1873 1595 2124 1693 forma,
2179 1596 2621 1684 contrahentes

386 1723 537 1782 sunt
584 1707 904 1780 viatoria.
938 1761 952 1777 .
982 1763 998 1777 .
1025 1704 1238 1781 forma
1282 1721 1389 1781 est
1434 1707 1778 1806 expressio
1828 1734 2201 1784 consensus
2237 1711 2471 1806 (14).»

534 1822 695 1896 Post
755 1820 927 1894 adeo
988 1818 1326 1895 luculenta
1384 1821 1766 1896 testimonia
1830 1823 2074 1899 mirum
2142 1824 2357 1900 videri
2425 1824 2625 1905 debet

388 1935 646 2010 Canum
698 1935 874 2010 inter
918 1951 1291 2011 assertores
1343 1937 1714 2013 sententiae
1756 1965 1924 2013 suae
1963 1940 2167 2015 etium
2203 1940 2635 2017 paludanum

384 2077 733 2127 recensere
778 2049 1106 2150 potuisse.
1142 2051 1606 2128 Verumtamen
1645 2052 1871 2129 Canus
1920 2054 2018 2139 ita
2057 2056 2456 2131 sententiam
2495 2057 2622 2130 Pa-

384 2166 622 2239 ladani
673 2165 982 2265 exponit:
1046 2195 1082 2235 α
1112 2167 1257 2241 Non
1310 2167 1361 2239 ii
1406 2167 1628 2242 solum
1661 2226 1680 2256 ,
1736 2195 1908 2268 quos
1953 2170 2294 2258 diximus,
2353 2185 2624 2245 nostrae

391 2279 766 2354 sententiae
819 2279 1333 2367 assentiuntur,
1401 2280 1523 2355 sed
1573 2282 1808 2355 Petrus
1859 2281 2244 2356 Paludanus
2297 2282 2479 2356 Sent.
2546 2284 2613 2355 4.

389 2394 550 2469 dist.
579 2397 647 2467 5.
670 2422 739 2494 q.
763 2397 830 2467 2.
855 2394 1298 2494 imprudens
1278 2421 1349 2467 m
1377 2420 1523 2469 eam
1554 2420 1831 2495 quoque
1860 2394 2233 2471 descendit.
2266 2397 2436 2469 Nam
2461 2421 2615 2471 cum

383 2508 491 2584 vir
513 2525 581 2585 et
602 2508 893 2584 foemina
926 2509 1209 2583 civiliter
1241 2508 1688 2599 contrahunt,
1725 2508 1992 2586 etiamsi
2027 2524 2411 2609 peccatores
2443 2509 2611 2600 sint,

385 2649 510 2699 nec
557 2624 1041 2724 poenitentiam
1086 2639 1332 2721 agant,
1396 2650 1532 2699 non
1579 2624 1796 2699 credit
1837 2650 1958 2702 eos
2007 2650 2162 2700 esse
2208 2651 2360 2702 reos
2410 2625 2621 2700 sacri-

384 2737 568 2837 legii.
632 2737 710 2813 ld
758 2736 943 2838 quod
994 2735 1177 2813 nullo
1235 2737 1436 2812 modo
1484 2736 1834 2836 probabile
1889 2755 2072 2816 esset
2094 2795 2111 2828 ,
2173 2739 2236 2814 si
2283 2738 2616 2814 eiusmodi

387 2854 890 2930 matrimonium
938 2868 1121 2927 esset
1163 2879 1394 2928 verum
1439 2851 1770 2928 ecclesiae
1815 2869 2334 2942 sacramentum.
2366 2852 2620 2929 Omnes

387 2969 644 3068 quippe
703 2968 854 3042 sine
904 2967 1359 3043 controversia
1414 2966 1727 3066 sacrilegi
1782 2967 1994 3055 sunt,
2017 2968 2137 3068 qui
2175 2985 2330 3067 post
2376 2994 2618 3068 pecca·-

388 3098 532 3156 tum
582 3081 861 3156 mortale
921 3081 1071 3154 sine
1135 3080 1546 3180 poenitentia
1602 3081 1855 3155 Christi
1916 3097 2336 3171 sacramenta
2398 3082 2617 3181 perci-

389 3195 583 3295 piunt
601 3197 784 3292 (15).

538 3311 640 3385 Ita
686 3309 963 3409 quidem
1013 3307 1239 3382 Canus
1280 3308 1367 3382 de
1399 3308 1742 3384 Paludano
1790 3310 2165 3397 disserens;
2203 3324 2312 3382 ast
2347 3334 2480 3382 non
2524 3309 2616 3383 ita

395 3423 814 3512 Paludanus‚
848 3423 965 3524 qui
996 3422 1066 3495 in
1091 3422 1377 3521 allegato
1402 3422 1549 3497 loco
1572 3423 1990 3518 eontrarium·
2009 3424 2217 3523 plane
2247 3420 2612 3508 adstruxit,

392 3563 550 3613 cum
583 3539 757 3612 enim
794 3538 925 3614 sibi
959 3538 1421 3640 quaestionem
1472 3539 1977 3639 proposuisset,
2032 3555 2256 3613 utrum
2307 3551 2617 3637 peccator

391 3652 614 3752 possit
655 3653 887 3755 aliquo
938 3653 1007 3726 in
1059 3678 1225 3727 casu
1274 3652 1582 3726 minister
1625 3679 1779 3729 esse
1823 3651 2267 3738 sacramenti,
2325 3649 2490 3751 quin
2538 3675 2617 3724 se

385 3766 728 3867 sacrilegii
772 3793 958 3842 reum
1004 3767 1287 3854 efficiat,
1344 3767 1703 3866 respondet
1731 3826 1748 3858 ,
1809 3766 1877 3842 id
1931 3766 2263 3842 interdum
2313 3764 2457 3837 fieri
2480 3820 2498 3854 ,
2551 3779 2620 3839 et

384 3883 765 3983 exemplum
816 3882 1092 3958 adducit
1141 3881 1337 3970 laici,
1395 3883 1515 3980 qui
1564 3883 1636 3954 in
1687 3884 2087 3960 necessitate
2122 3879 2620 3966 administraret

385 3996 799 4099 baptismum
822 4054 839 4087 ,
878 4015 945 4073 et
981 3998 1100 4099 qui
1138 3998 1211 4072 in
1257 3997 1405 4096 pari
1441 4023 1607 4075 casu
1638 3999 2063 4075 contraheret
2099 3995 2510 4095 coniugium.
2545 3994 2615 4067 Si

532 4166 636 4230 (ια)
664 4166 776 4217 1201.
797 4170 904 4218 141.

525 4246 632 4310 (η)
664 4246 772 4298 12⁰1.
811 4251 917 4298 ιω.

531 4326 636 4389 (14)
668 4326 773 4377 Fol.
811 4331 919 4378 141.

532 4403 634 4466 (15)
665 4408 743 4455 Dc
775 4407 922 4456 Locis
956 4405 1041 4455 lib.
1064 4407 1463 4471 Vss1.cap.vll.
