3276 5083
750 463 888 516 cu.
932 463 1003 513 ιι.
1046 464 1125 517 ιιι
1161 462 1478 517 ummno.
1523 465 1665 515 mr.
1707 466 1753 514 1.
1800 458 2056 523 nmusr.
2100 468 2309 519 onmo.
2537 450 2629 519 Μ

400 583 547 659 sere
596 578 825 655 secula
874 579 1211 657 exclusive
1256 582 1473 678 viguit
1521 582 1592 656 in
1643 582 1970 669 ecclesia,
2035 586 2187 681 ipso
2238 586 2420 659 Cano
2469 602 2635 660 teste

403 695 542 769 hoc
568 695 719 793 ipso
740 692 860 767 lib.
884 694 1060 767 v111.
1095 721 1244 793 cap.
1273 696 1376 771 lv,
1403 712 1470 771 et
1493 697 1566 767 V.
1592 722 1726 770 non
1756 697 1974 794 potuit
1999 723 2131 771 non
2157 724 2311 772 esse
2334 700 2636 775 doctrina

407 809 736 891 ecclesiae
770 808 1014 907 ipsius.
1048 809 1245 896 Quod
1282 810 1341 885 si
1376 810 1766 887 scholastici
1819 811 1906 885 ad
1957 839 2168 886 unum
2218 839 2450 887 omnes
2485 842 2636 889 eon·

409 925 770 999 stituerunt
806 924 1171 1003 essentiam
1217 927 1617 1001 sacramenti
1662 928 2071 1001 matrimonii
2106 928 2178 1000 in
2211 943 2443 1003 mutuo
2475 954 2637 1003 conr

404 1038 815 1115 trahentium
866 1063 1202 1115 consensu
1228 1096 1247 1124 ‚
1306 1040 1598 1138 profecto
1650 1066 1783 1114 non
1832 1040 2003 1116 alios
2052 1041 2361 1116 eiusdem
2413 1070 2637 1117 sacra-

402 1152 609 1231 menti
662 1151 1012 1229 ministros
1082 1179 1287 1252 quam
1353 1153 1820 1231 contrahentes
1854 1213 1870 1242 ‚
1927 1180 2049 1228 nec
2098 1156 2301 1228 aliam
2353 1156 2632 1231 sormam

402 1280 673 1362 praeter
695 1265 899 1344 verba
926 1266 1177 1365 quibus
1202 1267 1600 1365 exprimitur
1622 1294 2023 1354 consensus,
2040 1295 2364 1367 quaerere
2381 1271 2485 1344 fas
2503 1286 2626 1343 est.

554 1381 873 1478 Superest
912 1397 988 1457 ut
1023 1380 1484 1479 expendamus
1527 1397 1751 1457 utrum
1795 1381 2032 1457 saltem
2072 1383 2429 1458 concilium
2484 1409 2637 1482 pro—

412 1495 695 1573 vinciale
756 1495 1183 1580 coloniense,
1238 1497 1423 1596 quod
1480 1495 1890 1572 celebratum
1945 1512 2048 1573 est
2093 1525 2206 1572 an.
2252 1500 2465 1575 1536.
2510 1499 2637 1572 sub

404 1609 916 1709 archiepiscopo
941 1611 1347 1697 Hermanno,
1383 1626 1615 1709 postea
1656 1611 2007 1688 lutherano
2039 1627 2375 1711 apostata,
2417 1639 2637 1687 reces-

404 1724 633 1798 serite
659 1725 997 1801 communi
1022 1781 1037 1810 ‚
1072 1724 1437 1799 immovero
1470 1725 1773 1801 unanimi
1810 1725 2267 1823 theologorum
2294 1726 2628 1813 doctrina,

402 1855 479 1917 ut
524 1838 869 1915 contendit
915 1838 1165 1915 Canus.
1200 1840 1325 1915 Hic
1371 1840 1552 1915 enim
1596 1839 1832 1915 scribit
1867 1840 2131 1917 loccit.
2161 1843 2432 1915 «Patres
2477 1842 2633 1915 item

403 1953 675 2032 concilii
728 1952 1137 2030 coloniensis
1187 1969 1413 2052 aperte
1466 1954 1889 2041 inficiantur,
1949 1955 2441 2030 clandestinum
2494 1982 2638 2028 ma-

406 2068 796 2145 trimonium
848 2093 1003 2147 esse
1054 2068 1325 2165 proprie
1366 2084 1898 2145 sacramentum:
1955 2080 2166 2168 atque
2210 2070 2415 2144 iidem
2465 2096 2635 2167 quo-

406 2208 551 2282 que
584 2207 717 2259 non
749 2182 1031 2261 obscure
1091 2198 1405 2260 asserunt
1424 2241 1439 2268 ‚
1495 2183 1679 2257 aliud
1730 2210 1882 2257 esse
1930 2185 2206 2257 verbum
2225 2241 2241 2270 ‚
2296 2209 2432 2282 quo
2478 2209 2638 2257 con—

416 2296 703 2373 trabitur
770 2298 1265 2373 matrimonium
1311 2354 1328 2383 ‚
1393 2296 1579 2370 aliud
1622 2355 1638 2384 ,
1713 2297 1897 2395 quod
1958 2297 2165 2369 efficit
2227 2297 2633 2368 matrimonii

410 2429 935 2489 sacramentum:
996 2439 1119 2488 nec
1166 2413 1334 2487 satis
1385 2438 1538 2487 esse
1589 2412 1677 2484 ad
1725 2426 2215 2485 sacramentum
2265 2437 2346 2484 ea
2392 2410 2629 2497 verba,

398 2527 660 2628 quibus
709 2545 983 2604 mutnus
1034 2556 1411 2605 consensus
1461 2529 1856 2629 exprimitur
1878 2586 1894 2615 ‚
1950 2526 2070 2601 sed
2122 2526 2308 2600 aliud
2358 2525 2636 2601 verbum

396 2643 919 2742 requirendum,
966 2644 1183 2743 quod,
1215 2660 1289 2718 ιιι
1323 2646 1393 2718 in
1418 2645 1657 2719 ceteris
1695 2643 2136 2718 sacramentis
2177 2642 2502 2731 accedens
2548 2643 2634 2720 ad

403 2757 810 2835 elementum
861 2759 1061 2834 faciat
1107 2774 1632 2844 sacramentum3
1676 2758 1857 2858 quod
1893 2759 2125 2858 utique
2158 2758 2434 2831 verbum
2475 2757 2632 2830 fidei

404 2889 547 2958 est,
594 2899 730 2949 non
784 2889 1082 2948 neutrae.
1119 2873 1414 2959 Quorum
1464 2875 1864 2947 sententiam
1917 2874 1987 2946 in
2037 2873 2164 2946 hoc
2213 2873 2492 2945 difficile
2534 2888 2638 2945 est

408 2988 585 3065 ῐωιιι
634 3013 769 3064 non
821 2987 1177 3087 probare.»

556 3102 736 3178 Haeo
794 3102 1070 3202 quidem
1119 3103 1383 3188 Canum
1449 3118 1555 3176 ast
1616 3101 1790 3173 nihil
1841 3101 1988 3174 tale*
2023 3100 2225 3173 habet
2272 3100 2630 3172 concilium

408 3215 791 3293 coloniense
815 3275 832 3304 ‚
876 3217 1059 3317 quod
1109 3233 1257 3292 octo
1306 3217 1525 3318 capita
1557 3216 1647 3289 de
1679 3216 2106 3290 matrimonio
2147 3214 2627 3313 complectitur.

412 3331 513 3406 Ad
562 3333 711 3408 eius
760 3333 1029 3409 concilii
1099 3332 1606 3430 intelligentiam
1668 3331 2083 3431 praemittam
2144 3354 2419 3401 necesse
2478 3343 2629 3413 est,

408 3448 596 3545 quod
642 3449 895 3548 passim
935 3447 1310 3531 insinuavi,
1353 3472 1592 3546 nempe
1622 3460 2113 3519 sacramentum
2165 3445 2365 3516 etiam
2416 3441 2639 3514 valide

412 3562 781 3638 confectum
808 3564 1089 3661 gratiam
1115 3589 1248 3637 non
1275 3562 1576 3636 conferre
1602 3577 1869 3662 propter
1890 3560 2177 3645 obicem,
2213 3559 2392 3630 hunc
2419 3572 2636 3629 autem

412 3678 570 3776 poni
594 3736 610 3763 ,
666 3680 724 3754 si
776 3679 1034 3780 absque
1082 3678 1546 3751 benedictione
1596 3676 1964 3751 sacerdotis
2016 3674 2440 3773 suscipiatur.
2492 3672 2639 3757 Qua

408 3793 991 3868 animadversione
1053 3793 1424 3894 praemissa
1455 3851 1471 3880 ‚
1545 3793 1742 3866 facile
1788 3807 1893 3866 est
1941 3790 2293 3864 ostendere
2345 3787 2514 3859 nihil
2570 3789 2636 3858 in

404 3907 696 3982 concilio
741 3907 1109 3982 coloniensi
1177 3907 1409 3981 haberi
1460 3905 1642 4006 quod
1693 3906 1875 3978 Cano
1938 3905 2175 3977 faveat.
2237 3903 2498 3975 Etenim
2570 3903 2636 3972 in

406 4047 560 4121 cap.
596 4023 725 4095 XL.
758 4023 941 4122 quod
982 4023 1179 4095 unice
1213 4021 1299 4094 ad
1339 4048 1477 4093 rem
1518 4034 1934 4120 praesentem
1973 4016 2162 4102 facit,
2205 4017 2370 4089 haec
2409 4017 2639 4111 legun-

413 4152 554 4210 tur:
620 4169 653 4207 «
688 4138 883 4224 Quod
934 4154 1455 4222 sacramentum,
1491 4137 1548 4208 si
1579 4136 1735 4234 quis
1758 4193 1774 4220 ‚
1805 4136 1982 4207 sicut
2006 4133 2234 4220 decet,
2265 4133 2632 4232 acceperit,

408 4253 745 4326 accedente
796 4252 1192 4326 sacerdotali
1245 4251 1660 4353 precatione,
1715 4250 1971 4323 confert
2020 4249 2267 4322 donum
2320 4247 2631 4347 SpirituS,

414 4393 551 4464 quo
598 4368 702 4440 vir
750 4367 989 4464 diligat
1037 4393 1304 4441 uxorem
1350 4392 1574 4440 amore
1605 4379 1829 4450 casto,
1862 4365 2036 4438 sicut
2060 4363 2367 4436 Christus
2401 4359 2638 4430 dilexit

2453 4477 2492 4515 ⁷*
