3276 5083
592 462 731 512 mr.
776 461 847 511 ιι.
890 461 969 510 nn
1006 459 1324 512 ιιιιιιετιιο.
1366 462 1507 513 aar.
1551 461 1621 512 ιι.
1666 461 1922 521 onusr.
1964 464 2369 516 rnoenrssus.
2526 445 2614 516 73

548 580 727 652 Licet
766 602 960 665 vero,
1002 579 1096 650 uti
1140 603 1222 650 ex
1259 578 1459 651 dictis
1495 594 1792 666 constat,
1839 578 2063 677 plures
2111 580 2398 680 theologi
2451 581 2614 657 Cani

398 693 830 769 adhaeserint
893 694 1294 780 sententiae,
1352 721 1718 794 numquam
1768 710 1991 768 tamen
2041 695 2389 770 definerunt
2436 700 2621 799 iique

406 837 541 884 non
593 810 818 910 pauci,
870 809 985 909 qui
1022 824 1160 881 tum
1195 836 1276 883 ea
1311 809 1458 910 ipsa
1481 868 1497 897 ,
1536 823 1677 883 tum
1710 810 1998 884 maxime
2030 811 2376 911 posteriori
2411 829 2624 888 aetate

405 925 496 999 ad
545 925 709 999 haec
755 951 972 1024 usque
1018 940 1317 1025 tempora
1366 926 1550 999 illius
1598 926 1900 1026 opinioni
1951 951 2103 1000 sese
2141 927 2384 1000 aeriter
2417 954 2622 1028 oppo-

402 1041 680 1114 suerint.
733 1039 881 1125 Quo
930 1040 1177 1113 factum
1227 1055 1379 1127 est,
1432 1055 1509 1113 ut
1555 1041 1832 1140 antiqua
1885 1040 2187 1115 doctrina
2249 1042 2323 1114 in
2371 1042 2625 1166 scholis

399 1154 751 1228 catholicis
803 1154 1219 1228 communior
1260 1180 1526 1255 semper
1570 1157 2149 1255 perseveraverit.

549 1270 643 1341 Ac
688 1269 906 1368 primo
955 1269 1229 1368 quidem
1280 1270 1782 1344 insurrexerunt
1829 1268 2155 1344 adversus
2196 1269 2450 1345 Canum
2491 1272 2626 1345 Do-

409 1383 696 1456 minicus
728 1384 909 1470 Soto,
955 1383 1074 1482 qui
1108 1383 1255 1457 eius
1291 1383 1687 1457 sententiam
1739 1409 2013 1484 prorsus
2062 1385 2468 1482 cinqularem
2514 1410 2626 1484 ap-

407 1497 676 1598 pellavit
729 1501 907 1593 (51).
954 1497 1405 1572 Bellarmiaus'
1445 1501 1590 1594 (52)
1621 1557 1638 1586 ‚
1686 1500 1989 1599 vasquez
2038 1501 2232 1595 (153),
2289 1499 2628 1600 Theophi-

406 1613 518 1687 lus'
560 1613 961 1715 Baynaudas
1025 1615 1171 1709 (54)
1197 1671 1213 1702 ,
1266 1614 1672 1688 Simonettus
1740 1616 1916 1710 (55),
1969 1615 2104 1687 Van
2157 1614 2379 1714 Espen
2435 1617 2618 1710 (56).

404 1729 543 1802 Hos
600 1728 922 1829 deinceps
981 1729 1246 1828 sequuti
1313 1744 1471 1803 sunt
1529 1728 1903 1802 Marhesius
1944 1787 1961 1817 ,
2030 1731 2272 1804 Pontas
2304 1786 2321 1817 ‚
2399 1744 2631 1803 auctor

410 1845 791 1942 Theoloqs‘ae
864 1846 1330 1942 petrocorensis
1368 1900 1386 1928 ,
1486 1845 1864 1942 Theoloqiae
1938 1845 2570 1944 qratianopolitanae
2598 1899 2619 1927 ‚

410 1958 677 2033 Pothier
726 2017 744 2045 ‚
816 1957 1191 2032 redactores
1253 1959 1695 2032 Callationum
1752 1958 2213 2057 andeqavcm„
2287 1957 2563 2031 Billuart
2601 2014 2620 2045 ,

405 2074 694 2173 theologi
768 2073 1396 2172 wirtemburgensee
1438 2132 1454 2161 ‚
1535 2073 1879 2172 Sardagna
1910 2132 1926 2161 ‚
2007 2073 2259 2174 aliique
2335 2072 2561 2173 plures
2602 2128 2621 2159 ,

411 2213 581 2288 quos
624 2189 784 2262 dum
843 2215 902 2262 s.
946 2188 1330 2289 Alphonsus
1380 2190 1478 2262 De
1527 2188 1789 2285 Ligorio
1844 2191 1989 2283 (57)
2046 2202 2348 2261 recenset
2395 2212 2474 2259 ae
2523 2211 2632 2259 se-

413 2304 677 2402 quitur,
733 2303 970 2377 horum
1017 2302 1416 2376 sententiam
1465 2302 1801 2374 moraliter
1838 2316 2076 2374 certam
2125 2300 2457 2373 affirmare
2498 2324 2631 2372 non

418 2417 701 2493 dubitat.

552 2532 1019 2613 Recentissimi
1079 2533 1279 2606 etiam
1332 2532 1691 2633 scriptores
1753 2529 2058 2604 eamdem
2124 2529 2447 2603 adversus
2504 2527 2634 2602 Ca-

406 2677 567 2722 num
617 2650 1021 2724 sententiam
1073 2662 1595 2750 propugnarunt.
1630 2648 1731 2719 Ex
1764 2646 2004 2719 horum
2038 2671 2314 2720 numero
2341 2650 2449 2719 'est
2479 2645 2635 2717 Fer·-

404 2761 746 2836 dinandus
794 2762 1047 2836 Walter
1092 2761 1441 2835 canonista
1478 2760 1854 2834 Bonnensis
1880 2817 1896 2846 ‚
1937 2760 2056 2860 'qui
2092 2775 2320 2834 censet
2366 2774 2634 2833 senten-

406 2878 569 2950 tiam
627 2876 716 2950 de
775 2876 1162 2977 presbytero
1218 2902 1342 2949 ceu
1399 2875 1706 2949 ministro
1767 2874 2163 2948 sacramenti
2222 2872 2626 2948 matrimonii

410 2992 696 3065 infirmis
748 2991 1028 3064 nimium
1063 2991 1391 3065 rationum
1418 2990 1783 3065 'momentis
1819 2989 1975 3076 niti;
2026 3005 2254 3063 contra
2284 2994 2445 3063 vero'
2474 2992 2630 3087 sen-

410 3106 678 3178 tentiam
704 3104 790 3179 de
824 3103 1368 3183 contrahentibus
1402 3103 1497 3175 uti
1535 3103 1861 3177 ministris
1886 3117 2028 3176 tum
2057 3117 2330 3176 naturae
2353 3102 2449 3174 rei
2475 3126 2634 3174 con-

407 3245 641 3315 gruere
666 3277 682 3306 ‚
726 3235 868 3292 tum
908 3218 1352 3292 validissimis
1396 3216 1615 3291 fulciri
1658 3218 2070 3315 argumentis
2104 3219 2279 3312 (58).
2303 3215 2636 3289 Etflenri·

424 3507 502 3557 vel
525 3520 608 3557 eos
625 3509 707 3572 qui
728 3510 962 3573 putarunt
979 3510 1279 3559 sacerdotem
1303 3512 1352 3559 et
1370 3509 1710 3560 contrahentes
1728 3508 2024 3558 constituere
2043 3508 2318 3558 ministrum
2339 3506 2539 3557 totalem
2556 3541 2571 3567 ,
2591 3507 2642 3557 et

420 3587 714 3651 completum
737 3590 883 3639 huius
897 3588 1220 3652 eminenti,
1249 3582 1491 3652 qnatenus
1524 3589 1867 3639 contrahentes
1896 3576 2211 3653 suppeditant
2244 3586 2529 3646 materiam,
2561 3597 2637 3636 sa·

413 3666 588 3718 cerdo·
606 3672 769 3720 autem
790 3670 1018 3720 formam.
1049 3672 1186 3728 Quae
1207 3672 1409 3733 prorsus
1428 3667 1642 3719 absurda
1662 3668 1907 3719 videntur.

555 3749 655 3811 (51)
687 3751 745 3799 ln
776 3753 824 3801 4.
844 3752 985 3801 sent.
1004 3748 1119 3800 dist.
1138 3756 1216 3800 26.
1239 3762 1291 3812 q.
1311 3756 1358 3800 2.
1374 3750 1471 3800 art.
1490 3754 1535 3798 3.

552 3828 654 3890 (52)
686 3830 762 3878 De
779 3831 1014 3879 matr-tm.
1034 3841 1142 3893 cap.
1166 3831 1213 3879 7.
1238 3829 1289 3878 et
1317 3835 1362 3881 8.

553 3908 655 3971 (53)
688 3911 764 3958 Dc
780 3910 1013 3958 matrim.
1032 3907 1161 3972 disp.
1185 3914 1232 3958 ³.
1254 3906 1373 3957 duh.
1397 3913 1444 3957 5.

550 3986 652 4049 (54)
684 3988 740 4036 ln
761 3986 1098 4037 Παίονα-ἱππ
1112 3985 1382 4051 sper-scunt.
1407 3986 1588 4049 puncto
1612 3989 1687 4035 1⁴.
1712 3998 1826 4048 opp.
1849 3988 1969 4036 tom.
1987 3987 2114 4035 xvl.

552 4066 654 4128 (55)
688 4068 828 4116 lust.
849 4066 1005 4117 theol.
1030 4069 1152 4117 tom.
1174 4068 1264 4117 111.
1282 4067 1426 4117 tract.
1448 4073 1522 4118 18.
1539 4064 1670 4128 disp.
1690 4067 1732 4116 1.
1754 4066 1847 4115 art.
1866 4073 1913 4116 2.

555 4147 657 4209 (5ο)
689 4149 787 4198 lus
806 4146 1092 4200 xckstast.
1115 4149 1267 4198 nutv.
1289 4148 1411 4199 tom.
1429 4148 1472 4197 1.
1495 4146 1623 4209 part.
1644 4146 1709 4196 u.
1733 4146 1814 4197 tit.
1831 4149 1910 4196 72.
1931 4158 1978 4196 c.
2002 4152 2048 4197 3.

553 4226 653 4288 (57)
684 4226 889 4278 Dissert.
910 4227 997 4277 cit.
1018 4240 1067 4277 n.
1093 4231 1201 4278 397.

556 4305 657 4366 (55)
688 4306 745 4355 Ιιι
776 4318 860 4369 op.
879 4317 1031 4367 genn.
1058 4304 1311 4357 Manuale
1342 4308 1477 4357 ium
1509 4303 1794 4357 ecclesiast.
1818 4307 2013 4357 Bonnae
2038 4313 2173 4359 1829.
2193 4305 2240 4369 §-
2263 4311 2371 4358 διο.
2397 4317 2507 4369 pag.
2532 4309 2641 4356 563.

414 4392 521 4436 555.
546 4388 650 4437 not.
670 4386 760 4450 (ο).
