3276 5083
627 415 765 468 011».
798 415 889 467 ιν.
922 415 1001 466 nn
1025 413 1261 468 1110011.
1287 414 1404 467 rao
1430 414 1588 467 111111
1611 415 1694 466 ne
1717 415 1907 467 um.
1932 416 2060 467 ow.
2092 416 2234 467 aar.
2266 416 2361 468 111.
2496 395 2628 467 439

438 550 511 609 et-
557 532 861 607 mulieris
923 546 1185 632 praeter
1251 544 1762 608 sacramentum
1791 532 2324 609 coniunctionem
2346 592 2363 622 ,
2433 559 2639 610 omns-

437 669 690 734 cnuous
740 673 927 725 1111111
976 660 1200 724 emus
1249 673 1425 725 10010
1450 673 1784 724 1111101111
1811 707 1827 736 ‚
1881 649 2054 722 nibil
2104 648 2288 723 aliud
2325 675 2480 724 esse
2504 652 2638 725 nisi

439 779 698 866 turpem
737 781 938 865 atque
968 764 1302 839 exitialem
1338 774 1819 841 concunmnuu
1853 765 1942 838 ab
1983 764 2268 841 ecclesia
2299 781 2642 867 tantopere

438 880 1004 970 (1001001001,οο
1052 880 1333 980 proinde
1380 908 1441 953 0
1470 881 1805 1013 coniugali
1865 881 2113 981 foedere
2170 897 2644 1007 sacramentnm
2729 945 2737 965 ,

437 998 737 1093 separari
778 1023 1132 1096 numquam
1156 1021 1343 1095 posse
1374 998 1652 1092 (121).»
2217 1038 2218 1041 =

584 1111 777 1187 Hinc
804 1127 986 1213 patet
1025 1111 1191 1211 quid
1234 1112 1773 1213 respondendum
1823 1113 1913 1186 sit
1959 1112 2150 1186 alteri
2202 1112 2483 1198 oratori,
2526 1112 2644 1212 qui

437 1227 591 1301 ideo
628 1226 843 1323 legem
892 1241 1113 1300 tuetur
1158 1251 1311 1300 esse
1360 1225 1760 1301 catholicam
1784 1282 1800 1310 ‚
1850 1225 2013 1325 quia
2059 1225 2136 1298 de
2185 1226 2310 1326 fide
2360 1232 2494 1299 non
2545 1232 2647 1298 es't

424 1341 745 1416 doctrina
779 1398 796 1428 ,
848 1367 1025 1441 quae
1072 1340 1160 1414 d'e
1207 1350 1548 1415 contractu
1598 1366 1680 1415 ac
1727 1358 2142 1415 sacramento
2203 1367 2410 1414 unam
2476 1348 2650 1414 eam-

438 1455 733 1556 demque
779 1483 921 1531 rem
970 1456 1179 1530 efficit
1209 1515 1225 1544 ,
1280 1471 1349 1530 et
1406 1456 1570 1555 quia
1618 1456 1953 1530 contraria
2008 1456 2211 1529 etiam
2269 1454 2501 1554 opinio
2549 1470 2654 1528 est

440 1571 609 1643 meis
652 1570 1003 1645 catholica.
1057 1569 1382 1643 Nimirum
1435 1569 1742 1643 doctrina
1766 1626 1784 1656 ,
1841 1595 2016 1669 quae
2064 1570 2153 1642 de
2199 1584 2540 1643 contractu
2586 1584 2655 1642 et

428 1700 859 1760 sacramento
899 1692 1102 1759 unam
1142 1685 1581 1784 eamdemque
1608 1711 1748 1759 rem
1771 1685 1984 1759 efficit
2003 1700 2109 1758 est
2129 1684 2432 1758 doctrina
2463 1710 2648 1772 vera,

441 1816 623 1874 certa
645 1855 663 1888 ,
720 1815 791 1874 et
836 1800 1170 1875 catholica
1190 1858 1208 1887 ,
1262 1825 1345 1874 ac
1392 1800 1637 1875 tradita
1677 1808 2070 1900 assertaque
2114 1800 2501 1874 solemniter
2518 1857 2534 1888 ,
2573 1815 2657 1872 ut

440 1913 640 1995 modo
685 1914 982 1989 vidimus
1001 1972 1018 2001 ‚
1055 1913 1142 1988 ab
1169 1913 1541 2012 apostolica
1583 1913 1748 1987 sede
1785 1914 1969 1987 iuxta
2017 1918 2412 2013 perpetuum
2453 1912 2660 1987 eccle-

444 2029 589 2101 siae
638 2054 912 2102 sensum
964 2029 1033 2099 in
1084 2028 1416 2125 coniugiis
1468 2027 2013 2101 christianorum.
2049 2029 2192 2101 Hoc
2240 2028 2436 2102 nobis
2487 2028 2656 2101 satis

444 2156 569 2216 est.
620 2140 691 2214 Si
740 2167 876 2240 qua
926 2140 1016 2214 sit
1064 2138 1340 2214 tolerata
1388 2141 1832 2241 quorumdam
1882 2142 2112 2241 opinio
2152 2142 2493 2215 'contraria
2519 2198 2535 2229 ,
2577 2167 2659 2214 ea

440 2269 549 2328 est
593 2254 808 2353 salsa,
863 2253 1207 2327 doctrinae
1252 2253 1663 2353 apostolicae
1705 2254 1889 2328 sedis
1926 2254 2281 2327 adversans
2303 2310 2323 2340 ,
2359 2280 2484 2328 nec
2508 2279 2662 2354 pro-

444 2370 604 2444 inde
648 2372 813 2444 mtis
860 2369 1217 2454 catholica,
1277 2370 1413 2442 imo
1462 2369 1649 2444 nullo
1699 2371 1901 2443 modo
1949 2369 2280 2444 catholica
2327 2373 2456 2444 est.

592 2483 790 2572 Quod
838 2483 1115 2558 demum
1160 2482 1328 2558 alter
1377 2500 1601 2559 orator
1642 2484 1954 2586 protulit,
1988 2510 2227 2586 nempe
2255 2485 2471 2583 legem
2508 2509 2661 2584 pro-

436 2601 737 2701 positam
775 2625 911 2674 non
954 2598 1142 2699 loqui
1195 2599 1329 2673 nisi
1379 2599 1466 2673 de
1517 2600 1851 2698 coniugiis
1899 2601 2206 2697 leqitimis
2227 2655 2247 2683 ‚
2306 2598 2663 2674 concilium

444 2741 601 2791 vero
649 2716 738 2790 de
785 2715 898 2789 his
950 2741 1085 2788 non
1135 2715 1473 2790 disserere
1495 2774 1511 2802 ‚
1562 2714 1742 2788 sacili
1790 2716 2062 2812 negotio
2114 2714 2459 2788 refellitur.⁴
2490 2715 2666 2787 Sane

442 2857 737 2931 quanam
791 2831 1045 2906 ratione
1088 2829 1193 2902 lex
1244 2829 1429 2930 loqui
1494 2845 1716 2929 potest
1762 2831 1849 2904 de
1896 2829 2227 2927 coniugiis
2289 2829 2608 2926 legitimis
2642 2887 2657 2915 ‚

446 2945 510 3018 si
553 2944 692 3017 alia
740 2971 875 3018 non
931 2944 1179 3017 dantur
1240 2944 1579 3042 coniugia.
1609 2944 1912 3042 legitima
1972 2947 2234 3044 praeter
2291 2970 2372 3017 ea
2404 3000 2420 3031 ‚
2484 2970 2660 3042 quae

444 3059 1009 3133 coram1ecclesia
1057 3059 1481 3133 celebrantur
1501 3059 1538 3131 P
1562 3055 1676 3132 'At
1718 3060 1885 3134 forte
1928 3063 2150 3135 orator
2205 3085 2286 3132 ea
2341 3085 2509 3133 voce
2565 3058 2661 3148 si·-

446 3173 769 3270 gnificare
816 3172 1029 3248 voluit
1076 3174 1388 3271 coniugia
1442 3175 1718 3272 leqalia,
1762 3199 1937 3273 quae
1973 3171 2229 3248 seilicet
2263 3199 2304 3245 a
2339 3171 2486 3246 sola
2518 3171 2663 3269 lege

448 3290 636 3363 civili
671 3288 1058 3391 probantur.
1110 3288 1231 3362 Ast
1266 3290 1600 3365 eiusmodi
1652 3291 1968 3388 coniugia
2020 3316 2155 3364 non
2205 3302 2664 3387 agnoscuntur

450 3404 538 3478 ab
589 3403 912 3490 ecclesia,
977 3411 1154 3504 quae
1204 3430 1286 3478 ea
1327 3407 1557 3480 omnia
1596 3407 1868 3479 omnino
1920 3407 2174 3506 respuit
2219 3421 2299 3477 ut
2349 3404 2537 3475 irrita
2588 3428 2668 3476 ac

450 3517 674 3592 nulla:
728 3535 934 3618 atque
964 3544 1046 3592 ex
1082 3517 1211 3593 hoc‘
1260 3519 1412 3618 ipso
1455 3536 1637 3619 patet
1678 3521 2088 3620 propositam
2113 3519 2330 3642 legem
2357 3543 2530 3590 esse
2537 3518 2667 3588 im·-

448 3632 865 3730 probandam
916 3641 1255 3762 tamquam
1305 3633 1884 3722 anticatholicam,
1938 3649 2164 3734 utpote
2215 3660 2388 3733 quae
2438 3649 2669 3770 aucte-

454 3745 630 3820 rituti
688 3748 1106 3822 oecumenici
1156 3748 1427 3822 concilii
1478 3749 1892 3822 adversetur.

598 3862 831 3960 Itaque
870 3861 999 3936 hoc
1033 3889 1302 3964 semper
1344 3864 1479 3937 alta
1511 3881 1733 3938 mente
1767 3879 2105 3963 repostum
2139 3861 2499 3938 tenendum
2529 3865 2661 3947 est}

450 3973 776 4049 nonalia
825 3975 974 4048 dari
1025 4002 1185 4051 vera
1234 4003 1313 4051 ac
1364 3976 1664 4075 legitima
1715 3978 2028 4075 coniugia
2051 4035 2067 4065 ,
2125 3977 2328 4076 qua‘m
2371 3979 2545 4076 quse
2583 3975 2670 4048 ab

452 4087 743 4166 eeclesia
784 4088 1084 4178 admissa
1122 4107 1284 4166 sunt
1314 4118 1395 4165 ac
1433 4091 1736 4191 probata.
1781 4092 1857 4164 In
1885 4091 2024 4166 illis
2051 4092 2257 4190 igitur
2279 4090 2669 4212 regionibus

599 4271 731 4348 (121)
764 4269 1320 4327 numanum.
1348 4243 2139 4366 Ρο1.1.1855.ρ.888..41100111’
2157 4279 2213 4327 tn
2237 4277 2444 4327 comm
2467 4275 2652 4328 secret.

448 4348 617 4401 hubin
634 4351 810 4403 diem.
826 4352 958 4416 Sept.
981 4358 1115 4404 1⁸⁸².
