3276 5083
516 479 655 529 cn.
689 478 754 526 v.
791 476 871 526 ns
904 475 1142 528 umlsr.
1176 476 1485 529 com-ma.
1522 480 1663 531 aar.
1689 480 1783 530 ιιι.
1816 478 2054 531 Anaua.
2088 482 2315 533 ruam..
2418 460 2560 529 169

339 609 654 697 possunt.
711 593 904 667 Unde
961 619 1117 667 vero
1178 596 1508 670 eiusmodi
1560 612 1664 670 est
1725 596 2083 697 petendum
2147 599 2506 672 discrimen
2540 602 2558 685 ’,

343 712 486 784 nisi
526 709 701 809 quod
754 707 1128 781 infidelium
1179 711 1563 807 coniugium
1615 711 1795 784 sistit
1843 711 1910 782 in
1963 712 2143 783 nuda
2193 728 2563 787 contractus

343 822 694 908 naturalis,
727 837 840 894 aut
888 822 1106 895 civilis
1158 823 1539 897 conditione
1560 881 1576 912 ‚
1615 840 1845 898 contra
1873 849 2031 900 vero
2060 826 2369 922 coniugia
2402 826 2568 899 fide—

343 937 511 1009 lium
556 937 758 1009 etiam
801 936 952 1007 sine
989 936 1356 1011 sacerdotis
1408 940 1788 1038 praesentia
1826 938 2022 1026 inita,
2066 938 2352 1012 induunt
2384 965 2569 1039 prae-

341 1068 525 1125 terea
556 1049 950 1150 qualitatem
987 1054 1424 1140 sacramenti,
1460 1080 1581 1128 seu
1609 1053 1881 1127 totidem
1918 1070 2336 1127 sacramenta
2368 1054 2569 1137 sunt?

337 1165 526 1239 Haec
557 1179 664 1238 est
697 1165 891 1253 ratio,
920 1191 1057 1264 qua
1082 1166 1425 1240 tridentini
1452 1185 1677 1266 patres
1704 1168 1980 1267 permoti
2009 1185 2202 1256 sunt,
2242 1194 2393 1241 cum
2427 1168 2568 1242 vel-

329 1281 480 1354 lent
516 1279 938 1353 clandestina
973 1282 1287 1378 coniugia
1327 1283 1513 1356 irrita
1540 1284 1759 1356 facere
1781 1341 1797 1370 ‚
1829 1300 1903 1356 ut
1927 1282 2280 1357 redderent
2303 1299 2568 1356 contra-.-

343 1396 586 1469 hentes
626 1393 968 1468 inhabiles
1012 1395 1097 1467 ad
1133 1412 1542 1470 contractum
1565 1455 1579 1484 ,
1628 1399 1929 1496 adeoque
1959 1399 2043 1471 ad
2077 1402 2567 1472 sacramentum

339 1508 767 1582 efficiendum
786 1566 802 1595 ,
836 1510 962 1582 rati
994 1509 1181 1583 nulla
1205 1510 1338 1583 alia
1372 1512 1625 1585 ratione
1656 1511 1991 1585 connubia
2017 1512 2433 1586 clandestina
2458 1538 2567 1585 se-

341 1623 476 1698 mel
509 1624 674 1697 inita
704 1649 906 1723 posse
947 1624 1267 1712 dissolvi,
1304 1652 1383 1698 eo
1431 1626 1613 1727 quod
1652 1643 1880 1726 utpote
1914 1644 2360 1715 sacramenta,
2406 1634 2567 1701 vera

343 1764 424 1812 ac
490 1754 634 1812 rata
695 1740 833 1811 sint
873 1796 888 1824 ,
956 1764 1035 1812 ac
1098 1756 1443 1840 propterea
1505 1742 1828 1815 ecclesiae
1887 1744 2195 1842 potestati
2261 1743 2388 1816 sub
2438 1743 2569 1816 hoc

345 1870 653 1956 respectu
686 1855 1024 1929 subtracta
1065 1860 1132 1950 (ὅ
1146 1859 1241 1951 4).
1274 1858 1511 1930 Verum
1566 1858 1651 1932 de
1702 1859 1830 1931 hoc
1880 1876 2270 1956 argumento
2319 1860 2510 1934 alias.

485 1971 572 2043 Et
604 1970 774 2043 haec
808 1968 896 2042 de
929 1972 1341 2067 argumentis
1392 1972 1787 2070 theologicis
1818 1999 1938 2074 pro
1965 1974 2267 2046 doctrina
2294 1974 2379 2046 de
2402 1974 2569 2047 solis

341 2083 891 2158 contrahentibus
926 2110 1049 2158 ceu
1084 2088 1480 2158 sacramenti
1521 2088 1922 2160 matrimonii
1954 2088 2281 2161 ministris
2308 2145 2323 2173 ‚
2356 2115 2561 2187 quae,

344 2200 407 2273 si
445 2199 570 2272 rite
600 2198 1111 2299 perpendantur,
1154 2198 1352 2272 talem
1398 2201 1855 2300 praeseferunt
1887 2201 2288 2274 evidentiam
2311 2257 2327 2286 ,
2375 2215 2448 2272 ut
2481 2200 2568 2272 ad

341 2337 499 2386 eam
523 2311 991 2386 admittendam
1018 2312 1120 2387 vel
1151 2314 1337 2413 ipsos
1364 2313 1760 2387 reluctantes
1785 2315 2271 2413 quadamtenus
2298 2320 2561 2410 cogant,

1193 2483 1607 2541 ARTICULUS
1645 2484 1739 2539 lv.

694 2629 1187 2707 Argumentorum
1221 2629 1522 2705 utriusque
1560 2630 1875 2690 sententiae
1900 2630 2178 2705 epicrlsts.

490 2777 726 2854 Maiori
780 2806 916 2880 quo
968 2781 1152 2881 potui
1206 2781 1417 2853 animi
1470 2782 1764 2854 candore
1812 2796 1877 2854 et
1927 2781 2406 2881 perspicuitate
2462 2807 2570 2854 ar-

344 2911 662 2993 gumenta
699 2897 768 2967 in
805 2896 1102 2969 medium
1141 2897 1383 2997 protuli
1421 2913 1489 2970 et
1523 2897 1827 2998 exposui,
1870 2924 2045 2998 quae
2079 2897 2302 2971 afferri
2355 2896 2576 2971 solent

343 3008 430 3081 ab
480 3010 833 3108 utriusque
882 3010 1250 3083 sententiae
1318 3010 1954 3110 adstipulatoribus3
2012 3026 2151 3084 tum
2203 3036 2443 3110 nempe
2492 3039 2573 3083 ex

345 3125 736 3197 auctoritate
782 3123 1035 3197 biblica
1077 3140 1144 3198 et
1193 3124 1642 3214 traditionali,
1676 3141 1814 3198 tum
1852 3152 1932 3199 ex
1967 3126 2124 3199 aliis
2163 3123 2574 3221 theologicae

345 3235 751 3338 disciplinae
784 3237 1122 3325 fontibus,
1176 3265 1257 3311 ex
1307 3237 1632 3313 ecclesiae
1682 3239 2014 3314 sentiendi
2066 3254 2132 3312 et
2180 3237 2575 3335 agendixra-

347 3352 527 3424 tione
549 3408 565 3438 ,
608 3377 691 3423 ex
731 3353 1307 3426 oecumenicorum
1358 3353 1794 3426 conciliorum
1846 3353 2148 3426 doctrina
2169 3411 2184 3440 ,
2242 3367 2442 3450 atque
2490 3378 2574 3424 ex

347 3465 536 3539 sedis
562 3465 966 3566 apostolicae
992 3491 1196 3539 sensu
1222 3481 1287 3539 et
1313 3467 1525 3566 praxi.
1559 3466 1869 3540 Discussi
1897 3466 2064 3539 haec
2096 3467 2324 3541 omnia
2359 3490 2574 3563 aequa

345 3578 577 3667 lance,
639 3579 947 3678 vimque,
1005 3594 1120 3653 aut
1170 3580 1623 3653 infirmitatem
1677 3580 2091 3678 singulorum
2118 3581 2188 3651 in
2225 3577 2574 3679 propatulo

347 3694 696 3769 constitui.

497 3808 690 3882 Nunc
723 3824 1019 3908 praestat
1053 3835 1136 3883 ex
1178 3809 1562 3885 eorumdem
1606 3811 1694 3884 ad
1737 3811 2028 3884 invicem
2070 3808 2420 3882 collatione
2457 3834 2578 3881 va-

350 3921 559 3996 lorem
599 3921 980 3996 absolutum
1018 3910 1332 4021 colligere
1349 3980 1365 4010 ,
1404 3938 1479 3996 ut
1522 3949 1751 3997 veram
1805 3924 2272 3997 nanciscamur
2318 3937 2579 3996 senten·

353 4036 538 4109 tiam.
583 4038 788 4111 Porro
813 4038 872 4110 si
901 4053 1122 4111 mente
1148 4038 1533 4138 anticipatis
1585 4038 1859 4112 iudiciis
1907 4062 2119 4114 vacua
2149 4036 2318 4110 haec
2342 4063 2581 4137 expen-

352 4150 598 4225 dantur
619 4210 635 4240 ‚
678 4152 931 4253 patebit
966 4152 1129 4225 Cani
1163 4153 1562 4228 sententiam
1613 4154 1827 4228 fuisse
1873 4153 2150 4227 omnino
2197 4175 2473 4239 novam,
2516 4167 2584 4225 et

358 4267 683 4343 hactenus
740 4269 809 4340 in
860 4267 1145 4342 ecclesia
1197 4269 1565 4348 inauditam
1588 4329 1604 4359 ,
1661 4271 1980 4371 omnique
2033 4295 2308 4372 prorsus
2360 4266 2583 4345 solido

499 4420 602 4483 (5⁴)
628 4423 701 4474 De
718 4422 932 4474 matrim.
958 4433 1067 4486 cap.
1085 4422 1196 4471 vn.
