3276 5083
642 438 729 507 92
1029 459 1151 508 un.
1197 459 1242 506 1.
1286 455 1456 507 sacr.
1500 460 1547 503 ι.
1591 456 1670 506 ns
1721 456 1981 508 nram.
2016 457 2442 509 εΔοιιΑιεΝτο.

636 592 837 650 stram
873 591 939 648 et
973 577 1313 649 insinuare
1340 561 1710 662 fidelihus,
1752 591 1817 648 et
1851 561 2139 673 graviter
2188 575 2274 648 ab
2325 575 2704 650 infidelium
2745 602 2863 650 ca-

635 691 914 764 lumniis
965 675 1328 763 vindicare.

786 805 1134 878 Eiusmodi
1187 820 1341 878 sunt
1391 821 1812 901 argumenta,
1839 847 1844 854 ·
1870 831 2042 905 quae
2076 832 2156 879 ex
2199 803 2610 900 theologicae
2659 805 2864 878 disci—

640 919 869 1019 plinae
918 945 1095 1017 penu
1144 918 1363 991 attulit
1407 918 1633 992 Canus
1686 920 1771 991 ad
1824 946 2012 992 suam
2067 918 2464 990 firmandam
2519 916 2864 991 stabilien-

638 1034 931 1133 damque
967 1031 1361 1104 sententiam
1398 1031 1483 1102 de
1515 1033 1831 1104 connubii
1870 1033 2218 1105 christiani
2256 1033 2595 1118 ministro,
2636 1030 2863 1130 deque

638 1147 1066 1220 distinctione
1116 1145 1467 1244 profanum
1519 1145 1693 1218 inter
1741 1169 1818 1219 ac
1867 1146 2128 1218 civilem
2180 1160 2613 1230 contractum,
2653 1160 2721 1217 et
2754 1170 2864 1216 sa-

636 1274 1043 1334 cramentum
1083 1260 1254 1331 inter
1288 1258 1543 1331 fideles.
1580 1258 1729 1345 His,
1772 1284 1947 1357 quae
1988 1285 2068 1331 ex
2104 1258 2286 1331 Cano
2322 1258 2691 1345 retulimus,
2737 1259 2859 1357 qui

641 1375 789 1446 eius
840 1361 1241 1472 opinionem
1279 1372 1544 1471 sequuti
1598 1385 1757 1444 sunt
1789 1396 1923 1444 non
1958 1398 2170 1471 pauca
2204 1371 2625 1456 adiecerunt,
2682 1396 2857 1470 quae

642 1487 1042 1585 negligenda
1090 1487 1370 1558 minime
1419 1512 1569 1559 esse
1619 1486 2033 1559 censuimus.

783 1602 1143 1699 Praecipua
1184 1601 1351 1674 haec
1401 1616 1589 1686 sunt;
1647 1600 1929 1673 ecclesia
1979 1599 2345 1701 aliquando
2394 1600 2733 1698 indulget,
2784 1616 2860 1673 ut

637 1715 948 1812 coniugia
979 1716 1186 1787 mixta
1214 1707 1395 1786 ¹inter
1428 1714 1827 1787 catholicum
1854 1730 1920 1787 et
1944 1714 2379 1788 acatholicum
2413 1714 2850 1800 celebrentur,

638 1844 704 1901 et
751 1828 1092 1900 viceversa
1140 1819 1335 1900 inter
1361 1819 1801 1901 acatholicum
1852 1843 1916 1901 et
1964 1828 2395 1916 catholicam3
2436 1818 2571 1900 iam
2604 1853 2764 1901 vero
2795 1827 2856 1901 si

640 1942 1105 2016 contrahentes
1154 1958 1383 2016 essent
1430 1935 1635 2015 huius
1689 1935 2085 2016 sacramenti
2137 1943 2463 2028 ministri,
2507 1943 2576 2014 in
2610 1941 2859 2040 duplex

644 2058 1055 2132 incurrerent
1102 2057 1566 2154 sacrilegium,
1598 2051 1789 2157 'quod
1825 2049 2138 2130 alteruter
2168 2084 2206 2129 e
2238 2057 2505 2142 duobus
2539 2049 2850 2155 patraret.

785 2173 1086 2258 Addunt,
1128 2165 1326 2245 talem
1359 2165 1763 2246 consensum
1794 2199 1914 2272 per
1937 2173 2132 2269 signa
2165 2163 2434 2245 externa
2466 2195 2859 2268 expressum

642 2287 824 2359 haud
876 2313 1028 2360 esse
1076 2311 1276 2386 posse
1325 2279 1721 2360 sacramenti
1773 2287 2052 2359 formam
2090 2285 2246 2357 inde
2280 2300 2503 2384 aperte
2552 2283 2851 2371 suaderi,

640 2401 823 2500 quod
875 2417 1029 2473 ante
1075 2400 1513 2472 tridentinum
1555 2398 1796 2498 copula
1831 2398 2176 2496 sponsalia
2219 2398 2637 2496 subsequens
2673 2423 2860 2498 prae·

638 2515 1022 2616 sumptione
1072 2517 1238 2587 iuris
1275 2514 1448 2586 etde
1485 2517 1625 2586 iure
1676 2507 2017 2613 perficeret
2066 2514 2598 2599 matrimonium;
2661 2538 2860 2588 nemo

633 2658 832 2731 porro
896 2632 1029 2703 nisi
1100 2630 1391 2703 absurde
1457 2629 1701 2701 dixerit
1761 2629 1936 2702 hanc
1983 2629 2192 2702 fuisse
2256 2631 2647 2703 sacramenti
2725 2629 2861 2704 for-

643 2770 819 2816 mam
852 2747 1028 2839 (19).

785 2860 1160 2944 Praeterea;
1210 2874 1393 2932 extra
1440 2884 1706 2933 omnem
1743 2860 1879 2932 sere
1913 2861 2427 2933 controversiam
2480 2874 2615 2946 est,
2673 2858 2853 2932 haud

641 2997 856 3073 pauca
921 2973 1434 3048 christianorum
1499 2974 1810 3071 coniugia
1882 2976 2261 3048 necessario
2328 2999 2686 3074 exposcere
2750 2974 2859 3045 di·-

642 3087 1064 3160 stinctionem
1129 3089 1300 3159 inter
1364 3103 1770 3161 contractum
1831 3104 1898 3161 et
1956 3104 2442 3162 sacramentum
2470 3145 2485 3174 ,
2553 3089 2857 3187 adeoque

640 3227 770 3274 non
799 3202 1025 3275 omnia
1050 3201 1567 3276 christianorum
1595 3203 2019 3276 matrimonia
2043 3227 2200 3275 vera
2225 3228 2376 3275 esse
2402 3215 2815 3274 sacramenta
2835 3256 2851 3287 ,

643 3332 837 3415 prout
886 3317 1327 3402 contendunt,
1384 3318 1499 3417 qui
1552 3317 2015 3391 contrahentes
2065 3318 2405 3391 ministros
2456 3342 2603 3390 esse
2653 3316 2857 3390 huius

639 3432 1038 3504 sacramenti
1068 3448 1434 3504 autumant.
1478 3433 1741 3504 Etenim
1777 3433 1935 3505 talia
1968 3434 2301 3505 censenda
2336 3450 2493 3505 sunt
2524 3458 2639 3518 ea,
2680 3458 2856 3532 quae

635 3561 790 3618 ante
815 3546 1249 3620 tridentinum
1276 3546 1688 3633 obtinebant,
1712 3572 2020 3645 quaeque
2047 3540 2268 3635 tacita,
2287 3574 2408 3619 seu
2428 3562 2858 3646 praesumpta

631 3659 1069 3746 vocabantur,
1110 3675 1184 3733 ut
1217 3662 1286 3731 in
1322 3660 1547 3758 specie
1580 3687 1730 3760 cap.
1765 3662 1897 3732 XV.
1935 3662 2049 3731 21.
2085 3660 2234 3733 coll.
2267 3661 2430 3731 XIV.
2466 3686 2616 3759 cap.
2649 3661 2846 3731 XXX.

636 3790 702 3846 et
749 3775 1010 3846 XXXII.
1056 3778 1153 3849 De
1201 3776 1651 3874 sponsalibus;
1706 3776 1873 3847 haec
1931 3792 2150 3847 autem
2199 3773 2578 3847 oriebantur
2646 3775 2857 3874 potis·

632 3888 876 3961 simum
926 3916 1008 3962 ex
1056 3891 1373 3964 diuturna
1422 3916 1650 3965 eorum
1700 3890 2188 3963 cohabitatione
2211 3946 2226 3975 ,
2268 3890 2385 3988 qui
2422 3905 2653 3965 mutuo
2702 3914 2857 3964 sese

633 4003 953 4076 haberent
988 4022 1325 4106 tamquam
1360 4008 1575 4080 virum
1610 4022 1676 4080 et
1709 4031 2005 4079 uxorem.
2043 4004 2191 4090 Quo
2224 4004 2294 4074 in
2330 4030 2491 4077 casu
2525 4031 2720 4079 nemo
2756 4004 2856 4076 fa-

631 4116 757 4190 cile
802 4120 1118 4217 percipit,
1167 4121 1496 4220 quomodo
1518 4180 1533 4209 ,
1571 4122 1677 4195 vel
1714 4147 1862 4220 quo·
1884 4137 2180 4217 tempore
2215 4136 2702 4193 sacramentum
2738 4136 2853 4192 aut

771 4306 871 4368 (19)
902 4306 978 4355 lta
994 4306 1158 4355 carol.
1184 4307 1383 4358 Blascus
1403 4308 1453 4357 in
1473 4322 1553 4371 op.
1580 4306 1824 4370 opusculi
1845 4308 2082 4355 canonici
2099 4309 2277 4356 slortei
2298 4308 2487 4356 critici.
2511 4306 2686 4370 Napoli
2716 4310 2846 4357 1758.

632 4386 749 4435 tom.
778 4388 817 4436 1.
841 4384 1061 4436 Diatriba
1077 4387 1138 4434 V.
1164 4388 1241 4435 Dc
1257 4386 1497 4437 secundis
1525 4387 1727 4447 nuptiis
1747 4398 1852 4447 pag.
1881 4390 1972 4435 252
1997 4398 2132 4448 seqq.
