3276 5083
616 451 754 523 162
1009 471 1131 521 un.
1176 471 1221 521 ι.
1265 471 1436 520 secr.
1482 471 1527 518 1.
1573 467 1653 518 nt:
1689 469 1950 518 nram.
1993 465 2423 516 sicininum.

613 587 939 690 pientium
991 588 1503 688 dispositionem
1541 584 1858 658 detestari
1896 584 1980 656 ad
2027 609 2178 672 eum
2215 581 2515 668 modum,
2558 608 2694 680 quo
2724 583 2856 655 de-

614 720 894 777 testatur
943 702 1501 788 communionem,
1563 717 1678 773 aut
1727 699 2219 772 confessionem
2272 696 2698 794 sacrilegam.

757 817 1012 891 Obiicit
1059 832 1403 917 praeterea
1453 813 1862 888 matrimonii
1903 826 2311 886 contractum
2349 836 2484 883 non
2518 811 2851 910 distingui

613 961 652 1006 a
694 949 1110 1007 sacramento
1133 989 1149 1019 ,
1185 931 1530 1005 etidcirco
1563 931 1622 1003 si
1660 928 1987 1002 ecclesiae
2029 927 2310 1000 facultas
2356 953 2500 1006 non,
2531 929 2856 1027 competit

614 1048 916 1124 mutandi
981 1049 1379 1122 sacramenti
1417 1104 1433 1133 ,
1495 1071 1720 1145 neque
1773 1044 2022 1145 pariter
2080 1042 2362 1115 facultas
2410 1043 2480 1118 ei.
2537 1061 2886 1144 suppetet·
2935 1095 2938 1096 ν

612 1164 913 1237 mutandi
951 1178 1329 1237 contractus
1356 1190 1371 1247 ;
1413 1177 1528 1234 aut
1560 1176 1736 1233 certe
1761 1185 1841 1233 ea
1866 1159 2145 1232 mutatio
2178 1157 2506 1257 spectabit
2538 1159 2625 1231 ad
2663 1160 2850 1259 prin-

613 1280 831 1378 cipem
893 1279 1138 1352 laicum
1166 1335 1182 1365 ‚
1239 1277 1349 1350 cui
1404 1275 1760 1350 subiicitur
1818 1292 2202 1348 contractus
2252 1299 2387 1372 qua
2437 1290 2850 1348 contractus.-

620 1395 717 1466 lta
768 1395 1044 1493 quidem
1096 1393 1408 1492 Sarpius,
1451 1391 1568 1492 qui
1613 1390 1765 1463 heic
1801 1391 2049 1490 pariter
2082 1415 2213 1461 non
2251 1388 2536 1462 advertit
2568 1405 2691 1489 per
2721 1389 2859 1463 boc

620 1508 1169 1607 impedimentum
1208 1532 1338 1580 non
1375 1506 1609 1602 attingi
1655 1522 2097 1590 contractum,
2140 1529 2262 1576 nec
2302 1504 2586 1602 proinde
2625 1530 2852 1578 sacra-

619 1638 912 1694 mentum
942 1679 957 1708 ,
1005 1621 1124 1695 scd
1162 1643 1490 1721 personas
1538 1619 2040 1703 contrahentes,
2092 1643 2267 1716 quae
2316 1616 2656 1692 inhabiles
2708 1620 2857 1693 red-

620 1737 868 1809 duntur
915 1738 1002 1810 ad
1050 1733 1577 1810 contrahendum
1601 1794 1617 1821 ‚
1663 1736 1794 1809 nisi
1850 1750 2249 1807 concurrant
2296 1733 2720 1808 conditiones
2766 1736 2860 1809 ab

620 1851 906 1926 ecclesia
945 1867 1256 1925 statutae.
1303 1851 1493 1938 Quod
1536 1876 1696 1924 vero
1743 1849 2019 1923 subiicit
2050 1849 2135 1922 de
2177 1849 2481 1948 principe
2520 1848 2718 1938 laico,
2769 1851 2856 1923 ad

624 1992 819 2065 quem
850 1982 1108 2068 spectat
1143 1965 1472 2039 moderari
1514 1980 1921 2038 contractum
1956 1978 2032 2035 ut
2064 1980 2510 2051 contractum,
2550 1991 2672 2040 suo
2706 1964 2858 2038 loco

624 2082 1106 2181 expendemus.

774 2196 1011 2269 Irridet
1063 2196 1255 2270 'tertio
1306 2195 1472 2269 loco·
1503 2220 1704 2268 voces
1757 2193 1911 2266 illas
1960 2218 2001 2265 a
2054 2192 2351 2293 parocho
2381 2220 2461 2266 ex
2497 2193 2866 2268 tridentino

627 2310 1051 2384 adhibendas
1102 2310 1171 2382 in
1227 2311 1358 2382 ritu
1408 2310 1729 2409 nuptiali:
1761 2309 1904 2406 qu
1952 2334 2066 2380 vos
2115 2310 2432 2407 coniunqo
2472 2324 2624 2394 etc„
2659 2326 2866 2409 atque

626 2451 743 2497 eas
793 2419 995 2500 voc'es
1046 2452 1176 2499 non
1224 2426 1359 2501 alio
1401 2425 1674 2499 tendere
1720 2440 2054 2511 autumat,
2099 2423 2231 2496 nisi
2271 2442 2345 2497 ut
2385 2423 2572 2498 brevi
2614 2424 2861 2522 dogma

629 2539 783 2611 fidei
838 2540 1235 2614 conficiatur
1283 2567 1402 2614 eas
1450 2567 1603 2614 esse
1656 2540 1936 2614 sormam
1986 2540 2409 2614 sacramenti.
2454 2540 2579 2614 Ast
2618 2567 2862 2640 perpe-

629 2678 767 2723 ram
791 2709 806 2738 ,
849 2679 927 2724 ac
963 2678 1191 2725 secum
1244 2655 1392 2753 ipse
1442 2680 1755 2752 pugnans
1805 2654 1936 2726 has
1981 2679 2180 2727 voces
2216 2655 2496 2727 -deridet
2535 2656 2813 2756 Sarpius
2837 2714 2854 2740 ‚

628 2780 694 2837 et
733 2766 1018 2864 imponit
1055 2766 1341 2840 concilio
1367 2825 1382 2854 ,
1425 2767 1586 2839 dum
1624 2767 1827 2839 finem
1867 2768 2111 2854 eidem,
2148 2795 2268 2841 seu
2298 2769 2729 2843 intentionem
2765 2770 2869 2842 al*-

632 2880 864 2976 fingit,
905 2874 1080 2979 quae
1131 2897 1272 2955 erat
1319 2882 1593 2956 omnino
1646 2882 1852 2955 menti
1906 2883 2125 2982 ipsius
2175 2884 2440 2957 concilii
2482 2885 2860 2971 contraria;

630 3018 1021 3093 persuasum
1072 2996 1411 3095 siquidem
1464 3011 1607 3070 erat
1657 2996 1943 3071 concilio
1978 3022 2059 3069 ex
2094 2996 2400 3071 eiusdem
2434 2999 2654 3099 Sarpii
2705 3023 2869 3074 con-

630 3108 965 3196 sessione,
1025 3108 1442 3182 clandestina
1490 3111 1809 3209 coniugia
1859 3111 2133 3184 totidem
2182 3137 2335 3184 esse
2386 3128 2810 3185 sacramenta
2843 3170 2860 3199 ,

631 3224 698 3295 in
750 3224 1000 3323 quibus
1041 3242 1261 3299 tamen
1306 3225 1424 3299 illa
1464 3226 1822 3300 verborum
1872 3226 2155 3300 formula
2203 3226 2338 3300 non
2385 3227 2860 3301 adhibebatur.

629 3339 917 3412 Adnotat
957 3358 1173 3413 autem
1211 3341 1391 3415 card.
1417 3341 1891 3415 Pallavicinius
1917 3400 1932 3429 ,
1975 3343 2156 3441 quod
2184 3342 2244 3414 si
2272 3342 2614 3442 parochus
2648 3342 2815 3416 dicit
2843 3374 2862 3416 z

633 3451 773 3550 qu
806 3480 920 3526 υοε
955 3457 1293 3552 coniunqo,
1330 3456 1535 3555 probe
1569 3455 1965 3554 intelligitur
1997 3483 2077 3528 ex
2113 3456 2650 3543 conditionibus,
2694 3483 2868 3556 quas

630 3568 1057 3657 libravimus,
1090 3587 1262 3643 etex
1287 3570 1565 3669 reliquis
1598 3571 1915 3645 omnibus
1939 3629 1953 3658 ,
2012 3587 2278 3670 tempus
2319 3570 2489 3644 illud
2541 3598 2871 3672 praesens

632 3690 971 3782 coniunqo,
1014 3712 1165 3759 esse
1202 3685 1542 3785 quoddam
1578 3704 1842 3787 tempus
1894 3687 2186 3773 morale,
2233 3704 2426 3787 prout
2461 3688 2735 3760 scholae
2769 3688 2872 3765 lo.-

633 3817 952 3898 quuntur,
976 3802 1255 3901 perinde
1282 3828 1360 3874 ac
1388 3803 1445 3874 si
1475 3802 1808 3902 parochus
1844 3803 2127 3880 diceret:
2154 3803 2238 3874 In
2267 3804 2387 3875 hac
2426 3819 2559 3876 tota
2584 3806 2858 3886 actione,

630 3942 793 4011 quae
820 3944 991 3988 nunc
1018 3920 1403 3989 auctoritate
1429 3944 1571 3989 mea
1589 3933 1862 4016 peracta
1888 3935 2012 4002 est,
2047 3945 2160 4017 eqo
2186 3945 2299 3991 vos
2326 3921 2645 3992 coniunxi
2675 3920 2855 4013 (48).

780 4032 875 4102 lta
929 4032 1202 4130 quidem
1260 4033 1619 4133 respondet
1672 4032 2169 4109 Pallavicinius.
2205 4035 2351 4107 Dici
2389 4050 2614 4108 tamen
2652 4050 2868 4134 potest

634 4144 1044 4218 tantumdem
1095 4147 1314 4219 valere
1366 4147 1569 4221 verba
1620 4147 1771 4236 illa,
1824 4175 1999 4248 quae
2039 4175 2078 4221 a
2119 4149 2465 4222 sacerdote
2517 4148 2868 4249 proferun-

637 4278 776 4332 tur:
822 4260 963 4355 Eyo
994 4286 1108 4332 vos
1142 4264 1481 4359 coniun90‚
1525 4290 1604 4336 ac
1646 4265 1808 4337 ista:
1851 4263 1993 4359 qu
2029 4266 2352 4361 confirmo,
2396 4280 2617 4337 ratum
2671 4263 2873 4336 habeo

782 4396 880 4456 (¹48)
918 4393 1019 4443 Lib.
1044 4395 1127 4443 cit.
1153 4398 1322 4445 ΧΧΙΙΙ.
1348 4410 1457 4459 cap.
1485 4400 1565 4447 lx.
1589 4411 1636 4446 n.
1671 4406 1742 4446 15.
