3276 5083
602 469 738 517 mr.
768 468 856 516 tv.
879 466 960 516 ns
987 464 1222 516 Alaun.
1248 464 1363 514 ruo
1399 463 1556 514 mser:
1582 465 1662 513 ns
1697 464 1886 514 uun.
1920 463 2046 514 mv.
2080 464 2220 514 Aur.
2244 466 2290 514 1.
2450 442 2575 513 351

360 589 668 672 mittant;
719 584 1265 684 punitionemque
1293 640 1308 669 ,
1353 599 1469 654 aut
1502 582 1875 657 molestiam
1917 582 2046 654 hac
2089 582 2175 655 de
2214 607 2421 655 causa
2453 584 2590 656 cui-

360 728 562 800 quam
600 699 922 785 afferant,
966 698 1085 771 sed
1123 698 1347 796 potius
1385 713 1680 771 tutentur
1712 699 2041 771 adversus
2078 696 2580 795 impedimenta,

360 842 536 915 quae
570 814 686 888 alii
725 814 1032 888 homines
1085 814 1306 887 modis
1358 813 1628 885 iniustis
1683 829 1962 912 possent
2000 813 2266 886 afferre.
2310 812 2490 885 Haec
2524 828 2590 884 et

361 956 495 1004 non
546 930 681 1003 alia
730 947 834 1004 est
884 931 1178 1029 genuina
1232 930 1552 1002 libertatis
1609 931 2030 1002 conscientiae
2079 930 2324 1015 virtuS,
2382 938 2585 1027 quam

361 1071 556 1118 nemo
591 1046 659 1116 in
694 1045 975 1117 dubium
1015 1069 1325 1117 revocare
1362 1060 1604 1143 potest.
1656 1045 1822 1116 Nam
1861 1069 2023 1142 prae
2059 1041 2318 1117 iuribus
2369 1041 2587 1116 omni-

359 1161 515 1246 bus,
539 1159 787 1259 quibus
813 1159 1015 1233 homo
1042 1160 1282 1232 fruitur
1305 1175 1809 1233 sacrosanctum
1835 1174 1940 1232 est
1964 1158 2155 1247 illud,
2179 1158 2362 1257 quod
2386 1156 2592 1230 habet

357 1275 569 1349 libere
593 1275 1029 1349 satisfacendi
1057 1274 1608 1371 obligationibus,
1642 1301 1815 1374 quas
1851 1276 1912 1346 ei
1948 1274 2362 1347 conscientia
2395 1298 2590 1372 prae-

359 1391 472 1464 bet
519 1417 598 1464 ac
650 1390 958 1490 imponit.
992 1392 1106 1464 Ius
1140 1390 1323 1463 istud
1363 1389 1600 1464 violari
1646 1391 1881 1490 nequit
1935 1390 2022 1463 ab
2072 1388 2211 1462 ulla
2261 1389 2408 1486 lege
2458 1388 2584 1461 sub

365 1506 607 1605 quovis
659 1521 1027 1604 praetextu.

505 1621 765 1694 Exinde
817 1621 1122 1719 sequitur
1164 1637 1557 1719 potestatem
1594 1620 1859 1694 civilem
1898 1621 2094 1695 toties
2129 1619 2427 1717 legibus,
2470 1634 2589 1692 aut

361 1736 531 1809 actis
584 1737 728 1809 suis
774 1735 1041 1809 laedere
1084 1735 1465 1809 libertatem
1507 1735 1959 1809 conscientiae
1983 1794 1998 1819 ,
2041 1735 2308 1834 quoties
2342 1734 2455 1807 bis
2488 1732 2585 1805 le-

361 1849 557 1946 gibus
585 1908 600 1937 ,
660 1866 777 1923 aut
827 1851 997 1923 actis
1045 1876 1127 1923 ex
1179 1877 1252 1924 se
1303 1865 1417 1924 aut
1467 1878 1547 1923 ex
1597 1849 2033 1923 consectariis
2058 1908 2072 1933 ,
2105 1898 2110 1903 -
2139 1874 2313 1948 quae
2362 1875 2447 1922 ex
2496 1848 2583 1920 iis

369 1983 765 2063 promanant
797 2023 812 2052 ,
888 1967 1068 2038 cives
1124 1967 1193 2037 in
1262 1992 1343 2039 ea
1410 1967 1792 2041 conditione
1859 1966 2242 2052 constituit,
2314 1980 2388 2039 ut
2448 1981 2610 2038 non'

369 2081 634 2177 possint
678 2080 874 2178 plene
910 2105 989 2152 ac
1024 2079 1233 2152 libere
1270 2081 1659 2154 satisfacere
1692 2080 2243 2177 obligationibuS,
2276 2106 2449 2179 quas
2483 2081 2585 2154 eis

364 2192 779 2266 conscientia
843 2191 1242 2292 praescribit
1273 2251 1288 2277 ,
1347 2218 1468 2266 seu
1537 2220 1668 2268 non
1733 2194 1996 2293 possint
2043 2220 2160 2267 eas
2212 2194 2582 2291 adimplere

360 2307 523 2406 quin
589 2307 863 2406 poenis,
923 2307 1515 2392 insectationibuS,
1576 2309 1846 2381 damnis
1897 2324 2013 2381 aut
2060 2307 2387 2382 molestiis
2438 2309 2585 2407 qui-

359 2421 779 2522 buscumque
826 2422 1294 2496 subiiciantur.
2579 2496 2582 2499 .

497 2538 811 2639 Sequitur
862 2555 1205 2638 praeterea
1253 2566 1332 2612 ex
1374 2540 1534 2615 data
1572 2540 1901 2616 libertatis
1952 2543 2406 2616 conscientiae
2456 2567 2579 2615 no-

354 2655 564 2741 tione,
621 2655 951 2730 eiusmodi
1005 2654 1375 2730 libertatem
1428 2685 1804 2758 supponere
1839 2658 2282 2757 obligationes
2320 2657 2582 2755 religio-

354 2795 465 2842 sas
515 2796 595 2843 ac
638 2770 960 2857 morales,
1014 2771 1262 2871 quibus
1314 2773 1769 2873 adimplendis
1820 2774 2054 2862 bomo,
2098 2790 2211 2848 aut
2259 2775 2429 2849 civis
2485 2792 2580 2848 te—

354 2902 624 2972 neatur3
681 2888 903 2985 quoad
955 2914 1070 2961 eos
1120 2915 1277 2962 vero
1319 2946 1334 2975 ,
1403 2891 1519 2988 qui
1575 2891 1967 2990 profitentur
2015 2891 2572 2975 incredulitatem,

354 3000 730 3073 reiicientes
782 3004 1082 3076 cuiusvis
1133 3003 1478 3102 religionis
1537 3008 1882 3080 veritatem
1918 3067 1932 3094 ,
1990 3007 2176 3080 nulla
2228 3008 2426 3081 datur
2477 3033 2584 3081 re·—

355 3112 594 3210 ligiosa
642 3116 1093 3190 conscientiae
1140 3117 1456 3205 libertas;
1516 3118 1854 3221 siquidem
1900 3121 2152 3195 nullam
2205 3137 2579 3219 agnoscunt

355 3226 826 3326 obligationem
852 3289 867 3315 ,
926 3233 1034 3304 cui
1081 3248 1430 3309 teneantur
1479 3262 1560 3308 ex
1613 3240 2027 3312 conscientia
2069 3238 2475 3311 satisfacere.
2527 3297 2556 3302 .,

498 3342 644 3429 Quo
698 3346 1030 3447 principio
1084 3349 1483 3423 inconcusso
1538 3353 1929 3449 praestituto
1971 3411 1987 3437 ,
2057 3353 2308 3450 inquiri
2363 3366 2581 3452 potest

352 3483 429 3530 ac
480 3456 713 3544 debet,
771 3477 991 3534 utrum
1054 3462 1236 3560 leges
1287 3464 1518 3539 civiles
1565 3466 1856 3540 debeant
1903 3468 2156 3540 inflecti
2207 3485 2408 3568 atque
2467 3493 2581 3541 ac·-

349 3574 756 3648 commodari
798 3577 979 3650 iuxta
1013 3580 1263 3652 civium
1299 3579 1687 3678 religionem
1710 3641 1725 3670 ,
1767 3582 2372 3684 obligationesque,
2405 3610 2582 3683 quas

352 3686 467 3760 illa
519 3689 842 3788 imponit,
885 3719 970 3765 an
1006 3720 1162 3768 vero
1206 3695 1443 3793 religio
1490 3712 1691 3797 atque
1724 3696 2167 3795 obligationes
2221 3698 2579 3797 religiosae

348 3802 640 3876 debeant
685 3830 762 3877 se
805 3806 1177 3895 inflectere,
1230 3827 1297 3882 et
1343 3813 1760 3886 conformare
1799 3812 2061 3909 legibus
2113 3813 2454 3887 civilibus.
2499 3815 2577 3886 ln

348 3918 553 4015 priori
609 3918 969 4019 hypothesi
1025 3923 1258 4022 religio
1310 3927 1385 3998 fit
1434 3927 1700 4024 legibus
1753 3929 2067 4003 civilibus
2111 3930 2453 4030 superior,
2496 3930 2579 4002 il-

344 4030 583 4133 laeque
627 4034 871 4110 debent
907 4039 1063 4113 huic
1096 4041 1380 4128 subiici3
1425 4046 1493 4116 in
1532 4047 1882 4145 posteriori
1931 4063 2153 4121 autem
2207 4047 2568 4148 hypothesi

350 4148 527 4247 leges
578 4153 813 4228 civiles
865 4154 1368 4233 dominarentur
1420 4161 1776 4260 religioni,
1819 4164 2165 4263 quasillis
2202 4191 2436 4264 parere
2481 4181 2578 4239 te-

350 4282 641 4339 neretur.
696 4269 947 4369 Ecquis
1004 4298 1198 4372 porro
1248 4301 1454 4350 sanae
1505 4278 1773 4364 mentis,
1817 4295 1883 4352 et
1919 4279 1987 4352 in
2029 4306 2165 4379 quo
2218 4280 2575 4378 religiosus

351 4403 594 4455 sensus
628 4387 956 4462 extinctus
1002 4415 1277 4488 prorsus
1307 4419 1440 4466 non
1467 4395 1594 4481 sit,
1630 4395 1909 4468 haerere
1949 4413 2178 4494 posset
2220 4412 2286 4496 et
2324 4407 2573 4494 anceps
