3276 5083
790 414 928 464 cu.
967 413 1061 465 ιιι.
1098 415 1177 463 nr:
1213 413 1475 488 ιιτιιιιι.
1520 414 1746 464 mvms
1784 414 1970 466 saca.
2012 415 2153 464 aar.
2189 415 2283 466 ιιι.
2515 393 2643 463 311

422 531 706 607 hostiles
757 556 834 604 se
886 530 1196 628 religioni
1250 529 1600 618 exhibent,
1647 530 2012 631 populique
2057 530 2370 628 religioso
2422 535 2652 606 sensui

420 675 495 721 se
543 647 873 721 obiiciunt
910 648 1091 742 (12).

577 766 813 861 Legem
859 779 1082 836 autem
1117 761 1204 836 de
1237 763 1573 860 coniugiis
1610 789 1790 835 mere
1823 761 2136 837 civilibus
2173 782 2493 863 perpetuo
2530 792 2651 864 pu-

417 906 625 977 gnare
671 904 756 952 ac
805 877 1262 952 contradicere
1314 878 1658 952 doctrinae
1706 895 1774 952 et
1820 879 2011 977 praxi
2057 879 2387 953 ecclesiae
2420 880 2653 955 catho-

419 996 589 1069 licae
642 995 1035 1094 probatione
1085 1020 1218 1068 non
1271 994 1568 1092 indiget,
1638 1011 1842 1094 atque
1891 1021 1971 1069 ex
2025 995 2352 1069 hactenus
2415 997 2653 1095 dispu-

423 1114 579 1185 tatis
636 1111 907 1185 abunde
958 1110 1205 1209 liquet,
1262 1110 1444 1208 quod
1482 1136 1606 1183 nec
1646 1110 2192 1209 pseudo-politici
2246 1110 2640 1185 diffitentur.

416 1227 594 1324 Ergo
645 1228 776 1302 hoc
825 1228 974 1327 ipso
1024 1251 1099 1299 se
1149 1226 1561 1325 antipolitice
1610 1252 1840 1323 gerere
1891 1225 2322 1325 patefaciunt.

574 1345 990 1416 Tertio..Nec
1026 1341 1705 1441 minusantipolitica
1755 1341 1989 1414 eadem
2041 1341 2146 1415 lex
2196 1342 2649 1441 deprehendi-

420 1476 571 1546 tur,
598 1496 601 1501 ·
627 1459 703 1553 si2
740 1460 909 1533 ratio
961 1459 1293 1532 habeatur
1342 1459 1524 1546 eius,
1568 1485 1774 1557 quam
1824 1473 2105 1544 vocant,
2148 1458 2487 1558 opinionis
2524 1486 2651 1558 pu÷

417 1575 638 1650 blicae
671 1576 758 1649 ac
780 1574 1267 1675 praevalentiS,
1323 1574 1590 1648 etiamsi
1627 1600 1670 1647 a
1707 1573 2021 1671 religioso
2063 1600 2271 1648 sensu
2303 1576 2650 1674 praescin-

415 1692 684 1767 damus.
730 1694 989 1765 Norunt
1020 1717 1258 1765 omnes
1292 1716 1431 1765 rem
1468 1716 1739 1790 semper
1764 1690 1951 1764 aleae
1978 1690 2345 1790 periculive
2376 1691 2648 1790 plenam

417 1835 570 1884 esse
619 1808 917 1909 opinioni
973 1807 1250 1881 firmiter
1297 1806 1653 1907 solideque
1700 1807 2102 1880 constitutae
2151 1832 2229 1880 ac
2277 1807 2644 1880 universali

417 1925 772 1998 contraire.
804 1925 904 1995 Ex
941 1922 1270 1997 sententia
1307 1923 1510 1995 etiam
1543 1922 1847 1995 omnium
1886 1921 2306 2019 politicorum
2334 1979 2350 2008 ,
2393 1921 2646 2021 quibus

411 2064 607 2111 mens
633 2037 826 2111 falsis
853 2037 1131 2113 theoriis
1157 2035 1550 2111 obnubilata
1570 2062 1705 2110 non
1725 2036 1838 2123 sit,
1863 2036 2213 2134 prudentis
2241 2035 2646 2134 legislatoris

411 2177 544 2226 non
570 2169 678 2227 est
700 2153 1046 2251 opinioni,
1082 2178 1205 2227 seu
1233 2153 1569 2227 communi
1606 2152 1941 2225 sentiendi
1980 2151 2220 2224 rationi
2271 2151 2645 2226 dominanti

409 2268 896 2343 contradicere.
941 2269 1135 2355 Quod
1186 2268 1459 2368 quidem
1513 2268 1919 2367 principium
1957 2268 2017 2340 si
2053 2267 2295 2367 quovis
2347 2283 2646 2366 tempore

405 2384 655 2482 viguit,
696 2384 828 2457 hac
863 2385 1295 2483 potissimum
1347 2399 1565 2458 aetate
1600 2399 1831 2457 nostra
1863 2385 2047 2481 viget
2080 2409 2284 2482 quam
2322 2385 2637 2471 maxime,

407 2500 475 2572 in
526 2527 662 2601 qua
717 2500 1174 2601 proclamatur
1222 2499 1525 2600 undique
1559 2525 1640 2574 ac
1674 2499 1950 2574 effertur
1981 2500 2086 2574 vis
2130 2498 2444 2599 publicae
2492 2501 2640 2600 opi-

408 2618 631 2692 nionis
659 2676 674 2705 ,
734 2618 843 2691 cui
898 2618 1218 2715 refragari
1271 2618 1360 2692 sit
1413 2616 1638 2702 nefas3
1692 2641 2002 2716 quaeque
2036 2617 2205 2690 mire
2240 2616 2547 2691 evehitur
2578 2635 2643 2691 et

402 2734 743 2809 extollitur
789 2735 1069 2836 perinde
1102 2760 1183 2808 ac
1218 2735 1278 2809 si
1316 2734 1471 2833 ipsa
1505 2750 1689 2808 esset
1723 2734 1962 2807 rectrix
1998 2759 2077 2806 ac
2112 2733 2344 2831 regina
2377 2733 2638 2820 mundi,

410 2851 497 2921 ad
546 2852 743 2924 cuius
797 2876 1098 2924 normam
1151 2850 1380 2924 omnia
1432 2848 1685 2946 redigi,
1727 2865 1794 2920 et
1827 2847 1935 2921 cui
1987 2849 2211 2921 omnia
2262 2847 2502 2921 cedere
2536 2847 2646 2920 de·

412 2964 641 3037 beant.
687 2966 1009 3037 Novimus
1061 2964 1337 3064 quidem
1374 2991 1507 3039 non
1544 2989 1801 3062 paucos
1847 2963 1974 3037 boc
2021 2963 2204 3037 abuti
2259 2964 2637 3063 principio,

417 3078 535 3173 qui
588 3078 980 3175 praesertim
1040 3079 1447 3152 novitatibus
1494 3080 1816 3164 student,
1873 3078 2252 3153 effutientes
2304 3078 2642 3177 publicam

556 3264 656 3324 (12)
689 3262 833 3320 Quod
854 3262 1098 3312 eiusmodi
1124 3262 1338 3311 nationis
1359 3266 1801 3326 repraesentantes,
1825 3267 1883 3314 ut
1902 3267 2106 3329 vocant,
2127 3266 2227 3316 sint
2245 3266 2407 3328 potius
2427 3266 2646 3316 eiusdem

406 3342 578 3404 populi
601 3341 904 3404 proditores,
926 3344 976 3391 et
994 3342 1142 3405 agant
1165 3340 1214 3389 in
1235 3340 1485 3390 nonnullis
1509 3342 1699 3404 legibus
1718 3344 2075 3406 proponendis,
2098 3347 2184 3393 aut
2210 3344 2434 3394 ravendis
2469 3346 2641 3395 contra

408 3423 581 3486 populi
612 3423 943 3485 voluntatem,
968 3435 1028 3472 ac
1048 3422 1248 3483 votum,
1270 3421 1425 3471 immo
1446 3423 1497 3473 et
1519 3421 1808 3473 mandatum
1837 3423 2048 3483 violent,
2070 3423 2206 3487 quod
2225 3427 2518 3488 acceperunt
2533 3460 2549 3487 ,
2570 3423 2643 3474 lu·

410 3503 659 3553 culentum
680 3504 917 3554 habemus
932 3502 1210 3566 exemplum
1236 3501 1285 3551 in
1311 3502 1662 3565 protestatione
1679 3502 1899 3565 publica,
1921 3517 2071 3567 quam
2088 3517 2242 3568 nuper
2255 3505 2369 3555 fecit
2385 3504 2644 3568 collegium

408 3581 667 3632 electorale
694 3583 870 3632 Niceae
898 3582 961 3632 ad
990 3585 1191 3632 Varum.
1222 3583 1493 3632 Revocavit
1531 3580 1777 3645 siquidem
1813 3585 1960 3645 prout
1996 3584 2209 3646 potuita
2238 3597 2329 3634 suo
2371 3597 2646 3648 repraesen-

402 3662 537 3711 tante
574 3664 647 3711 De
680 3663 879 3712 Foresta
915 3661 1233 3725 mandatum,
1270 3660 1403 3725 quod
1428 3663 1473 3711 ei
1497 3661 1733 3723 dederat,
1756 3675 1817 3711 eo
1840 3661 1976 3724 quod
2006 3664 2241 3726 suffragio
2274 3677 2366 3714 suo
2385 3677 2473 3727 pro
2493 3664 2645 3715 diseo·

404 3740 597 3790 lutione
634 3741 997 3804 religiosorum,
1016 3744 1066 3792 et
1092 3743 1388 3792 alienatione
1418 3741 1661 3792 bonorum
1697 3740 2141 3792 ecclesiasticorum
2164 3745 2215 3792 in
2239 3742 2456 3793 comitiis
2483 3742 2643 3794 subal·

401 3819 534 3882 pinis
552 3831 772 3869 causam
800 3820 1067 3883 reliqionls
1103 3823 1263 3885 atque
1296 3822 1492 3871 statuti
1526 3820 1815 3883 prodiderit.
1845 3822 1962 3872 vid.
1991 3825 2212 3873 Univers
2251 3831 2322 3874 ιθ.
2344 3825 2474 3874 Aout
2505 3831 2639 3875 ¹855.

406 3900 502 3949 Hic
522 3899 629 3964 ipse
646 3898 977 3962 patrocinatus
1000 3903 1075 3951 cst
1096 3900 1190 3963 legi
1213 3900 1275 3951 de
1299 3901 1615 3950 matrimonio
1635 3900 1775 3951 civili
1800 3901 1852 3951 in
1875 3901 2053 3953 iisdem
2074 3903 2305 3953 comitiis.

551 3983 733 4030 Verum
758 3979 893 4042 quod
915 3982 1094 4043 magis,
1114 3982 1394 4044 clariusque
1422 3982 1585 4031 adhuc
1605 3981 1792 4033 evincit
1811 3994 1908 4031 non
1931 3982 2080 4033 semel
2105 3981 2345 4032 eiusmodi
2368 3983 2534 4048 populi
2559 3983 2641 4033 de·

405 4059 591 4123 legatos
612 4059 889 4123 proditores
922 4061 1090 4124 populi
1121 4074 1252 4122 esse,
1276 4074 1334 4111 ac
1359 4062 1642 4124 religiosum
1666 4062 1876 4112 nationis
1895 4075 2091 4113 sensum
2111 4064 2217 4114 dire
2233 4063 2465 4128 plectere,
2486 4064 2646 4114 osten-

398 4139 470 4190 dit
494 4139 732 4190 articulus
766 4139 1007 4205 periodici
1039 4141 1238 4192 civille)
1272 4141 1525 4192 cateoltca
1550 4149 1599 4193 ³.
1619 4142 1735 4193 Sab.
1762 4143 1889 4193 iunii
1918 4151 2054 4195 ¹855.
2077 4145 2344 4209 inscriptus
2367 4147 2440 4194 La
2462 4144 2645 4195 charte

400 4220 592 4281 verite,
635 4221 684 4270 in
715 4234 816 4283 quo
854 4220 1115 4271 exhibetur
1144 4221 1313 4271 tabula
1344 4221 1595 4271 numerica
1624 4222 1920 4285 petitionum
1947 4224 2118 4288 populi
2146 4225 2383 4275 adversus
2405 4225 2557 4287 legem
2582 4224 2644 4273 de

399 4296 545 4349 bonis
578 4299 921 4351 ecclesiasficls
938 4337 954 4362 ,
975 4313 1034 4351 ex
1057 4299 1241 4363 quibus
1271 4303 1406 4364 patet
1437 4314 1591 4363 quam
1622 4300 1872 4354 contraria
1900 4303 2071 4366 populi
2099 4303 2230 4355 votis
2251 4303 2400 4354 fuet-lt
2427 4303 2506 4354 lex
2531 4302 2641 4364 illa,

400 4390 528 4439 quae
549 4382 714 4434 tamen
737 4382 1013 4434 neccssaria
1034 4381 1251 4432 obtinuit
1268 4381 1518 4444 suffragia.
