3276 5083
607 459 747 507 cu».
792 457 888 506 ιιι.
931 457 1011 505 ns
1047 457 1362 507 umisrno.
1388 458 1528 508 Διιτ.
1563 458 1659 507 ιιι.
1694 457 1927 507 ancum.
1962 455 2368 507 mmmmm.
2503 434 2591 503 89

380 575 881 649 matrimonium
933 574 1083 646 sine
1131 574 1494 648 sacerdotis
1546 574 1917 647 interventu
1965 573 2240 645 minime
2277 583 2439 646 jesse
2489 598 2600 646 sa-

382 691 746 763 cramentis
795 687 1337 776 accensendum,
1375 689 1578 789 idque
1627 704 1906 762 conatur
1952 688 2255 761 evincere
2304 703 2442 760 tum
2493 714 2599 760 ar-

382 805 719 902 gumentis
769 830 810 875 a
861 803 1148 888 ratione,
1218 820 1356 875 tum
1407 830 1448 875 a
1495 802 1935 887 testimoniis,
1990 816 2130 873 tum
2180 799 2472 930 denique
2519 827 2599 874 ex

385 932 946 992 sacramentorum
999 931 1233 989 natura
1280 917 1715 1044 depromptis.

526 1034 715 1105 Sane
733 1045 1261 1116 sacramentum,
1303 1047 1376 1103 ut
1408 1031 1555 1104 eius
1591 1046 1825 1104 natura
1860 1029 2187 1128 postulat,
2229 1053 2363 1102 non
2398 1026 2597 1101 modo

381 1148 650 1243 signum
692 1144 932 1217 efficax
982 1144 1239 1240 gratiae
1285 1170 1436 1218 esse
1486 1144 1720 1230 debet,
1777 1142 1897 1217 sed
1948 1157 2289 1243 praeterea
2329 1142 2597 1240 signum

368 1241 645 1333 'sacrum
695 1256 1082 1354 religionis3
1124 1256 1255 1329 tale
1289 1284 1483 1358 porro
1533 1283 1665 1332 non
1716 1272 1819 1331 est
1867 1273 2134 1331 mutuus
2183 1257 2312 1330 viri
2349 1282 2427 1329 ac
2460 1282 2599 1330 mu-

382 1373 575 1446 lieris
623 1398 987 1446 consensus
1006 1430 1021 1457 ,
1073 1371 1215 1445 sedv
1242 1374 1736 1448 matrimonium
1789 1371 2064 1474 profane
2112 1385 2542 1444 contractum.

535 1487 813 1586 Insuper
844 1513 925 1559 ex
963 1487 1314 1559 florentino
1363 1487 1649 1560 concilio
1690 1501 2103 1564 sacramenta
2134 1487 2359 1559 omnia
2392 1509 2603 1559 novae

383 1602 554 1699 legis
606 1602 815 1674 tribus
857 1601 1317 1700 perficiuntur,
1373 1600 1717 1688 videlicet,
1771 1602 1962 1673 rebus
2013 1615 2343 1699 tamquam
2397 1617 2601 1674 matc-

378 1719 483 1788 rt'a
503 1771 524 1799 ,
580 1715 796 1787 verbis
848 1730 1175 1812 tamquam
1221 1716 1464 1813 forma,
1506 1731 1567 1788 ct
1590 1742 1872 1813 persona
1894 1717 2185 1788 mt'm'stri
2213 1717 2597 1816 conserentis

379 1844 879 1903 sacramentum.
922 1831 1063 1902 Iam
1095 1854 1252 1904 vero
1288 1830 1357 1902 in
1391 1831 1848 1916 matrimonio,
1883 1829 1968 1904 de
1989 1855 2124 1929 quo
2159 1831 2411 1927 agitur,
2453 1830 2603 1904 nul·

389 1945 494 2019 lus
528 1961 635 2018 est
667 1944 1063 2018 sacramenti
1102 1945 1436 2018 minister:
1469 1944 1724 2018 nullum
1758 1971 1919 2074 ergo
1948 1961 2052 2019 est
2085 1959 2593 2020 sacramentum.

386 2062 520 2133 Nec
581 2061 762 2133 enim
832 2058 1149 2132 audiendi
1201 2075 1357 2134 sunt
1404 2062 1520 2159 qui
1575 2075 1811 2157 putant
1858 2061 2074 2134 virum
2125 2085 2204 2133 ac
2251 2059 2601 2190 mulierem

387 2198 540 2247 esse
588 2198 787 2272 posse
835 2172 965 2246 sibi
1018 2174 1304 2247 invicem
1354 2174 1722 2246 ministros.

537 2290 903 2373 Praeterea,
943 2287 1100 2361 vel
1083 2312 1378 2387 ipsorum
1426 2287 1726 2359 fidelium
1763 2288 2036 2360 insitum
2072 2289 2319 2361 animis
2353 2302 2459 2359 est
2492 2312 2601 2360 ne-

387 2426 726 2501 quaquam
776 2426 849 2473 se
897 2428 1048 2475 esse
1099 2400 1493 2498 sacrilegos,
1535 2402 1593 2473 si
1632 2402 1702 2473 in
1738 2417 1915 2474 statu
1955 2401 2208 2497 gratiae
2255 2425 2389 2475 non
2441 2417 2599 2476 sunt

386 2543 470 2589 eo
522 2531 851 2615 tempore,
893 2541 1029 2616 quo
1064 2517 1162 2590 sic
1198 2516 1471 2614 profane
1520 2516 1952 2602 contrahunt3
1994 2516 2175 2616 quod
2210 2543 2374 2590 sane
2423 2515 2602 2589 indi-

383 2633 560 2705 cium
613 2647 718 2704 est
765 2656 880 2704 eos
931 2656 1053 2705 ceu
1103 2646 1586 2705 sacramentum
1638 2646 2045 2706 contractum
2093 2632 2280 2706 illum
2323 2631 2599 2705 minime

386 2747 659 2820 habere.

523 2862 626 2933 Ad
680 2861 885 2946 haec,
943 2818 1420 2958 Augustinus
1403 2890 1475 2933 ιιι
1534 2863 1731 2961 epist.
1785 2863 1869 2934 ad
1920 2863 2334 2936 Bonifacium
2403 2860 2603 2934 tradit

384 2992 688 3075 oportere
724 3001 829 3048 res
866 2976 1052 3075 ipsas
1087 3001 1476 3075 corporeas,
1516 2976 1762 3076 quibus
1798 2992 2211 3050 sacramenta
2254 2990 2592 3062 constant,

388 3092 745 3187 imaginem
779 3106 845 3163 et
879 3090 1384 3163 similitudinem
1422 3117 1652 3189 gerere
1685 3092 1832 3165 eius
1868 3091 2440 3177 sanctificationis,
2483 3115 2601 3163 cu-

389 3205 493 3278 ius
545 3206 744 3302 signa
776 3221 842 3278 et
874 3230 1117 3278 causae
1150 3231 1302 3278 esse
1344 3205 1688 3292 dicuntur,
1729 3222 1801 3278 ut
1833 3205 2084 3278 ablutio
2119 3206 2189 3276 in
2223 3204 2595 3303 baptism0,
2624 3239 2627 3242 ·

390 3320 657 3393 refectio
706 3320 1104 3418 spirituaJis,
1146 3346 1346 3419 quam
1382 3320 1676 3394 referunt
1723 3321 1919 3418 panis
1954 3346 2033 3394 ac
2063 3320 2204 3393 vini
2253 3317 2595 3418 symbola;

392 3435 884 3507 matrimonium
953 3451 1173 3537 autem
1237 3435 1622 3508 huiusmodi
1690 3435 1885 3508 civile
1943 3450 2009 3507 et
2068 3434 2415 3533 profanum
2480 3459 2603 3508 nec

390 3534 939 3623 sanctificationis
976 3551 1333 3646 imaginem
1370 3552 1572 3646 gerit,
1607 3577 1731 3624 nec
1764 3549 1849 3623 ad
1886 3549 2439 3623 sanctificandum
2474 3550 2603 3623 sub

387 3663 674 3761 quadam
740 3665 1085 3738 exterioris
1152 3666 1521 3738 sanctitatis
1580 3667 1806 3764 specie
1869 3664 2259 3750 exhibetur3
2318 3689 2452 3738 non
2502 3679 2606 3738 est

386 3779 613 3877 itaque
666 3780 933 3879 proprie
983 3795 1496 3854 sacramentum.

528 3895 879 3967 Praeterea
925 3920 1112 3968 conc.
1162 3895 1587 3969 florentinum
1641 3895 1834 3969 docet
1899 3896 2125 3967 omnia
2191 3909 2602 3968 sacramenta

382 4008 607 4082 verbis
658 4024 962 4082 constare
1010 4026 1345 4109 tamquam
1400 4009 1642 4095 forma,
1683 4035 1819 4108 qua
1854 4010 2192 4109 perficitur
2225 4035 2604 4082 sacramen-

386 4139 549 4194 tum.
596 4122 993 4196 Incredibile
1030 4132 1147 4198 'est
1195 4139 1413 4197 autem
1465 4150 1506 4195 a
1554 4123 1766 4196 forma
1816 4149 1947 4196 non
1998 4150 2188 4196 sacra
2254 4151 2454 4225 posse
2503 4151 2605 4198 sa-

384 4255 794 4310 cramentum
839 4238 1094 4337 perfici.
1128 4239 1341 4338 Atqui'
1382 4239 1452 4310 in
1500 4239 1951 4326 matrimonio,
2009 4240 2190 4337 quod
2240 4239 2422 4313 civili
2472 4239 2604 4311 ritu

384 4376 462 4423 ac
512 4353 789 4449 profano
840 4352 1285 4440 contrahitur,
1339 4355 1523 4428 nulla
1569 4353 1774 4427 verba
1805 4381 1995 4428 sacra
2029 4372 2217 4439 sunt;
2262 4353 2444 4428 nulla
2479 4354 2602 4449 igi-
