3276 5083
604 428 741 501 222
1003 449 1126 498 un.
1170 450 1215 498 1.
1259 447 1432 498 sacr.
1474 449 1734 499 uun.
1776 450 1855 498 ns
1904 449 2166 499 ιιιτιιι.
2212 451 2427 500 civim.

598 569 728 643 fuit
761 565 1135 641 secundum
1172 565 1529 639 divortium
1549 622 1566 652 ,
1599 564 1787 638 aliud
1811 566 1990 638 enim
2025 565 2281 640 iamdiu
2316 568 2565 641 fecerat
2596 595 2640 641 a
2671 595 2835 643 con-

593 686 751 781 iuge
783 683 988 781 priori
1032 683 1210 779 (24).
1247 681 1449 754 Porro
1489 697 1723 754 notum
1757 696 1861 754 est
1891 680 2213 754 effatum:
2255 681 2454 781 chis
2489 682 2578 755 ad
2612 711 2833 757 emem-

583 799 778 898 plum
827 811 995 868 totus
1046 797 1446 893 componitur
1492 794 1691 867 orbis.

739 914 816 984 ln
867 908 1233 1011 provinciis
1285 908 1645 982 foederatis
1680 907 2065 994 Americae,
2107 908 2308 982 annis
2344 909 2633 1006 singulis
2675 912 2833 1010 plus

517 1064 522 1069 ·
592 1029 818 1102 minus
843 1028 1147 1128 quinque
1175 1024 1389 1097 millia
1413 1024 1860 1098 decernuntur
1876 1024 2162 1098 divortia
2183 1027 2249 1120 (2
2260 1028 2329 1120 5)
2347 1027 2447 1097 ‚ln
2467 1025 2832 1101 California

590 1171 705 1218 an.
732 1146 947 1215 1854.
977 1141 1122 1215 solo
1149 1166 1381 1214 mense
1421 1139 1760 1213 februario
1811 1139 2078 1213 labente
2102 1197 2122 1227 ‚
2166 1158 2372 1239 atque
2396 1141 2466 1212 in
2492 1168 2628 1214 una
2665 1143 2831 1216 civi-

593 1275 727 1333 tate
758 1286 801 1331 a
832 1284 890 1331 s.
914 1258 1263 1330 Franci-sco
1291 1272 1701 1355 nuncupata,
1727 1254 1885 1327 dum
1914 1270 2194 1353 quatuor
2214 1271 2470 1328 tantum
2494 1257 2828 1332 celebrata

592 1391 749 1449 sunt
796 1373 1138 1472 coniugia,
1178 1373 1391 1446 decem
1424 1372 1604 1445 facta
1649 1388 1808 1445 sunt
1838 1370 2123 1445 divortia
2164 1373 2341 1467 (26).
2377 1372 2827 1447 Protestantes

590 1491 662 1562 in
687 1490 996 1565 America
1029 1488 1463 1590 promovendi
1499 1488 1789 1561 divortia
1823 1487 1999 1562 hanc
2032 1488 2233 1560 etiam
2268 1513 2541 1560 causam
2585 1489 2827 1562 attule-

592 1622 783 1693 runt,
840 1605 1099 1679 scilicet
1128 1621 1203 1677 ut
1237 1604 1504 1677 facilius
1558 1604 1836 1677 iuvenes
1886 1602 1972 1675 ad
2023 1601 2516 1677 contrahendas
2552 1604 2825 1704 nuptias

589 1720 995 1795 alliciantur.
1044 1719 1360 1819 Alioquin
1411 1720 1592 1795 enim
1628 1722 1689 1791 si
1725 1718 2112 1816 coniugium
2163 1735 2647 1818 proponeretur
2694 1719 2822 1793 sub

590 1835 761 1908 dura
798 1835 1260 1936 perpetuitatis
1294 1833 1468 1932 lege,
1508 1833 1595 1907 ab
1629 1833 1761 1907 hoc
1794 1834 2068 1932 saepius
2102 1832 2553 1922 abstinerent3
2594 1853 2825 1909 contra

588 1952 747 2026 vero
797 1952 860 2024 si
911 1967 1321 2051 proponatur
1366 1977 1521 2024 cum
1564 1966 1746 2037 certa
1799 1977 1922 2049 spe
1973 1949 2240 2024 divortii
2276 1976 2358 2023 ac
2393 1950 2746 2027 solutionis
2779 1977 2823 2024 a

589 2054 1020 2168 temporaneo
1066 2067 1338 2143 vinculo
1363 2126 1381 2156 ‚
1429 2066 1699 2141 facilius
1750 2067 2159 2141 inducuntur
2189 2068 2278 2139 ad
2313 2066 2483 2139 illud
2535 2067 2823 2141 subeun-

587 2182 753 2258 dum
801 2185 1032 2283 iugum
1082 2186 1261 2281 (27).
1308 2184 1494 2257 Adeo
1542 2210 1784 2285 nempe
1830 2209 1939 2257 res
1988 2182 2084 2254 ibi
2134 2182 2692 2281 progrediuntur,
2745 2198 2822 2256 ut

589 2298 916 2373 hactenus
955 2298 1408 2398 pervenerint!
1452 2298 1670 2399 Atque
1719 2296 1887 2371 haec
1936 2296 2332 2398 speciminis
2382 2296 2596 2394 gratia
2644 2314 2823 2370 attu-

585 2415 751 2489 lisse
798 2414 1130 2502 sufficiat;
1189 2441 1347 2487 nam
1395 2413 1557 2487 alibi
1608 2414 1740 2488 hoc
1790 2414 1940 2514 ipso
1989 2414 2076 2486 de
2123 2429 2515 2510 argumento
2565 2412 2814 2486 redibit

587 2556 836 2606 sermo.

734 2644 928 2730 Quod
978 2670 1137 2719 vero
1168 2701 1183 2730 ,
1241 2644 1574 2719 eiusmodi
1624 2644 2063 2718 divortiorum
2113 2643 2402 2717 facilitas
2437 2644 2700 2741 exlege
2731 2643 2819 2717 de

589 2759 904 2857 coniugio
954 2759 1136 2835 civili
1176 2777 1418 2859 sponte
1452 2760 1775 2847 dimanet,
1818 2760 2057 2834 vadem
2108 2760 2439 2834 habemus
2492 2759 2817 2834 illustrem

586 2874 769 2974 apud
822 2901 984 2948 suos
1036 2874 1583 2949 iurisconsultum
1617 2876 1909 2951 Eichorn
1944 2876 2390 2974 professorem
2438 2875 2817 2951 berolinen-

585 3016 764 3077 sem,
819 2990 937 3092 qui
987 2991 1288 3090 exposito
1341 3017 1704 3090 progressu
1739 2993 1807 3065 in
1839 2993 2033 3092 peius
2072 2991 2512 3090 legislationis
2557 3018 2819 3089 germa-

584 3107 779 3180 nicae
827 3107 1008 3183 circa
1054 3108 1519 3196 matrimonia,
1563 3110 1656 3184 ita
1692 3109 1945 3210 pergit:
1994 3139 2029 3177 α
2060 3108 2130 3180 Si
2170 3108 2344 3181 inter
2373 3134 2448 3181 se
2482 3108 2815 3183 rationum

585 3238 920 3297 momenta
967 3239 1473 3322 comparentur,
1529 3225 1618 3297 ad
1668 3224 2027 3298 divortium
2079 3222 2599 3308 admittendum,
2657 3247 2812 3294 cum

583 3336 888 3413 doctrina
937 3339 1322 3436 evangelica
1348 3396 1364 3426 ‚
1421 3338 1607 3413 nulla
1666 3337 2018 3438 apparebit
2078 3337 2435 3437 oppositio.
2503 3337 2815 3411 Christus

583 3455 777 3528 lesus
801 3455 1079 3528 unicum
1113 3456 1435 3529 motivum
1461 3454 1889 3555 adsignavit,
1926 3469 2214 3556 ‘propter
2246 3453 2425 3553 quod
2451 3452 2809 3527 divortium

733 3691 837 3755 (24)
863 3695 938 3743 Ex
972 3693 1213 3744 Untnrs.
1234 3696 1282 3743 4.
1305 3692 1406 3744 Mai
1432 3696 1576 3743 18⁴6.

725 3774 829 3836 (25)
861 3772 1042 3825 Eadem
1074 3774 1268 3836 epham.
1291 3774 1435 3824 cuius
1460 3773 1610 3825 verba
1633 3786 1751 3824 mox
1784 3772 2121 3826 subiiciemus.

728 3855 831 3916 (26)
861 3858 933 3906 Ex
964 3854 1271 3907 Rev-Yorck
1294 3852 1478 3905 Herald
1510 3853 1626 3904 Feb.
1653 3857 1791 3906 1854.
2476 3903 2479 3910 ,

730 3932 834 3997 (27)
862 3934 928 3985 Cf
955 3937 1173 3985 Univers
1198 3938 1355 3985 ιῚ-ιε.
1379 3933 1517 3983 Avril
1545 3936 1681 3984 1854.
1705 3945 1794 3984 nee
1814 3945 1912 3983 nou
1941 3939 2021 3984 26.
2040 3932 2269 3983 Decemb.
2289 3931 2509 3983 eiusdem
2525 3930 2640 3982 anui
2658 3929 2710 3980 in
2728 3943 2808 3981 ar·

582 4013 669 4063 tic.
690 4015 760 4063 Le
772 4015 1200 4076 protestantium
1222 4025 1337 4066 aux
1355 4015 1682 4064 Klots-vnis.
1707 4012 1793 4063 ubi
1813 4011 2020 4077 legium
2050 4032 2076 4058 «ι
2098 4013 2177 4063 ou
2203 4012 2274 4064 les
2290 4012 2581 4064 tribuneaux
2600 4022 2811 4075 pronon·

582 4095 697 4146 cent
713 4094 904 4158 chaque
928 4096 1082 4147 annea
1102 4109 1200 4148 une
1218 4107 1457 4159 mayenne
1486 4095 1549 4146 dc
1579 4097 1701 4160 cinq
1721 4094 1895 4146 milles
1908 4093 2158 4159 ‹livet-ces,
2178 4108 2240 4147 en
2265 4097 2397 4147 sorte
2420 4108 2519 4158 que
2538 4093 2637 4146 dix*
2653 4092 2818 4143 milles

584 4172 838 4226 individuis
872 4175 1158 4238 acquierent
1188 4175 1550 4227 annuellement
1578 4175 1625 4226 le
1650 4176 1784 4227 droit
1813 4174 1877 4226 de
1907 4176 2045 4227 vivre
2066 4188 2127 4226 en
2150 4175 2372 4226 adultere
2401 4174 2552 4237 legal,
2585 4173 2711 4225 dans
2738 4186 2807 4224 un

581 4267 702 4318 puy·
718 4255 787 4305 ou
805 4254 879 4306 les
897 4253 1120 4318 hosptooe
1140 4254 1382 4307 d’ent'ants
1402 4255 1601 4307 trouves
1620 4257 1736 4307 sont
1757 4254 1981 4319 inuffles,
2011 4268 2158 4320 parce
2171 4269 2269 4319 que
2285 4255 2541 4306 d'inmmes
2559 4255 2814 4318 pnuques

582 4349 614 4399 y
643 4336 758 4387 sont
786 4335 830 4386 si
859 4347 1164 4400 communes,
1196 4349 1294 4401 que
1322 4337 1445 4389 dans
1469 4337 1662 4401 chaque
1691 4336 1809 4388 ville
1836 4335 1957 4389 elles
1985 4337 2182 4389 manent
2205 4338 2278 4388 les
2294 4336 2616 4401 procuden
2628 4335 2718 4399 qui
2735 4334 2808 4398 ι’,

582 4413 763 4467 livrcnt
790 4413 822 4466 a
847 4415 898 4467 la
928 4414 1040 4481 plus
1068 4414 1252 4479 grande
1281 4416 1590 4481 epulonem»
