3276 5083
609 410 702 487 54
1038 427 1165 481 m.
1208 426 1255 477 1.
1295 426 1469 479 sacr.
1511 426 1557 477 1.
1601 425 1683 476 »n
1716 423 1979 479 nram.
2019 420 2449 475 sionnam.

606 572 689 624 ex
713 545 1113 625 sacerdotali
1147 544 1636 632 benedictione,
1678 542 1947 618 dicens:
1986 571 2022 613 α
2045 540 2262 617 Habet
2284 542 2482 613 otiam
2503 540 2850 615 matrimo-

606 664 792 737 nium
850 689 985 738 non
1043 684 1282 762 parum
1343 658 1719 736 sanctitatis
1767 685 1850 732 ex
1897 656 2403 743 benedictione3
2441 685 2479 727 a
2529 654 2590 728 si
2645 655 2852 753 igitur

604 780 802 850 etiam
819 777 1209 877 supervenit
1231 774 1489 876 aliquid
1517 772 1896 848 sanctitatis
1919 770 2231 869 coniugio
2249 769 2846 857 exbenedictione‚

607 893 1038 967 manifestum
1060 908 1169 965 est
1190 916 1275 964 ex
1313 889 1463 964 eius
1495 904 1718 963 mente
1751 887 2170 961 sanctitatem
2206 884 2664 959 inhaerentem
2697 911 2858 960 esse

608 1006 743 1107 ipsi
792 1005 1127 1104 coniugio.
1172 1004 1363 1079 Unde
1402 1030 1560 1078 vero
1608 1002 1814 1077 babet
1852 1001 2374 1076 christianorum
2425 999 2843 1075 connubium

607 1121 942 1197 eiusmodi
991 1120 1411 1195 sanctitatem
1432 1175 1449 1207 ‚
1492 1118 1628 1192 nisi
1668 1143 1750 1190 ex
1798 1143 1880 1191 eo
1930 1116 2111 1217 quod
2163 1115 2253 1190 sit
2298 1130 2790 1189 sacramentum
2813 1172 2838 1202 ‚

613 1237 880 1310 etiamsi
931 1235 1233 1333 legitima
1273 1233 1503 1334 aliqua
1548 1233 1635 1306 de
1685 1258 1894 1306 cansa
1952 1232 2296 1328 contingat
2343 1227 2845 1304 matrimonium

612 1349 759 1425 sine
805 1349 1272 1424 benedictione
1317 1344 1694 1421 celebrari?

756 1465 894 1539 Nec
946 1464 1196 1563 pariter
1242 1462 1512 1538 obstant
1559 1487 1740 1561 quae
1788 1460 2063 1560 scripsit
2101 1458 2501 1534 Guilielmus
2551 1457 2639 1532 de
2687 1457 2802 1532 his
2824 1515 2845 1546 ,

610 1579 726 1677 qui
778 1578 966 1651 nulla
1015 1577 1313 1674 legitima
1370 1576 1823 1651 intercedente
1883 1599 2092 1650 causa
2149 1573 2689 1649 benedictinum
2733 1598 2853 1647 sa·-

612 1691 1019 1767 cerdotalem
1055 1690 1503 1788 neglexerint,
1533 1716 1650 1765 eos
1684 1715 1906 1790 neque
1935 1689 2259 1787 coniuges
2297 1687 2684 1775 habendos,
2726 1687 2849 1760 sed

618 1803 842 1903 potius
878 1805 1301 1903 fornicariae,
1340 1828 1711 1902 eorumque
1733 1803 1983 1878 liberos
2021 1803 2498 1905 legitimos-non
2529 1826 2664 1874 esse
2699 1827 2850 1873 cen-

614 1916 842 1991 candos
856 1946 882 2003 ;
935 1917 1272 2016 siquidem
1313 1916 1505 1991 hisce
1542 1917 1997 1991 locutionibus
2037 1942 2173 1991 non
2222 1915 2408 1990 aliud
2460 1914 2850 2012 significare

618 2030 939 2118 intendit,
974 2057 1181 2130 quam
1214 2056 1348 2105 non
1384 2055 1540 2105 esse
1572 2030 1907 2106 eiusmodi
1939 2030 2261 2128 coniuges
2289 2030 2359 2102 in
2383 2054 2608 2105 eomm
2631 2054 2846 2102 censu

616 2144 1003 2234 habendae,
1040 2145 1162 2245 qui
1195 2145 1425 2220 debita
1465 2146 1713 2246 pietate
1737 2204 1753 2233 ‚
1796 2172 1877 2220 ac
1917 2144 2483 2245 dispositionibus
2533 2168 2852 2218 necessa-

619 2261 742 2336 riis
768 2261 1189 2337 connubium
1224 2262 1527 2349 inierint,
1560 2278 1631 2335 et
1661 2261 1749 2336 ad
1784 2261 2108 2337 ecclesiae
2139 2259 2512 2334 catholicae
2543 2285 2852 2334 normam

619 2391 822 2476 atque
851 2377 1344 2477 praescriptum
1366 2435 1382 2465 ,
1424 2403 1791 2478 eorumque
1824 2376 2003 2451 filios
2035 2374 2242 2450 veluti
2274 2400 2357 2449 ex
2390 2373 2673 2474 profano
2707 2390 2854 2448 toro

621 2490 883 2588 genitos
926 2517 1105 2566 esse.
1140 2491 1458 2592 Alioquin
1508 2492 1568 2565 si
1613 2491 1684 2564 in
1736 2491 1956 2589 rigore
1995 2516 2076 2565 ac
2118 2516 2355 2590 presse
2386 2516 2467 2564 ea
2496 2488 2703 2566 verba
2742 2514 2858 2564 ae-

620 2605 1001 2702 ciperentur
1048 2604 1253 2678 nimis
1300 2606 1704 2679 evincerent.
1759 2605 2162 2680 Evincerent
2219 2604 2401 2678 enim
2449 2630 2576 2679 nec
2628 2604 2857 2679 valere

619 2717 950 2792 eiusmodi
985 2718 1321 2793 connubia
1355 2719 1457 2794 sic
1490 2718 1657 2793 inita
1693 2719 1762 2791 in
1800 2720 2060 2793 ratione
2094 2720 2263 2794 meri
2297 2735 2684 2793 contractus
2705 2720 2856 2794 sive

621 2830 948 2906 naturalis
1000 2832 1146 2906 sive
1192 2832 1413 2907 civilis
1433 2889 1449 2921 ‚
1507 2859 1708 2908 secus
1757 2860 1836 2907 ac
1876 2834 2287 2909 contendant
2328 2833 2856 2934 adstipulatores

619 2945 992 3021 contrariae
1024 2948 1432 3036 sententiae,
1472 2948 1589 3047 qui
1624 2947 2051 3046 distinguunt
2090 2948 2161 3023 in
2199 2949 2628 3024 matrimonio
2653 2949 2854 3023 etiam

621 3061 993 3134 christiano
1045 3061 1367 3135 rationem
1409 3063 1810 3135 sacramenti
1837 3090 1879 3136 a
1907 3063 2164 3137 ratione
2197 3079 2579 3138 contractus
2600 3122 2616 3151 ,
2659 3081 2863 3163 prout

620 3201 776 3251 cum
798 3191 916 3249 aut
934 3177 1081 3250 sine
1105 3175 1569 3251 benedictione
1585 3176 1984 3251 sacerdotali
2005 3177 2242 3251 initum
2263 3177 2486 3251 fuerit.
2511 3180 2859 3251 Praeterea

621 3317 704 3365 ex
724 3290 1103 3379 Guilielmo,
1123 3306 1199 3364 ut
1220 3291 1538 3380 vidimus,
1564 3291 1974 3367 connubium
1998 3293 2201 3367 etiam
2230 3293 2379 3366 sine
2394 3292 2859 3367 benedictione

622 3406 1021 3481 sacerdotali
1068 3406 1476 3480 ceiebratum
1524 3422 1630 3480 est
1680 3434 1911 3482 verum
1963 3408 2460 3482 matrimonium
2487 3465 2503 3495 ‚
2547 3407 2751 3481 immo
2791 3422 2861 3482 et

622 3538 1152 3608 sacramentum3
1187 3547 1379 3619 ergo,
1422 3522 1567 3623 qui,
1619 3522 2095 3620 praetermissa
2137 3523 2601 3598 benedictione
2635 3548 2862 3597 sacer-

622 3633 855 3723 dotali,
888 3635 1056 3708 illud
1085 3634 1350 3723 ineunt,
1398 3650 1557 3710 sunt
1592 3660 1751 3710 vere
1779 3654 1847 3712 et
1881 3637 2150 3736 proprie
2185 3638 2509 3735 coniuges
2530 3694 2547 3723 ,
2594 3663 2859 3711 eorum·-

622 3773 755 3847 que
780 3749 1003 3847 proles
1028 3748 1324 3847 legitima
1350 3765 1477 3836 est,
1508 3749 1709 3822 etiam
1737 3777 1818 3823 ex
1843 3752 2146 3827 eiusdem
2162 3751 2498 3825 Guilielmi
2524 3751 2852 3827 doctrina.

769 3864 1053 3938 Domum
1076 3923 1093 3952 ,
1134 3880 1209 3939 ut
1253 3880 1518 3939 constat
1566 3891 1648 3939 ex
1697 3865 1921 3941 allatis
1960 3867 2287 3953 textibus,
2326 3866 2725 3941 Guilielmns
2762 3891 2863 3939 re-

625 3977 792 4078 petit
836 3981 1255 4054 sanctitatem
1306 3980 1600 4081 coniugii
1656 3980 2004 4056 christiani
2062 4009 2145 4056 ex
2196 3983 2349 4080 ipsa
2398 3997 2637 4057 natura
2681 3982 2865 4080 siqui

624 4094 804 4167 sacri
832 4107 894 4164 et
924 4098 1248 4169 sacrantis
1270 4153 1285 4183 ,
1320 4094 1500 4196 quod
1535 4095 1714 4171 inest
1736 4096 2048 4194 coniugio
2085 4096 2243 4196 ipsi,
2292 4122 2415 4170 seu
2454 4094 2854 4181 consensui,

626 4232 763 4307 quo
789 4206 996 4281 initur
1034 4209 1440 4283 connubium
1469 4269 1485 4299 ,
1535 4226 1868 4310 quatenus
1913 4209 2278 4307 praesefert
2322 4207 2857 4285 coniunctionem

629 4319 1047 4420 spiritualem
1096 4322 1362 4397 animae
1410 4350 1562 4396 cum
1606 4324 1782 4409 De0,
1830 4349 2112 4423 eamque
2159 4323 2851 4407 vehementissimam,
