3276 5083
691 416 831 487 254
1078 439 1201 487 m.
1246 439 1292 487 1.
1335 435 1508 487 secr.
1549 436 1811 486 Atreu.
1854 436 1933 485 ns
1984 435 2245 486 ιΑτιιιι.
2278 435 2493 485 mviu.

827 555 1058 652 Itaque
1092 553 1203 626 his
1238 553 1554 651 expensis
1588 553 1770 625 circa
1803 550 2002 625 civile
2035 551 2444 624 connubium
2495 550 2623 625 sub
2662 556 2931 652 quovis

683 682 987 766 respectu
1035 693 1117 740 ex
1168 684 1390 740 mente
1448 665 1744 753 illorum,
1812 681 2044 738 contra
2087 690 2259 764 quos
2310 666 2575 762 agimus
2602 722 2618 753 ,
2675 670 2925 764 negari

682 783 919 855 iterum
972 781 1247 855 minime
1296 796 1513 879 potest
1560 779 1794 854 civiles
1854 780 2125 879 nuptias
2186 778 2272 852 ad
2322 778 2616 854 familiae
2668 806 2748 855 ac
2801 809 2930 855 so-

679 898 942 971 cietatis
993 895 1506 970 dissolutionem
1557 893 1851 968 tendere.

824 1012 1174 1111 Reliquum
1209 1027 1343 1097 est,
1384 1027 1458 1083 ut
1499 1035 1606 1083 res
1651 1010 1805 1107 ipsa
1848 1008 2241 1082 conficiatur
2262 1034 2343 1080 ex
2370 1009 2929 1085 consideratione

679 1127 888 1227 prolis
937 1142 1120 1201 ortae
1152 1184 1167 1213 ‚
1223 1141 1338 1198 aut
1377 1125 1669 1198 oriturae
1715 1151 1798 1196 ex
1846 1123 2179 1220 coniugiis
2222 1123 2573 1210 civilibus3
2616 1143 2912 1224 praeter·

681 1243 914 1317 missis
949 1268 1123 1342 quae
1173 1241 1258 1314 de
1307 1240 1620 1339 religiosa
1654 1266 1734 1312 ac
1768 1238 2003 1312 morali
2054 1238 2357 1312 eiusdem
2409 1238 2661 1313 sobolis
2712 1241 2915 1315 insti-

678 1359 931 1432 tutione
979 1356 1206 1456 paullo
1254 1373 1409 1429 ante
1458 1354 2126 1429 commemoravimus
2160 1411 2176 1441 ‚
2234 1370 2530 1427 nostram
2579 1358 2910 1428 converti-

683 1499 831 1545 mus
858 1473 1286 1545 attentionem
1313 1471 1398 1544 ad
1429 1471 1813 1544 istiusmodi
1844 1469 2203 1543 liberorum
2229 1470 2711 1543 conditionem.
2742 1471 2913 1544 Cum

679 1613 1052 1660 consensus
1078 1611 1118 1658 a
1141 1585 1690 1659 contrahentibus
1725 1585 2066 1658 exhibitus
2093 1610 2317 1658 coram
2344 1584 2489 1658 solo
2518 1586 2913 1682 magistratu

682 1700 863 1774 civili
898 1699 984 1772 ad
1024 1699 1472 1772 exclusionem
1507 1698 1857 1787 ecclesiae,
1892 1698 2141 1771 nullius
2178 1724 2452 1798 prorsus
2493 1698 2743 1772 valoris
2778 1700 2904 1785 sit,

685 1839 805 1886 nec
855 1813 1127 1911 proprie
1162 1813 1412 1887 dictum
1461 1827 1875 1887 contractum
1926 1813 2343 1910 coniugalem
2394 1812 2643 1886 efficiat
2674 1871 2691 1899 ,
2748 1814 2916 1886 isto-

688 1954 831 2001 rum
886 1928 1010 1999 filii
1063 1945 1256 2001 erunt
1306 1928 1580 2003 totidem
1616 1929 1832 2027 spurii
1872 1953 1952 2002 ac
1985 1928 2352 2026 illegitimi,
2394 1928 2602 2028 idque
2633 1955 2767 2003 non
2802 1956 2916 2002 so-

567 2103 572 2107 «
685 2043 824 2116 lum
874 2070 1097 2118 coram
1140 2044 1424 2119 ecclesia
1450 2102 1465 2131 ‚
1509 2044 1628 2118 sed
1665 2043 1866 2117 etiam
1919 2059 2224 2142 respectu
2272 2043 2492 2141 ipsius
2542 2043 2917 2117 societatis,

686 2160 784 2233 De
833 2158 1120 2234 ecclesia
1162 2185 1294 2232 non
1345 2174 1492 2246 est,
1550 2159 1732 2259 quod
1780 2159 2200 2245 dubitemus;
2252 2157 2474 2257 quoad
2528 2158 2917 2232 societatem

683 2273 880 2348 facile
943 2274 1337 2349 ostenditur.
1398 2277 1563 2346 Nam
1625 2274 1780 2347 licet
1837 2273 2006 2370 legis
2070 2273 2138 2344 vi
2206 2272 2403 2346 civile
2462 2273 2759 2369 regimen
2821 2274 2916 2346 ita

683 2406 1062 2487 procreatos
1117 2388 1293 2462 filios
1343 2404 1599 2486 spectet
1648 2404 1986 2487 tamquam
2038 2385 2406 2482 legitimos,
2470 2385 2914 2461 nihilominus

683 2502 968 2605 populus
1013 2502 1421 2577 christianus
1465 2528 1580 2576 eos
1622 2528 1887 2602 semper
1912 2528 1991 2576 ac
2016 2500 2254 2599 iugiter
2279 2501 2375 2575 uti
2404 2500 2670 2601 spurios
2704 2500 2916 2576 habe·

682 2616 819 2702 bit,
880 2632 1108 2714 utpote
1153 2616 1239 2688 ab
1282 2615 1627 2712 illegitimo
1671 2630 1816 2688 toro
1857 2631 2037 2688 ortos
2065 2672 2081 2703 ,
2123 2641 2243 2689 seu
2279 2641 2320 2688 a
2353 2615 2712 2689 fornicaria
2753 2641 2919 2688 con·

683 2730 1022 2803 iunctione
1073 2730 1481 2830 progenitos.
1543 2732 1923 2828 Numquam
1974 2731 2118 2803 sive
2166 2729 2272 2803 lex
2325 2730 2469 2803 sive
2515 2729 2914 2828 gubernium

684 2842 770 2916 ab
819 2843 950 2916 hac
999 2844 1407 2942 turpitudine
1454 2870 1571 2918 eos
1627 2843 1982 2941 absterget.
2049 2845 2258 2919 Insita
2320 2872 2402 2919 ea
2450 2861 2556 2919 est
2612 2847 2916 2943 ipsorum

683 2956 926 3054 origini
984 2973 1050 3031 et
1100 2958 1169 3030 in
1231 2959 1566 3031 communi
1620 2958 1970 3032 hominum
2020 2986 2228 3034 sensu
2278 2975 2342 3033 et
2387 2960 2455 3033 in
2503 2962 2914 3035 conscientia

686 3072 1209 3146 christianorum
1237 3132 1252 3161 ‚
1306 3100 1479 3173 quae
1530 3074 1928 3173 cuicumque
1976 3074 2309 3147 humanae
2359 3076 2492 3173 legi
2545 3074 2909 3173 praevalet.

687 3188 870 3261 Haec
913 3203 1130 3261 autem
1183 3189 1359 3262 inter
1405 3188 1739 3286 legitimos
1782 3205 1983 3287 atque
2018 3187 2401 3286 illegitimos
2436 3188 2754 3263 discretio
2786 3190 2915 3262 mi-

685 3331 832 3378 rum
874 3321 979 3377 est
1017 3332 1215 3405 quem
1268 3305 1596 3378 influxum
1648 3304 1719 3377 in
1770 3305 2156 3379 societatem
2206 3321 2533 3378 exerceat.

830 3419 1102 3493 Accedit
1152 3419 1331 3519 quod
1370 3419 1429 3493 si
1467 3419 1800 3492 eiusmodi
1856 3419 1977 3492 filii
2025 3419 2269 3492 suerint
2318 3445 2398 3492 ex
2454 3417 2721 3492 diverso
2768 3434 2916 3492 toro

685 3536 861 3623 nati,
904 3534 1234 3635 quaedam
1275 3534 1449 3607 inter
1480 3560 1597 3607 eos
1632 3551 1871 3632 suapte
1922 3550 2160 3607 natura
2208 3533 2458 3607 oriatur
2492 3533 2904 3632 antipathia,

684 3676 887 3749 quam
918 3665 1191 3732 vocant,
1234 3674 1355 3721 seu
1389 3648 1594 3719 animi
1644 3648 1908 3721 aversio
1931 3705 1947 3734 ‚
1989 3673 2166 3746 quae
2199 3672 2329 3719 non
2369 3672 2518 3719 raro
2552 3647 2918 3719 succrescit

684 3782 884 3863 atque
935 3764 1005 3837 in
1056 3779 1284 3863 aperta
1323 3762 1478 3836 odia
1527 3763 1865 3861 erumpit,
1925 3762 2017 3834 ita
2066 3777 2140 3835 ut
2188 3761 2471 3835 invicem
2524 3787 2675 3834 sese
2724 3787 2913 3834 aver—

685 3895 942 3952 sentur.
979 3879 1275 3976 Augetur
1307 3894 1527 3950 autem
1564 3878 1809 3950 mirum
1843 3878 1913 3950 in
1948 3876 2219 3951 modum
2258 3903 2465 3976 prava
2504 3877 2674 3950 haec
2704 3877 2911 3949 animi

686 3993 1084 4090 dispositio,
1126 3992 1242 4065 ubi
1280 3992 1502 4089 agitur
1534 3991 1618 4064 de
1655 3991 1965 4064 adeunda
2005 3989 2419 4063 haereditate
2462 3990 2606 4063 sive
2640 4004 2915 4088 paterna

688 4108 832 4182 sive
880 4125 1203 4182 materna.
1244 4106 1417 4179 Hinc
1460 4104 1610 4181 lites
1648 4107 1838 4203 iuges
1875 4106 2045 4180 inter
2078 4133 2196 4181 eos
2231 4121 2637 4179 enascuntur
2671 4120 2736 4177 et
2768 4130 2915 4177 suc·

686 4236 1039 4308 crescunt,
1115 4247 1290 4321 quae
1357 4219 1615 4294 nullum
1668 4238 1741 4292 ut
1800 4220 2158 4320 plurimum
2230 4219 2488 4293 felicem
2551 4219 2917 4292 sortiuntur

687 4336 958 4410 exitum.
1017 4335 1267 4412 Omnes
1303 4336 1476 4412 inter
1510 4333 1882 4408 simultates
1933 4334 2324 4410 adolescunt
2358 4351 2424 4408 et
2455 4332 2616 4406 odia
2649 4349 2907 4418 mutua,
