3276 5083
613 480 753 531 ear.
780 480 869 531 iv.
904 480 985 532 ne
1019 479 1254 533 aucun.
1290 481 1406 532 rso
1440 482 1597 534 zeon
1632 482 1713 532 ns
1749 482 1936 534 nnn.
1971 481 2096 532 civ.
2129 482 2269 534 aar.
2303 484 2350 534 1.
2492 463 2622 534 361

566 601 832 675 Utinam
890 624 1047 674 vero
1095 599 1290 674 civile
1337 600 1633 698 regimen
1695 625 2062 698 numquam
2107 602 2466 699 profanum
2515 628 2632 702 pe-

416 718 609 804 dem,
667 734 742 791 ut
786 732 1008 791 orator
1056 715 1393 817 loquitur,
1436 716 1504 788 in
1543 741 1807 790 sacrum
1861 716 2206 813 religionis
2256 716 2629 791 dominium

418 833 693 906 inferret
731 833 749 904 l
813 834 942 908 Res
994 832 1289 932 profecto
1340 831 1535 929 longe
1585 831 1828 905 melius
1878 830 2453 931 progrederentur.
2517 832 2632 906 Ve-

420 973 569 1020 rum
603 946 765 1020 dum
801 948 955 1022 novi
992 946 1462 1045 legumlatores
1500 945 1568 1017 in
1606 945 2062 1020 sanctuarium
2105 969 2256 1019 sese
2297 946 2624 1034 inferunt,

414 1077 481 1137 et
529 1063 755 1136 omnia
801 1087 998 1137 sacra
1047 1062 1194 1135 iura
1246 1060 1654 1161 pervadunt,
1697 1085 1875 1135 nunc
1909 1060 2224 1160 scrupulo
2256 1077 2623 1158 anguntur,

414 1202 499 1251 ne
533 1177 592 1251 si
629 1176 797 1251 sorte
831 1176 959 1251 sub
994 1174 1317 1275 adspectu
1354 1175 1668 1272 religioso
1703 1174 2199 1248 matrimonium
2235 1176 2622 1274 respiciant,

412 1291 483 1362 in
519 1317 710 1366 sacro
748 1291 1092 1389 religionis
1126 1292 1428 1365 dominio
1480 1292 1831 1391 profanum
1886 1290 2123 1389 pedem
2174 1290 2404 1387 figant.
2447 1290 2628 1365 Haec

410 1405 655 1502 agendi
709 1406 879 1480 ratio
930 1406 1236 1479 nonnihil
1289 1405 1675 1505 hypocrisis
1727 1404 1926 1503 sapit.

554 1520 655 1592 Ad
700 1521 768 1594 id
812 1548 994 1610 vero,
1035 1522 1216 1622 quod
1253 1520 1485 1596 subdit
1532 1520 1699 1594 alter
1744 1537 2005 1605 orator,
2051 1520 2436 1616 coniugium
2475 1545 2630 1594 esse

412 1651 630 1709 actum
653 1638 1082 1710 essentialiter
1104 1636 1431 1721 socialem,
1466 1636 1881 1734 reponimus,
1913 1633 2040 1707 sub
2065 1632 2294 1734 aliquo
2320 1650 2625 1734 respectu

406 1751 477 1825 id
524 1753 954 1826 verissimum
1009 1778 1163 1826 esse
1194 1810 1209 1839 ,
1269 1778 1349 1825 ac
1401 1751 1683 1851 proinde
1733 1764 2067 1851 quatenus
2118 1750 2504 1846 coniugium
2555 1750 2625 1823 in

406 1868 723 1942 societate
775 1867 1194 1943 contrahitur
1215 1925 1230 1954 ,
1273 1884 1473 1967 atque
1508 1866 1764 1941 idcirco
1799 1866 1963 1939 dicit
2001 1880 2221 1938 actum
2274 1864 2617 1951 socialem,

405 2007 540 2053 non
581 1981 942 2054 abnuimus
988 1981 1073 2054 ad
1125 1982 1501 2080 principem
1555 1981 1890 2079 pertinere
1939 2004 2101 2053 suas
2152 1978 2332 2075 leges
2382 1979 2627 2052 consti-

408 2112 629 2179 tuere,
687 2121 862 2195 quae
914 2094 1095 2168 hunc
1145 2109 1412 2180 actum,
1470 2110 1668 2193 prout
1714 2091 1987 2166 socialis
2022 2105 2163 2179 est,
2202 2092 2497 2189 dirigant
2546 2117 2625 2166 ac

408 2207 837 2283 moderentur
885 2235 971 2282 ne
1018 2208 1183 2282 ordo
1233 2206 1546 2306 publicus
1597 2205 1899 2279 turbetur
1924 2262 1940 2292 ,
1997 2222 2113 2278 aut
2159 2205 2450 2279 societas
2501 2205 2625 2279 ali-

404 2322 587 2422 quod
621 2322 1091 2396 detrimentum
1129 2321 1393 2420 capiat3
1437 2345 1656 2420 neque
1688 2344 2010 2418 umquam
2044 2317 2331 2393 ecclesia
2356 2319 2425 2392 id
2449 2319 2624 2427 ipsis

403 2436 774 2510 interdixit.
831 2435 962 2509 Sed
1017 2461 1168 2510 cum
1224 2434 1533 2535 primitus
1584 2433 1967 2530 coniugium
2020 2433 2112 2505 sit
2155 2448 2342 2506 actus
2387 2457 2624 2507 essen-

400 2551 646 2626 tialiter
679 2552 1068 2651 religiosus,
1120 2551 1516 2652 praesertim
1560 2550 1735 2624 inter
1782 2548 2210 2636 christianos,
2253 2547 2340 2621 de
2372 2547 2621 2648 quibus

402 2667 668 2764 agimus
695 2724 711 2753 ,
768 2681 835 2740 et
883 2690 1005 2766 per
1045 2680 1266 2740 actum
1310 2664 1696 2764 religiosum
1734 2663 1802 2735 in
1840 2688 1965 2736 suo
1998 2688 2153 2735 esse
2185 2662 2624 2736 constituatur

400 2782 539 2857 veri
576 2780 996 2882 legitimique
1027 2779 1363 2878 coniugii,
1407 2779 1491 2853 ad
1527 2777 1881 2852 ecclesiam
1914 2776 2115 2850 unice
2146 2792 2404 2876 spectat
2437 2774 2620 2874 leges

400 2895 691 2969 condere
715 2954 731 2982 ,
786 2921 962 2995 quae
1023 2896 1172 2970 eius
1239 2894 1603 2970 essentiam
1656 2893 2025 2990 attingant,
2082 2890 2460 2965 cuiusmodi
2515 2906 2617 2964 est

400 3009 740 3082 vinculum
793 3035 943 3084 cum
995 3011 1140 3084 suis
1194 3008 1740 3110 proprietatibus,

555 3122 720 3196 Cum
758 3124 962 3221 igitur
992 3151 1074 3197 ex
1109 3125 1460 3198 contrariis
1505 3124 1727 3223 iisque
1767 3122 1957 3196 falsis
2001 3121 2356 3223 principiis
2401 3134 2622 3194 orator

402 3236 518 3311 hic
566 3236 1066 3338 progrediatur,
1112 3237 1280 3311 ratio
1329 3253 1611 3336 apparet
1659 3262 1868 3336 quare
1916 3236 2064 3335 ipse
2113 3234 2391 3306 miretur
2440 3258 2620 3307 revo-

399 3353 534 3427 cari
589 3353 659 3425 in
703 3353 984 3427 dubium
1039 3351 1423 3447 (debuisset
1467 3351 1603 3425 imo
1652 3351 1874 3425 dicere
1910 3350 2188 3447 neqari)
2234 3363 2480 3421 statum
2531 3347 2619 3420 ci-

397 3464 599 3540 vilem
651 3466 836 3541 baud
889 3468 1019 3540 srui
1073 3468 1272 3568 plena
1339 3465 1643 3541 libertate
1702 3465 1881 3540 circa
1942 3463 2326 3561 coniugium
2379 3488 2459 3536 ac
2507 3487 2622 3563 po-

402 3596 663 3656 testate.
731 3582 869 3657 Nos
939 3582 1161 3682 potius
1237 3581 1382 3655 iure
1448 3581 1822 3679 meritoque
1900 3578 2221 3651 miramur
2290 3592 2618 3650 oratorem

400 3695 842 3770 christianum
894 3712 961 3770 et
999 3696 1405 3784 catholicum
1444 3694 1754 3769 dubitare
1805 3693 2107 3793 potuisse
2130 3748 2145 3779 ,
2186 3691 2369 3791 quod
2403 3689 2618 3764 solius

400 3807 725 3884 ecclesiae
758 3810 850 3883 sit
879 3825 1288 3885 contractum
1335 3807 1756 3906 coniugalem
1797 3833 1919 3916 seu
1958 3823 2450 3881 sacramentum
2484 3825 2621 3879 mo·-

397 3922 620 3998 derari
645 3980 660 4009 ‚
718 3938 944 4023 utpote
1002 3949 1141 3998 rem
1193 3949 1386 3998 suam
1414 3980 1430 4010 ‚
1488 3922 1689 4022 eique
1740 3919 1892 3996 soli‘
1925 3945 1967 3992 a
2015 3918 2286 3992 Christo
2349 3943 2619 3993 concre-

395 4036 629 4112 ditam.
688 4037 854 4112 Eius
905 4037 1211 4139 deceptio
1233 4095 1248 4124 ‚
1291 4054 1492 4138 atque
1524 4052 1879 4138 propterea
1912 4034 2377 4108 admirationis
2410 4058 2620 4130 causa

396 4154 703 4252 provenit
750 4178 831 4226 ex
886 4152 1153 4228 fictione
1174 4152 1322 4227 -illa
1368 4151 1614 4251 legali,
1664 4150 1848 4250 quod
1889 4149 2389 4223 matrimonium
2437 4174 2619 4224 seor—

399 4291 548 4341 sum
581 4294 623 4341 a
657 4269 983 4368 religione
1032 4269 1319 4370 spectari
1374 4267 1595 4368 possit
1646 4282 1763 4340 aut
1809 4265 2071 4340 debeat.
2128 4262 2477 4341 Eiusmodi
2520 4262 2618 4337 le-

397 4382 583 4477 gales
636 4384 941 4460 fictiones
994 4383 1242 4459 multos
1296 4384 1363 4453 in
1416 4405 1708 4455 errorem
1762 4379 2186 4466 induxerunt.
