3276 5083
670 431 808 505 3⁶2
1070 454 1193 507 un.
1236 454 1282 503 1.
1327 452 1500 504 sacr.
1542 454 1806 504 urum.
1848 454 1929 505 nn
1964 455 2227 507 numu.
2259 455 2476 507 crviu.

814 570 1012 658 Quod
1063 571 1297 647 adiicit
1326 571 1413 645 de
1447 570 1774 668 religione
1806 571 1897 644 ad
1929 573 2182 644 caelum
2231 573 2555 648 evehente
2585 590 2785 671 pacta
2821 580 2898 648 in

669 690 864 762 torris
910 690 1164 772 iurata,
1205 687 1292 759 de
1335 686 1848 761 confirmatione
1879 702 1946 759 et
1979 686 2447 762 benedictione
2493 690 2898 764 adveniente

674 804 792 892 iis,
823 829 1001 905 quae
1028 818 1321 903 potestas
1346 802 1571 876 civilis
1596 802 1948 875 constituit
1967 859 1982 888 ‚
2023 802 2310 878 mirifice
2347 804 2525 903 quod
2552 805 2852 880 diximus
2872 865 2890 891 ,

672 919 1021 1020 patefacit3
1063 919 1212 1017 ipse
1242 918 1425 992 enim
1460 918 1786 1018 supponit
1819 917 2209 1014 religionem
2245 945 2367 992 seu
2402 937 2896 995 sacramentum

672 1035 969 1111 accedere
1001 1059 1124 1110 seu
1158 1032 1363 1107 adiici
1413 1033 1785 1107 contractui
1836 1032 2061 1120 civili,
2109 1034 2304 1132 quasi
2354 1061 2597 1134 nempe
2632 1062 2753 1134 per
2785 1064 2898 1110 so-

674 1150 814 1225 lum
863 1164 1084 1225 aetum
1135 1146 1409 1221 civilem·
1455 1147 1643 1220 fieret
1690 1147 2192 1221 matrimonium
2212 1204 2230 1235 ‚
2285 1163 2352 1221 et
2390 1164 2594 1246 pacta
2641 1152 2890 1233 iurata,

673 1281 749 1340 ut
782 1265 932 1365 ipse
965 1264 1284 1364 loquitur,
1327 1263 1522 1336 firma
1554 1289 1635 1336 ae
1672 1277 1816 1335 rata
1850 1289 2002 1336 esse
2051 1263 2202 1336 sine
2249 1280 2666 1338 sacramento
2687 1322 2704 1350 ‚
2742 1291 2895 1339 cum

677 1380 905 1479 reipsa
951 1379 1099 1453 sine
1148 1394 1569 1451 sacramento
1603 1377 1791 1450 nulla
1829 1377 2006 1463 sint,
2057 1402 2180 1451 seu
2225 1378 2479 1452 nullius
2532 1378 2735 1477 plane
2781 1406 2900 1453 va—

674 1494 866 1569 loris.
923 1494 1157 1593 Itaque
1210 1492 1443 1589 religio
1493 1517 1613 1565 seu
1674 1509 2166 1566 sacramentum
2226 1492 2444 1566 solum
2503 1510 2655 1579 est,
2716 1495 2898 1594 quod

678 1635 836 1684 vere
892 1607 1238 1687 constituit
1291 1624 1702 1681 contractum
1763 1607 2182 1703 coniugalem
2210 1665 2226 1693 ,
2276 1622 2343 1682 et
2394 1607 2499 1681 lex
2548 1608 2770 1684 civilis
2819 1635 2902 1682 ea

685 1724 908 1823 reipsa
940 1738 1046 1797 est
1067 1779 1085 1808 ,
1123 1747 1300 1821 quae
1346 1721 1606 1794 accedit
1652 1721 1739 1793 ad
1789 1721 2289 1801 matrimonium
2340 1722 2475 1794 iam
2528 1721 2900 1797 coniectum

678 1838 879 1938 eique
919 1838 1054 1910 iam
1097 1837 1166 1909 in
1209 1862 1334 1910 suo
1374 1861 1529 1910 esse
1579 1836 1940 1910 constituto
1989 1836 2325 1912 adiicitur.
2383 1837 2603 1936 Atque
2653 1838 2906 1913 idcirco

676 1979 724 2027 a
771 1953 978 2041 falso,
1035 1951 1217 2052 quod
1268 1967 1544 2038 vocant,
1603 1950 1958 2050 supposito
2008 1951 2160 2050 ipse
2208 1951 2509 2050 procedit
2560 1978 2640 2026 ac
2700 1952 2903 2025 ratio—

677 2070 963 2145 cinatur.

826 2186 1017 2258 quta
1065 2184 1373 2258 eumdem
1422 2201 1748 2258 oratorem
1798 2183 2002 2257 debet
2047 2181 2336 2257 ecclesia
2384 2182 2629 2257 adesse
2676 2184 2897 2256 matri·

668 2301 909 2377 monio
958 2300 1192 2375 eadem
1242 2301 1535 2387 ratione,
1576 2327 1716 2400 qua
1745 2297 1944 2372 adest
1979 2298 2309 2371 nativitati
2346 2323 2426 2372 ac
2461 2298 2690 2384 morti,
2732 2323 2909 2395 quae

678 2444 723 2491 a
765 2432 1005 2492 natura
1042 2430 1240 2502 sunt,
1297 2443 1516 2515 neque
1563 2415 1650 2490 ab
1696 2413 1981 2489 ecclesia
2035 2413 2363 2512 pendent,
2405 2414 2538 2486 nisi
2574 2429 2908 2512 quatenus

681 2532 835 2608 illas
881 2530 1280 2608 sanctificat.
1327 2531 1448 2606 Ast
1487 2530 1853 2632 disparitas
1889 2530 1960 2603 in
1993 2557 2077 2605 eo
2119 2546 2256 2616 est,
2298 2529 2479 2631 quod
2526 2544 2911 2603 contractus

680 2648 1007 2722 naturalis
1076 2648 1226 2746 ipse
1290 2664 1561 2723 evectus
1634 2647 1724 2721 sit
1794 2647 1882 2721 ad
1958 2645 2354 2744 dignitatem
2434 2644 2839 2718 sacramenti
2884 2701 2903 2729 ‚

683 2787 768 2836 ac
816 2763 884 2834 in
936 2763 1089 2860 ipsa
1137 2763 1539 2836 sacramenti
1582 2762 1935 2837 collatione
1975 2762 2088 2833 ille
2138 2761 2598 2836 tantummodo
2644 2760 2911 2855 exurgit

687 2890 889 2975 atque
923 2876 1270 2975 perficitur
1289 2933 1305 2963 ‚
1354 2876 1658 2975 adeoque
1692 2876 1779 2950 ab
1812 2876 2099 2950 ecclesia
2147 2876 2422 2950 omnino
2473 2876 2756 2976 pendet,
2800 2899 2909 2946 se-

685 3017 808 3065 cus
860 3016 940 3065 ac
992 2991 1061 3063 in
1113 2992 1457 3065 nativitate
1500 3006 1566 3065 et
1616 3007 1828 3065 morte
1869 2991 2233 3087 contingat.
2278 3033 2282 3037 ·

1680 3239 1742 3327 §-
1802 3234 1904 3303 ιν.

712 3497 717 3508 ,
760 3455 1054 3507 Autonomia
1083 3468 1142 3506 ac
1172 3456 1412 3518 primatus
1444 3455 1672 3520 politicae
1697 3456 1954 3519 potestatis
1977 3457 2028 3505 et
2055 3453 2298 3518 separatio
2327 3457 2487 3526 statue
2513 3453 2576 3505 ab
2607 3454 2835 3506 Ecclesia.

837 3672 1177 3772 Principio
1223 3672 1675 3748 distinctionis
1722 3673 1896 3748 inter
1947 3671 2389 3746 christianum
2434 3687 2501 3743 et
2550 3671 2770 3743 civem·
2815 3671 2917 3742 af-

686 3789 827 3864 fine
877 3803 984 3861 est
1037 3787 1445 3885 principium
1496 3787 1922 3864 autonomiae
1960 3812 2040 3859 ac
2082 3785 2408 3884 primatus
2447 3783 2756 3881 politicae
2796 3809 2914 3881 po-

690 3904 952 3983 testatis
973 3960 989 3989 ,
1028 3903 1611 4002 separationisque
1637 3918 1854 3982 status
1883 3901 1970 3973 ab
1994 3900 2303 3975 ecclesia.
2339 3900 2481 3972 Hoc
2507 3897 2910 3997 principium

692 4017 1094 4116 saepissime
1143 4017 1229 4090 ad
1274 4018 1647 4094 satietatem
1700 4042 1918 4115 usque
1970 4014 2369 4088 inculcatum
2420 4029 2564 4097 est,
2623 4011 2916 4110 quando-

691 4158 826 4232 que
884 4132 1014 4208 sub
1066 4149 1348 4231 aspectu
1396 4159 1583 4210 mere
1635 4131 1942 4231 politico,
1999 4131 2414 4229 quandoque
2462 4127 2589 4201 sub
2639 4143 2917 4224 aspectu

691 4249 891 4323 etiam
930 4249 1075 4348 pio,
1111 4275 1189 4324 ac
1224 4251 1283 4325 si
1321 4248 1712 4326 huiusmodi
1753 4247 2089 4346 separatio
2136 4246 2442 4343 religioni
2480 4247 2611 4346 ipsi
2651 4245 2919 4344 prodes·

694 4381 831 4451 set,
873 4390 1006 4439 non
1043 4390 1194 4439 raro
1245 4364 1373 4438 sub
1422 4378 1698 4464 aspectu
1743 4380 1975 4463 aperte
2025 4362 2398 4458 irreligioso
2432 4375 2638 4460 atque
2676 4359 2909 4458 impio.
