3276 5083
666 366 812 416 cir.
847 369 915 415 v:
947 368 1026 419 ns
1050 370 1301 423 iumsr.
1332 372 1643 424 coimus.
1670 375 1812 425 aar.
1847 376 1942 426 111.
1976 376 2211 428 anana.
2247 378 2471 429 maor..
2586 358 2719 429 162

476 510 695 586 gere,
734 511 911 587 quae
961 490 1326 564 novissime
1370 492 1524 566 Pius
1564 494 1673 565 lx.
1719 494 1785 564 in
1831 494 2257 569 damnatione
2306 525 2582 598 operum
2620 502 2714 573 lo.

487 602 947 701 Nepomuceni
1000 606 1213 704 Nuytz
1265 607 1663 704 professoris
1718 609 2117 682 taurinensis
2136 610 2392 683 edixit:
2457 643 2491 680 «
2527 612 2725 687 Plura

478 744 801 818 quoque,
857 720 1113 818 inquit,
1172 722 1258 793 de
1308 724 1732 796 matrimonio
1781 722 1950 797 falsa
1998 743 2388 799 asseruntur
2429 725 2540 820 (in
2570 755 2724 825 pro-

487 834 765 933 scriptis
782 836 1132 934 operihus)
1151 866 1165 909 :
1191 837 1378 910 nulla
1394 840 1652 913 ratione
1671 840 1813 912 fieri
1845 867 2045 940 posse
2060 841 2401 914 Christum
2420 844 2723 917 evexisse

490 950 989 1025 matrimonium
1025 952 1110 1024 ad
1147 952 1540 1050 dignitatem
1577 956 2013 1042 sacramenti;
2056 956 2463 1030 matrimonii
2499 983 2725 1032 sacra-

480 1082 788 1139 mentum
815 1092 950 1140 non
974 1093 1128 1141 esse
1168 1068 1300 1142 nisi
1344 1070 1510 1168 quid
1552 1072 1922 1144 contractui
1963 1073 2446 1157 accessorium,
2491 1073 2580 1145 ab
2611 1100 2722 1147 eo-

478 1207 623 1279 que
688 1181 1068 1281 separabile
1108 1241 1124 1269 ,
1201 1186 1538 1283 ipsumque
1601 1203 2079 1259 sac-ramentum
2143 1189 2214 1260 in
2269 1215 2405 1260 una
2473 1203 2724 1262 tantum

490 1298 788 1393 nuptiali
836 1296 1266 1370 benedictione
1297 1301 1500 1371 situm
1532 1326 1666 1372 esse
1699 1303 1928 1396 (52).»
1962 1301 2129 1373 Cum
2166 1301 2238 1372 hi
2275 1303 2541 1375 articuli
2579 1330 2724 1403 pro-

490 1409 720 1509 scripti
774 1409 1023 1484 fuerint
1063 1412 1267 1485 veluti
1321 1412 1476 1487 falsi
1532 1441 1609 1488 ac
1659 1417 1962 1503 erronei,
2023 1433 2205 1516 patet
2254 1419 2437 1491 iuxta
2486 1419 2719 1492 catho—

484 1525 686 1598 licam
735 1526 1110 1600 doctrinam
1155 1544 1290 1600 tum
1334 1532 1399 1599 1.
1436 1528 1779 1603 Christum
1831 1532 2328 1605 matrimonium
2365 1591 2380 1619 ,
2426 1560 2547 1606 seu
2602 1560 2722 1606 na-

480 1641 788 1714 nuralem
852 1643 1146 1740 coniugii
1211 1661 1622 1718 contractum
1681 1646 1781 1718 ‘ad
1852 1649 2248 1722 sacramenti
2323 1647 2719 1746 dignitatem

476 1757 842 1844 evexisse3
900 1773 1039 1830 tum
1093 1759 1161 1829 2.
1206 1761 1604 1832 sacramenti
1660 1761 1983 1835 rationem
2035 1762 2103 1834 in
2156 1762 2491 1836 connubio
2541 1764 2723 1835 chri—

474 1873 708 1946 stiano
770 1872 1169 1946 identificari
1239 1901 1390 1947 cum
1461 1877 1609 1975 ipso
1676 1894 2070 1965 eontractu;
2134 1894 2271 1950 tum
2328 1881 2393 1950 3.
2450 1880 2721 1952 demum

479 2004 978 2061 sacramentum
1028 1989 1493 2063 benedictione
1544 1992 1939 2065 sacerdotali
1978 1993 2254 2065 minime
2289 1994 2558 2092 perfici,
2601 1994 2722 2065 ad—

481 2129 737 2203 eoque,
791 2122 987 2204 prout
1036 2106 1415 2178 necessario
1467 2107 1806 2205 sequitur,
1868 2107 2051 2178 haud
2101 2133 2255 2180 esse
2307 2107 2717 2180 sacerdotem

486 2221 882 2291 sacramenti
929 2220 1337 2292 matrimonii
1372 2221 1753 2293 ministrum
1777 2278 1793 2305 ‚
1839 2222 1957 2294 sed
1994 2221 2463 2294 contrahentes
2501 2222 2710 2319 ipsos,

479 2335 584 2405 Ex
636 2334 744 2408 his
781 2351 1122 2438 praeterea
1174 2334 1543 2432 colligitur,
1591 2336 1988 2409 sententiam
2016 2337 2102 2408 de
2132 2336 2476 2410 sacerdote
2501 2338 2723 2408 matri-

476 2450 686 2523 monii
715 2451 1112 2523 sacramenti
1139 2451 1448 2524 ministro
1468 2450 1651 2522 illam
1682 2451 1813 2522 iam
1831 2451 2144 2524 amisisse
2152 2451 2707 2551 probabilitatem,

468 2594 678 2668 quam
715 2567 1115 2641 Benedictus
1138 2569 1303 2639 XlV.
1338 2583 1412 2640 ut
1451 2569 1748 2667 privatus
1784 2583 2014 2642 auctor
2045 2569 2263 2643 eidem
2299 2567 2708 2641 adstruebat.

621 2684 930 2787 idipsum
967 2685 1380 2758 enucleatius
1418 2684 1642 2759 adhuc
1682 2684 1858 2758 idem
1895 2708 2063 2757 rom.
2085 2686 2380 2784 pontifex
2411 2684 2719 2785 patefecit

474 2801 549 2871 in
586 2800 828 2874 litteris
865 2800 952 2872 ad
979 2800 1330 2874 Sardiniae
1374 2826 1595 2898 regem
1640 2800 1844 2887 datis,
1901 2826 2052 2872 cum
2102 2815 2409 2896 ageretur
2442 2799 2530 2871 de
2564 2824 2718 2898 pro-

476 2914 794 3014 ponenda
827 2915 974 3012 lege
1008 2915 1187 2989 circa
1222 2913 1606 3013 coniugium
1644 2914 1843 2987 civile
1873 2916 1938 2985 in
1968 2915 2260 2988 comitiis
2304 2914 2707 3013 subalpinis.

477 3032 554 3100 ln
592 3030 705 3103 his
738 3031 920 3103 enim
956 3030 1249 3104 declarat
1285 3035 1352 3101 1.
1389 3030 1545 3103 fidei
1584 3031 1830 3128 dogma
1863 3056 2019 3103 esse
2045 3029 2385 3102 Christum
2413 3030 2716 3101 evexisse

483 3145 984 3219 matrimonium
1040 3146 1127 3219 ad
1169 3145 1561 3243 dignitatem
1614 3146 2050 3232 sacramenti;
2097 3148 2163 3215 2.
2197 3144 2569 3216 doctrinam
2605 3168 2717 3218 ea—

483 3259 769 3334 tholicae
820 3261 1145 3335 ecclesiae
1194 3287 1389 3350 esse,
1448 3262 1630 3361 quod
1687 3277 2177 3335 sacramentum
2230 3285 2362 3332 non
2416 3259 2506 3331 sit
2553 3284 2717 3358 qua·

480 3372 640 3448 litas
685 3374 1116 3449 accidentalis
1163 3377 1526 3449 contractui
1580 3375 1918 3473 coniugali
1962 3375 2260 3460 adiecta,
2305 3373 2422 3446 sed
2460 3388 2716 3474 spectet

482 3488 571 3559 ad
621 3490 1028 3563 matrimonii
1076 3490 1294 3591 ipsiu's
1337 3491 1735 3577 essentiam,
1779 3489 1873 3561 ita
1907 3505 1980 3562 ut
2013 3487 2388 3585 coniugalis
2424 3487 2586 3559 unio
2620 3486 2715 3558 le-

481 3602 716 3698 gitima
752 3631 883 3677 non
924 3605 1017 3678 sit
1058 3604 1227 3678 inter
1260 3604 1692 3690 christianos,
1745 3604 1876 3676 nisi
1917 3604 1985 3674 in
2030 3602 2456 3674 matrimonio
2492 3626 2715 3673 sacra-

479 3734 729 3805 mento,
752 3735 937 3792 extra
952 3720 1132 3819 quod
1160 3745 1292 3794 non
1323 3719 1607 3792 habetur
1633 3719 1766 3792 nisi
1796 3745 2006 3819 purus
2033 3717 2703 3811 concubinatus(53).

625 3914 725 3976 (52)
760 3918 1043 3966 Damnatto
1061 3918 1112 3967 ee
1130 3915 1417 3980 prohibitio
1435 3917 1604 3979 operis
1622 3917 1711 3965 cui
1726 3912 1946 3965 titulus:
1969 3915 2113 3963 luris
2141 3912 2476 3962 ecclesiastici
2505 3913 2712 3961 insutu·

474 3998 643 4045 tiones
680 3998 899 4046 Ioannis
940 3998 1290 4060 Nepomucenl
1324 3997 1499 4058 Nuylz
1526 3997 1581 4044 in
1611 3997 1752 4057 reqio
1778 3994 2072 4044 taurinensi
2102 3991 2356 4043 athenaeo
2379 3989 2709 4055 professoris.

477 4075 719 4137 nemque.
764 4077 831 4124 1η
874 4076 960 4125 tus
995 4074 1404 4125 ecclesiasticum
1442 4075 1751 4123 universum
1793 4074 2137 4122 tractationes
2178 4074 2411 4122 auctoris
2457 4069 2704 4121 eiusdem.

480 4157 892 4297 R0n1105;)⁸{1¹;oe
915 4236 1031 4285 sunt
1056 4233 1205 4297 ipsius
1225 4234 1469 4298 pontificis
1492 4233 1665 4284 verba:
1691 4254 1715 4275 «ι
1740 4223 1775 4282 ὲ
1794 4231 1994 4281 ‹lonnna
2011 4230 2061 4281 di
2088 4231 2194 4283 sede
2217 4245 2376 4282 essere
2407 4229 2536 4279 stato
2559 4230 2590 4277 il
2616 4242 2714 4277 ma-

478 4312 717 4365 trimonio
743 4313 809 4364 da
829 4315 891 4365 G.
910 4315 968 4364 C.
997 4314 1163 4362 nostro
1181 4313 1383 4377 signore
1404 4314 1592 4364 elevato
1615 4312 1713 4362 alla
1731 4311 1918 4375 dignita
1936 4310 1988 4361 di
2010 4313 2340 4373 sacramento;
2365 4309 2424 4361 ed
2443 4309 2475 4358 e
2493 4305 2709 4358 dottrina
