3276 5083
514 463 526 480 ·
647 433 783 503 158
999 454 1149 506 ιω.
1192 455 1237 506 ι.
1280 455 1451 508 stc-r.
1501 457 1547 506 ι.
1589 458 1671 508 nn
1719 457 1983 509 numu.
2026 458 2457 512 sacunino.

640 574 986 674 Siquidem
1022 575 1220 648 refert
1253 577 1433 650 card.
1470 575 1950 650 Pallavicinius
1981 580 2127 673 (36)
2169 578 2256 651 ad
2291 577 2584 652 tollenda
2631 607 2672 651 e
2720 607 2852 655 me-

639 689 753 763 dio
801 689 1216 764 clandestina
1258 692 1568 789 coniugia
1591 750 1606 776 ,
1665 693 1951 791 primum
2005 719 2043 765 a
2088 693 2391 792 patribus
2443 696 2852 794 propositum

637 805 887 894 fuisse,
928 807 1107 879 utin
1141 816 1479 905 posterum
1532 807 1721 880 irrita'
1771 807 2005 882 fierent
2061 807 2430 894 connubia,
2488 835 2666 908 quae
2710 811 2860 885 sine

637 919 851 994 tribus
891 920 1174 994 testibus
1235 920 1369 994 fide
1425 921 1651 1018 dignis
1699 921 2028 996 celebrata
2076 922 2400 1009 fuissent,
2456 923 2698 1021 absque
2747 951 2857 998 sa-

638 1033 914 1107 cerdotis
955 1036 1361 1132 praesentiae
1406 1037 1803 1108 necessitate.
1847 1035 2194 1135 Proposita
2240 1050 2461 1108 autem
2509 1036 2636 1110 fuit
2688 1035 2858 1111 haec

639 1149 883 1223 decreti
920 1149 1204 1223 formula
1238 1149 1641 1222 sancienda:
1681 1179 1715 1219 «
1734 1150 2168 1223 Sacrosancta
2200 1151 2321 1223 Dei
2364 1151 2680 1237 ecclesia,
2712 1154 2857 1253 spi-

638 1265 769 1339 ritu
819 1280 1049 1338 sancto
1087 1265 1311 1337 afflata
1336 1323 1352 1351 ,
1406 1265 1943 1339 animadvertens
1993 1291 2240 1362 magna
2287 1266 2752 1354 incommoda,
2791 1284 2857 1342 et

636 1379 866 1475 gravia
914 1387 1222 1479 peccata,
1268 1405 1441 1479 quae
1481 1405 1562 1453 ex
1611 1379 2048 1453 clandestinis
2099 1381 2431 1478 coniugiis
2473 1398 2689 1456 ortum
2739 1382 2854 1456 ha-

634 1491 831 1578 bent,
884 1494 1273 1594 praesertim
1321 1518 1479 1568 vero
1536 1519 1765 1567 eorum
1799 1551 1814 1579 ,
1872 1495 1987 1593 qui
2042 1494 2115 1566 in
2166 1511 2341 1568 statu
2397 1494 2850 1572 damnationis

636 1615 1061 1705 permanent,
1106 1607 1279 1680 dum,
1318 1633 1519 1707 saepe
1559 1607 1807 1706 priore
1831 1621 2037 1683 uxore
2060 1664 2076 1693 ‚
2116 1621 2269 1682 cum
2318 1635 2453 1708 qua
2494 1609 2669 1683 clam
2702 1627 2855 1684 con-

634 1735 1006 1807 traxerunt,
1057 1720 1287 1794 relicta
1311 1779 1326 1808 ,
1388 1748 1538 1795 cum
1587 1721 1722 1795 alia
1761 1722 1978 1821 palam
2020 1724 2449 1811 contrahunt,
2488 1741 2740 1798 etcum
2771 1751 2853 1798 ea

632 1836 703 1907 in
737 1834 1063 1909 adulterio
1095 1836 1326 1909 vivunt
1349 1894 1364 1922 ,
1405 1835 1575 1909 alias
1610 1837 2029 1934 gravissimis
2080 1838 2314 1936 poenis
2349 1864 2430 1910 ea
2462 1838 2841 1938 prohibuit,

632 1951 1001 2050 eademque
1034 1963 1253 2025 tamen
1291 1952 1479 2024 irrita
1514 1977 1650 2025 non
1687 1952 1867 2025 fecit.
1909 1952 2040 2025 Sed
2078 1952 2705 2026 haecsacrosancta
2737 1971 2852 2051 sy·

634 2066 888 2156 nodus,
910 2077 1083 2142 'cum
1128 2068 1644 2154 animadvertat,
1688 2068 2053 2143 remedium
2103 2067 2269 2140 illud
2321 2084 2588 2167 propter
2635 2067 2853 2142 bomi-

634 2207 795 2280 num
845 2181 1370 2256 inobedientiam
1422 2183 1771 2281 hucusque
1821 2208 2055 2279 parum
2096 2181 2460 2280 profuisse,
2506 2180 2805 2254 decernit
2825 2238 2842 2266 ,

634 2312 709 2369 ut
743 2296 825 2390 in·
860 2313 1195 2397 posterum
1248 2297 1674 2371 matrimonia
1723 2297 1878 2382 illa,
1935 2311 2108 2396 quae
2148 2295 2318 2368 clam
2369 2296 2853 2376 contrahuntur

631 2412 871 2511 absque
908 2415 1116 2486 tribus
1148 2404 1451 2497 testibus,
1495 2414 1682 2487 irrita
1717 2414 1885 2500 sint,
1916 2412 2479 2512 quemadmodum
2516 2411 2848 2511 praesenti

632 2526 896 2601 decreto
960 2529 1147 2601 irrita
1220 2528 1378 2602 facit
1446 2531 1674 2624 (37).»
1716 2528 1984 2603 Refecta
2034 2527 2278 2601 deinde
2331 2527 2456 2601 fuit
2505 2527 2672 2605 haec
2718 2525 2851 2601 for-

632 2642 813 2714 mula
840 2699 855 2727 ‚
907 2643 1321 2741 suffectaque
1373 2643 1505 2714 alia
1555 2658 1696 2727 est,
1765 2670 1900 2741 qua
1954 2642 2402 2715 statuebatur:
2451 2672 2487 2712 «
2519 2643 2850 2716 Inhabiles

628 2757 765 2854 sore
815 2756 907 2827 ad
952 2757 1489 2840 contrahendum,
1531 2760 1650 2855 qui
1679 2759 1920 2855 absque
1950 2760 2327 2855 praesentia
2373 2759 2606 2835 saltem
2656 2761 2853 2830 trium

629 2870 891 2940 testium
921 2869 1007 2941 id·
1027 2884 1422 2943 attentarent
1452 2873 1598 2965 (38)
1618 2900 1683 2941 ,υ

773 2985 1112 3058 Hactenus
1165 3010 1251 3056 ne
1298 2986 1547 3059 mentio
1614 2985 1892 3085 quidem
1940 2985 2115 3061 facta
2162 2986 2376 3061 fuerat
2423 2985 2793 3060 sacerdotis
2827 3043 2842 3071 ,

624 3100 1248 3200 benedictionisque
1288 3100 1723 3176 sacerdotalis
1761 3100 1830 3173 in
1867 3100 2311 3176 celebratione
2350 3102 2646 3197 coniugii
2672 3159 2689 3187 ,
2729 3101 2851 3174 do·

626 3220 747 3289 nec
785 3216 970 3289 car'd.
1003 3216 1472 3314 Lotharingius
1492 3274 1508 3303 ,
1564 3243 1717 3290 cum
1767 3216 1946 3291 mala
1993 3231 2491 3303 enumerasset,
2549 3242 2724 3315 quae
2769 3242 2851 3289 ex

622 3332 1058 3405 clandestinis
1107 3333 1552 3406 matrimoniis
1600 3332 2113 3433 proveniebant,
2153 3347 2220 3405 et
2253 3331 2419 3404 illud
2469 3332 2839 3419 recensuit,

621 3448 813 3548 quod
871 3448 958 3521 ob
1018 3447 1252 3545 gravia
1320 3447 1565 3520 delicta
1603 3503 1620 3533 ‚
1704 3473 1877 3547 quae
1937 3447 2193 3546 passim
2261 3444 2697 3545 patrabantur
2761 3444 2852 3518 ob

621 3563 954 3638 eiusmodi
1020 3562 1368 3660 coniugia,
1442 3564 1839 3635 sacramenti
1890 3565 2114 3661 qratia
2173 3564 2247 3634 in
2309 3562 2570 3635 sceleris
2621 3559 2848 3637 ‘sordes

621 3694 1138 3752 converteretur.
1201 3677 1300 3749 Ex
1359 3701 1496 3775 quo
1561 3690 1786 3774 patet,
1844 3688 1918 3748 u't
1985 3675 2058 3747 id
2124 3674 2338 3749 obiter
2401 3689 2750 3751 moneatur
2808 3700 2882 3747 a,

621 3792 923 3891 patribus
974 3792 1357 3866 tridentinis
1407 3791 1721 3888 coniugia
1769 3789 2192 3864 clandestina
2241 3805 2581 3890 tamquam
2623 3814 2848 3864 sacra-

622 3923 846 3981 menta
895 3925 1187 4009 spectata
1231 3909 1474 3993 fuisse,
1518 3914 1694 4007 quae
1727 3908 2007 4007 gratiam
2042 3934 2123 3980 ex
2157 3932 2358 4006 opere
2392 3920 2660 4006 operato
2693 3929 2847 4004 pro-

624 4019 978 4108 ducerent,
1037 4024 1169 4098 nisi
1234 4023 1487 4097 abusus
1538 4021 1711 4096 obex
1759 4021 2174 4107 obstitisset,
2239 4020 2518 4095 minime
2543 4074 2546 4077 ι
2572 4044 2730 4094 vero
2775 4033 2850 4091 ut

700 4280 715 4307 ,ν
763 4244 866 4306 (36)
895 4246 1036 4294 Hsst.
1073 4257 1213 4301 conc.
1241 4245 1381 4298 Trid.
1407 4245 1490 4296 lib.
1513 4245 1666 4295 xxll.
1687 4256 1795 4306 cap.
1817 4244 1902 4293 lv.
1927 4254 1976 4291 n.
2007 4249 2053 4293 5.

766 4324 868 4388 (37)
901 4326 1045 4375 Num.
1071 4332 1117 4376 3.

765 4403 866 4467 (38)
897 4405 1042 4455 Num.
1070 4406 1114 4453 4.
