3276 5083
617 430 751 501 116
1018 446 1138 497 m.
1180 447 1225 495 1.
1267 443 1437 500 sacr.
1479 444 1524 494 ι.
1556 445 1636 498 ns
1669 444 1929 496 ιιι-ιιι.
1962 445 2379 502 stamineum..

614 563 1071 640 abstraherent
1093 558 1324 633 fideles
1350 585 1389 632 a
1415 559 1980 633 coniunctionibus
2003 559 2434 635 clandestinis
2454 588 2470 647 ;
2502 577 2642 636 tum
2665 589 2809 638 ma-

612 680 713 752 ior
742 676 1130 751 solemnitas
1157 731 1173 760 ‚
1202 699 1335 773 qua
1361 689 1843 747 sacramentum
1877 674 2099 747 ornari
2136 674 2368 762 debet,
2396 675 2482 748 ad
2509 676 2808 752 fidelium

466 854 483 869 .
611 789 1139 868 contrahentium
1175 803 1427 859 mentes
1462 787 1530 860 in
1563 787 1772 860 Deum
1806 788 2195 885 erigendas3
2234 789 2595 865 sensilibus
2628 794 2811 865 enim

614 906 828 1003 magis
855 904 988 1003 ipsi
1026 900 1502 1000 percelluntur,
1533 925 1612 974 ac
1636 926 1864 975 eorum
1898 901 2067 977 fides
2092 928 2172 976 ac
2195 903 2409 1003 pietas
2442 906 2818 981 excitantur

613 1019 724 1093 his
758 1018 970 1093 sacris
1005 1015 1274 1100 ritibus;
1314 1030 1453 1087 tum
1502 1015 1794 1115 denique
1825 1017 1909 1091 ad
1944 1015 2283 1091 uberiores
2318 1019 2566 1115 gratias
2596 1047 2637 1093 a
2668 1021 2818 1096 Deo

615 1160 819 1233 super
860 1156 1146 1231 sponsos
1194 1128 1667 1228 impetrandas.
1701 1130 1891 1216 Quod
1926 1156 2081 1205 vero
2114 1131 2201 1205 ad
2232 1131 2415 1208 aliud
2451 1134 2818 1210 incommo-

610 1247 770 1320 dum
805 1245 1040 1320 attinet
1070 1270 1151 1319 ex
1182 1269 1264 1317 eo
1293 1243 1756 1342 depromptum
1777 1300 1793 1329 ,
1833 1244 2013 1342 quod
2046 1243 2156 1317 vix
2188 1244 2259 1317 in
2291 1245 2420 1320 hac
2450 1246 2814 1346 hypothesi

611 1389 689 1438 ac
741 1388 826 1436 ne
882 1362 993 1436 vix
1045 1361 1315 1460 quidem
1364 1359 1736 1456 dogmatica
1796 1358 1883 1433 de
1938 1375 2348 1435 sacramento
2409 1363 2814 1437 matrimonii

614 1476 858 1551 veritas
909 1475 1231 1550 adversus
1280 1472 1648 1546 haereticos
1681 1471 1935 1546 adstrui
1971 1489 2051 1547 ac
2082 1472 2349 1547 defendi
2384 1492 2647 1572 posset,
2685 1502 2813 1552 nos

613 1592 680 1662 in
717 1589 924 1688 priori
959 1588 1161 1661 huius
1195 1586 1673 1662 lucubrationis
1699 1586 1916 1685 capite
1938 1613 2084 1661 eam
2110 1588 2521 1663 adstruxisse
2552 1615 2632 1663 ac
2665 1616 2816 1690 pro-

610 1728 946 1802 pugnasse
997 1701 1395 1776 eonfidimus
1444 1700 1701 1801 absque
1745 1700 2073 1776 eiusmodi
2122 1702 2424 1786 subsidio
2442 1759 2460 1790 ‚
2512 1704 2813 1778 ostendi—

610 1831 897 1917 musque
952 1817 1154 1891 etiam
1206 1816 1277 1889 in
1327 1817 1655 1893 sententia
1701 1816 1786 1890 de
1833 1816 2372 1892 contrahentibus
2428 1819 2755 1894 ministris
2786 1877 2809 1908 ,

610 1959 745 2033 qua
771 1933 1025 2007 ratione
1052 1958 1133 2006 ex
1158 1930 1293 2005 illis
1318 1931 1729 2005 documentis
1748 1933 2121 2029 dogmatica
2144 1933 2542 2008 sacramenti
2564 1934 2816 2010 veritas

608 2048 821 2123 evinci
841 2048 1149 2149 possitae
1163 2046 1425 2123 debeat.
1446 2047 1635 2121 Nunc
1652 2072 1807 2123 vero
1825 2047 2133 2122 addimus
2150 2047 2568 2123 adversarios
2585 2048 2809 2147 potius

607 2164 743 2238 vim
769 2164 1313 2238 documentorum
1360 2161 1697 2236 infirmare
1716 2218 1733 2250 ,
1785 2162 1945 2237 dum
1979 2159 2113 2238 non
2146 2163 2572 2237 considerant
2607 2189 2816 2263 posse

609 2278 979 2353 haereticos
1004 2292 1103 2351 tot
1125 2303 1206 2352 ac
1231 2292 1452 2351 tantas
1477 2275 1903 2352 difficultates
1925 2302 2261 2376 opponere
2283 2277 2605 2351 adversus
2626 2278 2815 2352 eius-

608 2394 786 2467 modi
834 2392 1287 2492 probationem
1307 2449 1323 2478 ,
1364 2409 1439 2467 ut
1471 2417 1667 2489 aegre
1707 2392 1975 2466 omnino
2005 2391 2141 2466 illis
2176 2391 2490 2465 satisfieri
2539 2409 2807 2492 posset,

612 2508 848 2608 petitas
910 2508 1331 2607 potissimum
1382 2533 1461 2582 ex
1511 2506 1827 2581 secundis
1876 2507 2128 2606 nuptiis
2150 2564 2168 2595 ,
2197 2506 2469 2607 'quibus
2517 2507 2813 2607 denega-

606 2624 803 2696 batur
848 2621 1224 2695 benedictio
1273 2621 1706 2696 sacerdotalis
1736 2678 1753 2707 ,
1808 2647 1887 2697 ac
1936 2622 2370 2698 nihilominus
2417 2640 2494 2698 ut
2535 2630 2696 2699 vera
2742 2643 2816 2700 et

608 2751 750 2809 rata
811 2736 1231 2810 matrimonia
1277 2761 1357 2809 ac
1402 2750 1816 2810 sacramenta
1864 2735 2131 2812 habitae
2179 2754 2340 2812 sunt
2358 2794 2376 2825 ‚
2430 2738 2813 2838 debentque

608 2848 866 2922 haberi.
903 2849 1002 2922 Ex
1043 2875 1178 2949 qua
1227 2866 1561 2950 postrema
1609 2849 2184 2925 animadversione
2228 2851 2478 2951 pariter
2517 2851 2811 2927 concidit

606 2964 980 3038 coniectura
1025 2964 1360 3038 Benedicti
1408 2963 1675 3039 Stattler
1720 2964 2071 3065 desumpta
2103 2991 2184 3040 ex
2215 2965 2476 3041 defectu
2522 2965 2814 3040 vocabu-

607 3079 821 3152 lorum
867 3081 1175 3152 materiac
1222 3094 1288 3152 et
1334 3080 1578 3177 [omae
1626 3094 1887 3178 patrum
1935 3094 2199 3153 aetate:
2257 3104 2380 3153 nec
2428 3078 2605 3154 enim
2655 3079 2816 3154 heic

606 3195 823 3293 agitur
869 3194 947 3267 de
994 3194 1322 3268 vocabulis
1349 3249 1367 3280 ‚
1425 3195 1545 3269 sed
1594 3195 1674 3267 de
1719 3220 1829 3279 re,
1883 3211 2103 3268 utrum
2160 3211 2383 3294 patres
2449 3194 2814 3269 habuerint

610 3327 943 3410 tamquam
991 3335 1149 3384 vera
1194 3308 1613 3383 matrimonia
1646 3334 1727 3382 ac
1761 3308 2036 3407 proinde
2076 3327 2490 3385 sacramenta
2533 3309 2810 3384 con-iun·

608 3424 861 3498 ctiones
884 3480 901 3510 ‚
956 3422 1201 3523 quibus
1248 3448 1381 3497 non
1430 3421 1906 3497 interveniebat
1951 3422 2381 3497 'sacenlotalis
2431 3421 2810 3497 benedictio

608 3565 689 3611 ex
722 3536 1043 3613 eeclesiae
1074 3563 1230 3625 usu,
1271 3552 1389 3610 aut
1427 3537 1839 3636 praescripto
1860 3594 1877 3624 ,
1917 3552 2115 3636 prout
2143 3536 2568 3635 contingebat
2600 3535 2671 3609 in
2706 3562 2816 3611 se·

608 3653 846 3726 eundis
893 3651 1447 3750 ulterioribusque
1496 3652 1791 3726 fidelium
1840 3652 2116 3750 nuptiis.

751 3766 1065 3864 Superest
1111 3782 1183 3841 ut
1231 3765 1617 3865 scrupulum
1663 3766 2008 3864 abigamus
2034 3823 2050 3853 ,
2089 3766 2204 3865 qui
2238 3765 2394 3840 oriri
2426 3764 2693 3839 videtur
2722 3790 2806 3838 ex

612 3877 959 3954 ritualibus
1022 3880 1371 3956 latinorum
1420 3879 1608 3953 libris
1630 3938 1647 3969 ,
1703 3898 1902 3981 atque
1950 3906 2029 3955 ex
2077 3878 2486 3977 euchologiis
2535 3905 2807 3975 graeco-

611 4018 778 4065 rum.
822 3993 963 4067 Etsi
1013 3998 1189 4070 enim
1235 4021 1464 4070 verum
1514 3996 1718 4079 soret,
1774 3996 1940 4070 haec
1984 3995 2375 4069 documenta
2425 4009 2808 4068 constanter

611 4108 1014 4182 sacerdotem
1070 4111 1383 4187 exhibere
1430 4111 1760 4187 connubia
1807 4110 2172 4186 christiana
2218 4110 2594 4207 iungentem
2615 4165 2633 4196 ‚
2684 4108 2805 4183 be-

612 4220 1050 4297 nedictionem
1087 4226 1240 4300 item
1278 4227 1793 4328 impertientem,
1849 4224 2358 4326 fundentemque
2406 4249 2636 4325 preces
2685 4248 2803 4297 su-

616 4364 733 4435 per
784 4336 1139 4426 nubentes,
1182 4339 1240 4413 si
1278 4356 1495 4415 tamen
1547 4341 1670 4415 rite
1717 4366 1796 4414 ea
1848 4330 2370 4438 perscrutemun‘
2417 4338 2802 4440 oppositum
