3276 5083
677 395 812 465 412
1071 418 1192 467 m.
1220 418 1265 466 1.
1310 416 1481 467 sscr.
1524 416 1784 466 mam.
1827 417 1905 467 ns
1956 417 2219 469 urant.
2253 417 2468 469 civim.

675 535 903 608 omnia
932 535 1022 608 ad
1057 535 1489 635 disciplinam
1534 536 1901 635 pertinent,
1944 535 2169 635 ipsum
2204 536 2406 610 etiam
2440 537 2933 637 impedimen-

676 666 815 723 tum
843 650 1125 724 ordinis.
1162 650 1334 722 Hinc
1367 649 1656 723 ecclesia
1694 676 1936 747 graeca
1968 650 2300 725 catholica
2334 653 2626 751 perrexit
2659 652 2937 728 distin-

673 793 877 865 guere
917 767 988 837 in
1030 765 1388 840 sacerdote
1431 765 1775 840 hominem
1808 822 1824 852 ,
1876 766 2089 839 civem
2139 793 2220 839 ac
2267 768 2608 841 maritum.

820 885 1028 980 Leges
1076 881 1545 982 disciplinares
1596 881 1925 959 ecclesiae
1977 908 2111 956 non
2162 899 2322 956 sunt
2365 883 2500 957 nisi
2553 884 2933 960 humanae

678 998 956 1071 rationis
1008 997 1221 1071 foetus
1271 1023 1391 1096 pro
1439 996 1587 1071 loco
1612 1054 1627 1083 ‚
1670 1014 1967 1096 tempore
2001 1013 2127 1071 etc.
2172 1024 2392 1098 neque
2424 998 2727 1097 obligant
2760 1026 2932 1074 ma·

678 1114 997 1210 gistratus
1048 1111 1278 1186 civiles
1300 1170 1316 1198 ,
1373 1112 1509 1186 nisi
1562 1139 1714 1185 cum
1766 1139 1884 1186 eas
1933 1112 2326 1202 admittunt,
2384 1140 2464 1188 ac
2511 1116 2728 1190 donec
2773 1143 2925 1190 eas

680 1253 815 1301 non
867 1241 1199 1301 revocent.
1261 1225 1442 1300 Talis
1496 1242 1602 1301 est
1657 1226 1961 1301 doctrina
2010 1242 2077 1301 et
2136 1228 2368 1325 praxis
2431 1229 2616 1303 orbis
2664 1230 2924 1304 catho—

681 1342 795 1415 lici
844 1345 913 1436 (9
925 1344 1022 1437 4).

1590 1522 1967 1621 Responsio.

823 1692 924 1763 Ita
956 1689 1227 1789 quidem
1270 1689 1544 1786 sapiens
1586 1704 1811 1761 orator
1850 1688 2214 1762 historicus
2241 1747 2256 1775 ‚
2300 1688 2653 1786 theologus
2685 1704 2753 1761 et
2783 1715 2911 1763 ca-

676 1806 965 1879 nonista.
1001 1806 1237 1876 Verum
1265 1804 1335 1873 in
1360 1818 1497 1876 tota
1530 1804 1661 1876 hac
1690 1803 1867 1877 male
1914 1821 2233 1902 congesta
2279 1804 2771 1905 disceptatione
2823 1806 2906 1877 in

678 1919 874 2019 plura
910 1917 1190 1992 incurrit
1236 1944 1452 2019 eaque
1493 1918 1897 2016 gravissima
1932 1910 2151 1991 errata
2183 1919 2429 2019 partim
2453 1946 2536 1992 ex
2560 1919 2909 2019 imperitia

679 2061 898 2109 rerum
938 2033 1460 2130 theologicarum
1484 2092 1500 2119 ‚
1544 2033 1791 2132 partim
1828 2061 1908 2106 ex
1943 2034 2316 2130 ignorantia
2352 2034 2714 2122 historiae,
2750 2061 2913 2135 par-

676 2152 795 2223 tim
845 2150 1136 2249 denique
1171 2177 1252 2222 ex
1288 2149 1657 2222 temeritate
1697 2149 1767 2220 in
1806 2147 2225 2222 affirmando.
2272 2148 2453 2222 Haec
2487 2164 2708 2223 errata
2751 2150 2907 2221 sin-

680 2266 963 2364 gillatim
1009 2291 1501 2364 percurramus.

832 2382 926 2452 Ac
976 2381 1265 2480 primum
1310 2379 1581 2478 quidem
1633 2394 1739 2452 est
1783 2377 1869 2450 de
1903 2379 2294 2451 definitione
2343 2377 2503 2452 data
2537 2405 2578 2451 a
2610 2377 2905 2453 concilio

679 2495 1029 2569 florentino
1080 2494 1451 2595 inspirante
1493 2494 1750 2593 Spiritu
1795 2494 2035 2568 Sancto
2060 2552 2076 2583 ,
2120 2493 2299 2594 quod
2334 2494 2632 2568 essentia
2678 2520 2903 2568 sacra-

677 2611 883 2683 menti
951 2609 1356 2682 matrimonii
1424 2609 1757 2683 consistat
1805 2609 1875 2680 in
1928 2635 2261 2682 consensu
2312 2608 2846 2682 contrahentium
2872 2666 2890 2694 ,

678 2724 856 2797 adsit
901 2724 1007 2797 vel
1049 2724 1228 2797 desit
1279 2724 1616 2798 sacerdos.
1666 2724 1737 2795 Si
1788 2723 1917 2796 hoc
1971 2726 2317 2798 statuisset
2364 2724 2727 2798 concilium
2773 2725 2901 2798 flo-

680 2838 1017 2911 rentinum
1054 2839 1428 2937 inspirante
1452 2839 1703 2939 Spiritu
1740 2840 2015 2925 Sancto,
2058 2866 2430 2939 numquam
2464 2855 2692 2914 exorta
2725 2839 2898 2913 inter

680 2952 1047 3027 catholicos
1098 2955 1550 3028 controversia
1584 2971 1765 3028 esset
1798 2956 1979 3028 circa
2031 2955 2410 3030 ministrum
2461 2957 2889 3042 sacramenti,

676 3087 967 3144 attamen
1019 3097 1126 3143 res
1177 3086 1281 3144 est
1330 3071 1621 3159 notoria,
1679 3072 2153 3169 gravissimam
2221 3099 2345 3145 nec
2413 3072 2612 3172 plene
2672 3072 2898 3145 adhuc

678 3186 964 3288 sopitam
1033 3187 1366 3260 eiusmodi
1433 3188 1953 3261 controversiam
2020 3188 2322 3286 viguisse
2354 3247 2370 3276 ,
2439 3187 2696 3262 scilicet
2743 3204 2898 3288 post

678 3303 881 3377 huius
933 3303 1199 3378 concilii
1250 3303 1764 3378 celebrationem
1786 3363 1801 3391 ,
1845 3305 2244 3378 sententiam
2295 3304 2697 3378 contrariam
2734 3304 2896 3377 Mel-

675 3418 973 3492 chiorem
1032 3419 1287 3492 Canum
1347 3419 1767 3493 adstruxisse
1835 3420 2139 3493 innixum
2210 3421 2409 3493 etiam
2470 3420 2672 3493 huius
2742 3446 2897 3493 con·

675 3533 815 3608 cilii
875 3535 1298 3619 auctoritate,
1355 3550 1429 3607 ut
1475 3536 1900 3635 apertissime
1964 3551 2224 3609 constat
2273 3563 2355 3608 ex
2404 3536 2529 3622 iis,
2585 3560 2762 3634 quae
2820 3535 2892 3606 in

673 3650 884 3748 priori
950 3650 1146 3724 istius
1210 3649 1363 3721 libri
1433 3651 1728 3723 sectione
1783 3650 2182 3750 scripsimus
2241 3653 2418 3746 (95).
2478 3651 2710 3749 Itaque
2760 3676 2893 3724 non

819 3819 919 3882 (94)
950 3822 1137 3870 senato
1166 3817 1254 3884 del
1280 3832 1455 3882 raquo.
1491 3827 1565 3870 to.
1586 3818 1811 3869 Dicemb.
1837 3832 1949 3882 pag.
1978 3824 2083 3871 197.

823 3901 925 3962 (95)
956 3903 1195 3964 Perpetuo
1217 3901 1271 3949 in
1288 3899 1501 3950 comitiis
1527 3899 1801 3963 subalpinis
1819 3902 1869 3949 et
1891 3900 1941 3948 in
1966 3901 2137 3950 senatu
2163 3902 2382 3950 oratores
2402 3899 2520 3950 huic
2537 3899 2901 3951 controversiae

676 3982 1017 4050 theologorum
1039 3983 1174 4032 circa
1200 3980 1479 4032 ministrum
1502 3980 1792 4031 sacramenti
1818 3980 2148 4042 matrimonii,
2176 3994 2234 4031 ac
2252 3980 2458 4044 proinde
2474 3980 2607 4031 circa
2624 3979 2895 4032 distinctio·

678 4075 790 4112 nem
812 4063 939 4110 inter
960 4063 1265 4112 contractum
1294 4063 1343 4110 et
1373 4063 1731 4110 sacramentum
1752 4061 1804 4110 in
1824 4061 2141 4111 matrimonio
2164 4060 2463 4122 innituntur,
2484 4060 2600 4112 licet
2611 4072 2863 4124 perperam
2880 4096 2899 4122 ,

676 4141 749 4190 uti
775 4140 1099 4191 ostendimus.
1121 4143 1183 4191 Et
1199 4154 1260 4191 en
1281 4154 1442 4191 novus
1463 4139 1546 4190 hic
1565 4143 1734 4190 orator
1760 4140 2015 4190 constituit
2041 4140 2220 4202 dogrna
2238 4139 2352 4191 fidei
2370 4152 2477 4190 esse
2492 4141 2633 4190 iuxta
2654 4137 2895 4190 defiuitio-

675 4232 790 4272 ηοω
819 4220 1019 4270 concilii
1048 4220 1294 4272 florentini
1335 4222 1584 4285 inspirati
1605 4233 1642 4270 a
1669 4222 1872 4285 spiritu
1900 4213 2090 4270 saneto
2121 4220 2370 4271 ministros
2409 4219 2699 4271 sacramenti
2730 4218 2897 4270 mutri-

672 4299 824 4350 monii
846 4313 952 4350 esse
971 4300 1315 4351 contrahentes
1329 4338 1344 4363 ,
1370 4299 1591 4365 adeoque
1614 4299 1902 4351 identificari
1925 4301 2284 4352 sacramentum
2309 4302 2359 4350 et
2388 4300 2709 4349 contractum.
2732 4298 2898 4349 Potest

668 4393 733 4432 nc
756 4380 869 4444 fingi
893 4382 1049 4432 maior
1072 4379 1433 4431 contradictio?
