3276 5083
781 465 917 515 mr.
949 466 1040 516 vr.
1065 459 1146 514 nn
1181 464 1380 517 mser.
1424 464 1648 518 coma.
1672 500 1675 505 .
1696 466 1769 518 ετ
1807 468 1980 519 sien.
2002 464 2167 520 Ἀιιτ.
2203 473 2247 521 ι.
2477 444 2606 520 181

383 591 531 673 ret,
581 601 921 683 tamquam
956 584 1132 658 duas
1163 612 1270 661 res
1302 584 1504 686 atque
1545 588 1718 660 duas
1755 582 2092 676 entitateS,
2127 580 2616 664 solemnitatem

387 719 463 776 et
485 704 897 775 contractum
919 756 935 785 ‚
970 725 1123 772 cum
1148 698 1536 775 solemnitas
1563 700 1679 774 illa
1704 702 1824 789 sit,
1859 728 1978 800 per
2000 719 2617 801 quam-contractus

392 815 625 889 existit
663 840 745 888 ac
791 812 1084 888 valorem
1128 814 1402 889 obtinet.
1447 816 1521 888 ld
1572 842 1769 915 porro
1816 832 1952 904 est,
2000 814 2178 916 quod
2216 818 2283 890 in
2322 818 2617 891 fidelium

396 928 714 1026 coniugio
759 929 1113 1027 contingit3
1183 930 1516 1028 siquidem
1566 947 1842 1004 mutuus
1892 955 2263 1006 consensus
2282 991 2298 1020 ,
2356 934 2474 1032 qui
2518 934 2620 1006 in-

398 1045 707 1118 teriorem
741 1043 1148 1117 voluntatem
1185 1045 1536 1143 patefacit,
1570 1043 1684 1117 ille
1717 1062 1821 1119 est
1854 1071 1974 1145 per
2006 1074 2205 1146 quem
2240 1066 2617 1123 contractus

385 1176 474 1233 et.
504 1162 997 1233 sacramentum
1041 1160 1317 1256 *exurgit
1357 1217 1373 1246 ,
1429 1186 1550 1233 seu
1581 1177 1707 1233 *est
1754 1177 2128 1235 contractus
2161 1222 2176 1250 ,
2235 1160 2622 1263 qui-'induit

389 1276 788 1375 qualitatem
824 1276 1220 1357 sacramenti
1246 1301 1325 1348 ex
1352 1276 1600 1350 Christi
1634 1276 1998 1363 voluntate,
2030 1279 2147 1378 qui
2176 1292 2614 1367 contractum,

391 1394 562 1473 dum
596 1394 710 1481 fit,
752 1417 875 1465 seu
917 1393 987 1465 in
1037 1409 1192 1467 actu
1230 1394 1382 1493 ipso
1432 1420 1567 1494 quo
1617 1394 1728 1481 fit,
1786 1395 2159 1469 sanctificat
2203 1390 2414 1492 gratia
2464 1423 2609 1471 sua

540 1509 691 1583 Alia
739 1508 935 1608 plura
991 1535 1260 1608 possem
1310 1509 1640 1583 eiusmodi
1692 1519 2082 1606 argumenta
2128 1536 2391 1608 urgere,
2444 1538 2622 1629 quae

387 1627 465 1698 in
498 1624 696 1698 idem
716 1622 1026 1697 recidunt
1054 1628 1183 1721 (5).
1210 1627 1306 1698 Ne
1341 1640 1560 1698 tamen
1595 1625 1851 1698 diutius
1887 1651 2025 1700 rem
2062 1625 2480 1725 protraham,
2490 1654 2619 1701 me

384 1758 570 1815 verto
617 1739 710 1814 ad
760 1739 931 1814 alias
978 1736 1361 1840 propositas
1407 1740 1840 1855 probationes
1891 1741 2365 1817 enucleandas.

532 1856 849 1930 Secundo
901 1856 1103 1953 igitur
1153 1850 1382 1931 hanc
1364 1884 1432 1928 1n
1468 1857 1868 1930 sententiam
1919 1852 2300 1932 universam
2349 1860 2620 1958 conspi-

385 1996 535 2045 rare
585 1967 1053 2070 antiquitatem
1098 1970 1280 2044 haud
1316 1970 1594 2045 difficile
1624 1966 1976 2045 evincitur.
2010 1972 2275 2046 Etenim
2313 1973 2620 2073 explora-

391 2102 539 2159 tum
597 2088 704 2158 est
746 2100 970 2184 patres
1016 2100 1276 2158 veteres
1327 2081 1822 2158 distinctionem
1872 2084 2045 2159 inter
2092 2103 2503 2159 contractum
2555 2103 2619 2159 et

394 2213 881 2272 sacramentum
943 2198 1012 2269 in
1071 2197 1401 2295 coniugiis
1462 2197 1850 2272 christianis
1900 2199 2167 2298 penitus
2216 2199 2612 2295 ignorasse,

394 2339 525 2387 nec
574 2313 771 2385 unius
817 2313 1091 2413 quidem
1142 2312 1599 2386 testimonium
1624 2312 1653 2399 ,'
1699 2339 1834 2412 quo
1884 2338 2031 2386 eam
2082 2313 2187 2386 vel
2222 2312 2471 2386 ‘leviter'
2516 2314 2619 2386 in-

395 2429 711 2503 sinuasse
750 2429 1056 2501 videatur
1078 2484 1093 2515 ‚
1150 2428 1391 2502 adduci
1427 2455 1506 2501 ex
1541 2428 1626 2502 iis
1663 2453 1891 2528 posse.
1928 2420 2614 2514 Quamvis‘ve‘ro‘hoc

391 2546 667 2620 nonsit
713 2545 845 2619 nisi
899 2545 1362 2642 argumentum
1412 2546 1797 2643 negativum
1821 2603 1836 2631 ‚
1895 2540 2195 2620 attamen
2239 2565 2394 2620 cum
2446 2547 2616 2619 nihil

393 2660 670 2760 positivi
721 2660 784 2733 ei
836 2660 1261 2748 adversetur,
1320 2661 1546 2758 magni
1598 2661 1894 2759 profecto
1943 2661 2261 2760 ponderis
2306 2656 2425 2735 est⁴
2459 2687 2617 2735 cen-³

390 2776 706 2850 sendum.
1080 2803 1085 2808 ·
2360 2771 2361 2774 '

537 2890 770 2990 Neque
819 2891 1069 2964 desunt
1112 2908 1539 2990 argumenta,
1589 2918 1803 2991 eaque
1846 2889 2269 2968 validissima
2317 2918 2397 2965 ex
2444 2893 2617 2967 vete-

393 3004 586 3078 ribus
637 3005 872 3092 ducta,
915 3031 1091 3106 quae
1123 3006 1418 3080 nostram
1462 3003 1815 3080 adstruant
1847 3001 2613 3105 doctrinaijiquidem

392 3120 570 3193 hanc
619 3119 992 3194 doctrinam
1040 3121 1325 3195 adstruit
1365 3146 1595 3195 eorum
1629 3123 1958 3195 sentiendi
1994 3138 2195 3221 atque
2228 3119 2470 3217 agendi
2508 3146 2616 3193 ra-

393 3234 524 3322 tio,
581 3251 892 3335 respectu
941 3234 1207 3309 illorum
1255 3233 1714 3333 coniugiorum
1742 3281 1768 3322 ,·
1813 3231 1991 3335 quae
2039 3235 2271 3309 fideles
2320 3234 2495 3306 inter
2520 3259 2617 3307 -se

391 3349 683 3437 occulte,
726 3376 806 3424 ac
855 3351 1069 3425 inscia
1116 3349 1401 3425 ecclesia
1448 3350 1896 3426 celebrabant.
1931 3350 2112 3424 Haec
2146 3351 2409 3449 'quippe
2454 3374 2615 3422 con-

392 3463 580 3560 iugia
630 3465 950 3565 quamvis*
981 3483 1307 3566 perpetuo
1355 3466 1642 3540 maiores
1682 3466 1989 3540 insectati
2024 3466 2161 3539 sint
2192 3491 2273 3538 ac
2305 3465 2612 3538 detestati

395 3596 736 3678 tamquam
793 3579 1067 3669 illicita,
1144 3581 1357 3656 nihilo
1416 3598 1636 3656 tamen
1698 3583 1920 3656 secius
1963 3640 1978 3669 ‚
2051 3579 2614 3680 quemadmodum

395 3694 840 3785 ostendimus,
872 3722 954 3770 ea
977 3698 1076 3771 uti
1099 3722 1260 3771 vera
1282 3722 1362 3769 ac
1389 3713 1535 3770 rata
1567 3697 1947 3786 habuerunt
1966 3756 1981 3785 ‚
2018 3698 2109 3770 ita
2138 3712 2217 3769 -ut
2251 3685 2611 3793 numquam

393 3807 747 3885 tribuerint
787 3813 881 3886 ita
926 3813 1101 3887 inter
1149 3838 1225 3886 se
1274 3811 1602 3912 copulatis
1653 3837 1824 3886 nova
1871 3813 2043 3885 inire
2091 3810 2441 3908 coniugia,
2498 3827 2615 3884 aut

392 3949 512 3998 eos
577 3925 664 3997 ad
732 3928 1217 4026 separationem
1285 3924 1750 4025 compulerint.
1809 3927 1905 3999 Ex
1955 3926 2166 3999 altera
2211 3951 2369 4000 vero
2410 3941 2615 4039 parts

390 4054 657 4113 constat
704 4056 963 4115 veteres
997 4067 1129 4115 non
1164 4040 1347 4114 aliud
1382 4040 1742 4138 agnovisse
1782 4039 2308 4128 matrimonium,
2352 4056 2614 4180 praeter

535 4245 608 4308 (5)
639 4245 717 4297 ct.
741 4245 878 4297 card.
902 4245 1070 4297 Gerdil
1091 4248 1140 4296 in
1162 4246 1352 4311 egregio
1380 4249 1619 4299 Trattaco
1641 4246 1730 4298 del
1748 4248 2100 4298 matrimonio.
2129 4250 2363 4298 Discorso
2377 4246 2611 4311 preami-

392 4336 521 4376 πονο
540 4327 594 4375 in
617 4340 718 4390 quo
747 4328 874 4379 hanc
909 4327 1065 4391 ipsam
1093 4327 1367 4379 doctrinam
1403 4326 1606 4379 mirifice
1626 4341 1684 4379 ac
1706 4328 1810 4378 fuse
1832 4327 2032 4380 evolvit.
2055 4327 2180 4392 opp.
2202 4327 2279 4379 e'd.
2304 4330 2442 4379 Rom.
2476 4334 2607 4384 1809.

399 4407 520 4460 tom.
543 4409 653 4458 XV.
737 4416 757 4452 ι
2220 4439 2223 4442 ,
2582 4419 2595 4430 ’
