<?xml version="1.0" encoding="UTF-8"?>
<!DOCTYPE html PUBLIC "-//W3C//DTD XHTML 1.0 Transitional//EN"
    "http://www.w3.org/TR/xhtml1/DTD/xhtml1-transitional.dtd">
<html xmlns="http://www.w3.org/1999/xhtml" xml:lang="en" lang="en">
 <head>
  <title>
</title>
<meta http-equiv="Content-Type" content="text/html;charset=utf-8" />
  <meta name='ocr-system' content='tesseract 3.04.00' />
  <meta name='ocr-capabilities' content='ocr_page ocr_carea ocr_par ocr_line ocrx_word'/>
</head>
<body>
  <div class='ocr_page' id='page_1' title='image "./dematrimoniochr04perrgoog_0046.png"; bbox 0 0 3276 5083; ppageno 0'>
   <div class='ocr_carea' id='block_1_1' title="bbox 680 422 2486 494">
    <p class='ocr_par' dir='ltr' id='par_1_1' title="bbox 680 422 2486 494">
     <span class='ocr_line' id='line_1_1' title="bbox 680 422 2486 494; baseline -0.004 0"><span class='ocrx_word' id='word_1_1' title='bbox 680 422 770 494; x_wconf 76' lang='lat'><strong>22</strong></span> <span class='ocrx_word' id='word_1_2' title='bbox 1080 442 1203 492; x_wconf 81' lang='lat' dir='ltr'><strong>m.</strong></span> <span class='ocrx_word' id='word_1_3' title='bbox 1245 442 1291 490; x_wconf 89' lang='lat'><strong>1.</strong></span> <span class='ocrx_word' id='word_1_4' title='bbox 1332 438 1503 491; x_wconf 71' lang='lat' dir='ltr'><strong>snm.</strong></span> <span class='ocrx_word' id='word_1_5' title='bbox 1546 439 1593 487; x_wconf 84' lang='grc' dir='ltr'><strong>ι.</strong></span> <span class='ocrx_word' id='word_1_6' title='bbox 1638 439 1716 491; x_wconf 73' lang='lat' dir='ltr'><strong>nr</strong></span> <span class='ocrx_word' id='word_1_7' title='bbox 1752 438 2014 491; x_wconf 67' lang='lat' dir='ltr'><strong>ursin.</strong></span> <span class='ocrx_word' id='word_1_8' title='bbox 2059 437 2486 491; x_wconf 65' lang='lat' dir='ltr'><strong>umnam-o.</strong></span> 
     </span>
    </p>
   </div>
   <div class='ocr_carea' id='block_1_2' title="bbox 676 555 2912 2502">
    <p class='ocr_par' dir='ltr' id='par_1_2' title="bbox 676 555 2912 2502">
     <span class='ocr_line' id='line_1_2' title="bbox 677 555 2904 656; baseline -0.003 -18"><span class='ocrx_word' id='word_1_9' title='bbox 677 563 954 638; x_wconf 85' lang='lat' dir='ltr'><strong>clesiam</strong></span> <span class='ocrx_word' id='word_1_10' title='bbox 987 558 1385 634; x_wconf 82' lang='lat' dir='ltr'><strong>catholicam</strong></span> <span class='ocrx_word' id='word_1_11' title='bbox 1423 572 1871 656; x_wconf 74' lang='lat' dir='ltr'><strong>protestantes</strong></span> <span class='ocrx_word' id='word_1_12' title='bbox 1908 556 2295 655; x_wconf 80' lang='lat' dir='ltr'><strong>perducere,</strong></span> <span class='ocrx_word' id='word_1_13' title='bbox 2327 557 2447 655; x_wconf 85' lang='lat' dir='ltr'><strong>qui</strong></span> <span class='ocrx_word' id='word_1_14' title='bbox 2469 555 2608 635; x_wconf 85' lang='lat' dir='ltr'><strong>duo</strong></span> <span class='ocrx_word' id='word_1_15' title='bbox 2642 571 2904 637; x_wconf 67' lang='lat' dir='ltr'><strong>tannim</strong></span> 
     </span>
     <span class='ocr_line' id='line_1_3' title="bbox 677 671 2905 754; baseline 0 -1"><span class='ocrx_word' id='word_1_16' title='bbox 677 691 1092 754; x_wconf 82' lang='lat' dir='ltr'><strong>sacramenta</strong></span> <span class='ocrx_word' id='word_1_17' title='bbox 1124 700 1168 748; x_wconf 90' lang='lat' dir='ltr'><strong>a</strong></span> <span class='ocrx_word' id='word_1_18' title='bbox 1193 673 1461 749; x_wconf 86' lang='lat' dir='ltr'><strong>Christo</strong></span> <span class='ocrx_word' id='word_1_19' title='bbox 1494 672 1801 748; x_wconf 84' lang='lat' dir='ltr'><strong>instituta</strong></span> <span class='ocrx_word' id='word_1_20' title='bbox 1833 697 1988 747; x_wconf 87' lang='lat' dir='ltr'><strong>esse</strong></span> <span class='ocrx_word' id='word_1_21' title='bbox 2018 672 2449 748; x_wconf 76' lang='lat' dir='ltr'><strong>contendunt.</strong></span> <span class='ocrx_word' id='word_1_22' title='bbox 2474 672 2561 749; x_wconf 78' lang='lat' dir='ltr'><strong>At</strong></span> <span class='ocrx_word' id='word_1_23' title='bbox 2582 671 2746 749; x_wconf 88' lang='lat' dir='ltr'><strong>dum</strong></span> <span class='ocrx_word' id='word_1_24' title='bbox 2771 672 2905 753; x_wconf 83' lang='lat' dir='ltr'><strong>hao</strong></span> 
     </span>
     <span class='ocr_line' id='line_1_4' title="bbox 676 786 2904 886; baseline -0 -18"><span class='ocrx_word' id='word_1_25' title='bbox 676 791 1107 869; x_wconf 77' lang='lat' dir='ltr'><strong>distinctione</strong></span> <span class='ocrx_word' id='word_1_26' title='bbox 1139 790 1313 863; x_wconf 82' lang='lat' dir='ltr'><strong>inter</strong></span> <span class='ocrx_word' id='word_1_27' title='bbox 1337 786 1787 862; x_wconf 76' lang='lat' dir='ltr'><strong>immediatam</strong></span> <span class='ocrx_word' id='word_1_28' title='bbox 1810 786 2304 886; x_wconf 80' lang='lat' dir='ltr'><strong>mediatamque</strong></span> <span class='ocrx_word' id='word_1_29' title='bbox 2337 802 2904 867; x_wconf 73' lang='lat' dir='ltr'><strong>sacramentonum</strong></span> 
     </span>
     <span class='ocr_line' id='line_1_5' title="bbox 677 902 2901 1001; baseline 0 -19"><span class='ocrx_word' id='word_1_30' title='bbox 677 907 1163 982; x_wconf 84' lang='lat' dir='ltr'><strong>institutionem</strong></span> <span class='ocrx_word' id='word_1_31' title='bbox 1199 903 1325 977; x_wconf 88' lang='lat' dir='ltr'><strong>rati</strong></span> <span class='ocrx_word' id='word_1_32' title='bbox 1360 919 1518 977; x_wconf 90' lang='lat' dir='ltr'><strong>sunt</strong></span> <span class='ocrx_word' id='word_1_33' title='bbox 1551 913 1993 1001; x_wconf 76' lang='lat' dir='ltr'><strong>protestantes·</strong></span> <span class='ocrx_word' id='word_1_34' title='bbox 2007 902 2103 975; x_wconf 83' lang='lat' dir='ltr'><strong>ad</strong></span> <span class='ocrx_word' id='word_1_35' title='bbox 2129 902 2451 979; x_wconf 81' lang='lat' dir='ltr'><strong>unitatem</strong></span> <span class='ocrx_word' id='word_1_36' title='bbox 2486 902 2901 1001; x_wconf 80' lang='lat' dir='ltr'><strong>pertrahere,</strong></span> 
     </span>
     <span class='ocr_line' id='line_1_6' title="bbox 678 1016 2911 1117; baseline -0.001 -18"><span class='ocrx_word' id='word_1_37' title='bbox 678 1049 814 1098; x_wconf 86' lang='lat' dir='ltr'><strong>non</strong></span> <span class='ocrx_word' id='word_1_38' title='bbox 840 1022 1267 1097; x_wconf 74' lang='lat' dir='ltr'><strong>adverterunt</strong></span> <span class='ocrx_word' id='word_1_39' title='bbox 1291 1044 1369 1092; x_wconf 85' lang='lat' dir='ltr'><strong>se</strong></span> <span class='ocrx_word' id='word_1_40' title='bbox 1396 1018 1623 1117; x_wconf 88' lang='lat' dir='ltr'><strong>potius</strong></span> <span class='ocrx_word' id='word_1_41' title='bbox 1648 1016 1736 1091; x_wconf 89' lang='lat' dir='ltr'><strong>ad</strong></span> <span class='ocrx_word' id='word_1_42' title='bbox 1761 1032 2201 1116; x_wconf 77' lang='lat' dir='ltr'><strong>protestantes</strong></span> <span class='ocrx_word' id='word_1_43' title='bbox 2237 1016 2576 1095; x_wconf 68' lang='lat' dir='ltr'><strong>amedera.</strong></span> <span class='ocrx_word' id='word_1_44' title='bbox 2601 1016 2706 1095; x_wconf 73' lang='lat' dir='ltr'><strong>Ad</strong></span> <span class='ocrx_word' id='word_1_45' title='bbox 2730 1018 2911 1097; x_wconf 73' lang='lat' dir='ltr'><strong>hanc</strong></span> 
     </span>
     <span class='ocr_line' id='line_1_7' title="bbox 679 1131 2907 1213; baseline -0.002 0"><span class='ocrx_word' id='word_1_46' title='bbox 679 1154 905 1213; x_wconf 84' lang='lat' dir='ltr'><strong>autem</strong></span> <span class='ocrx_word' id='word_1_47' title='bbox 967 1134 1364 1210; x_wconf 81' lang='lat' dir='ltr'><strong>sententiam</strong></span> <span class='ocrx_word' id='word_1_48' title='bbox 1412 1133 1499 1207; x_wconf 89' lang='lat' dir='ltr'><strong>de</strong></span> <span class='ocrx_word' id='word_1_49' title='bbox 1544 1131 2002 1207; x_wconf 80' lang='lat' dir='ltr'><strong>ecelesiastica</strong></span> <span class='ocrx_word' id='word_1_50' title='bbox 2052 1132 2466 1209; x_wconf 66' lang='lat' dir='ltr'><strong>sacramenti·</strong></span> <span class='ocrx_word' id='word_1_51' title='bbox 2500 1133 2907 1211; x_wconf 70' lang='lat' dir='ltr'><strong>matrimonii</strong></span> 
     </span>
     <span class='ocr_line' id='line_1_8' title="bbox 680 1247 2910 1348; baseline -0.002 -21"><span class='ocrx_word' id='word_1_52' title='bbox 680 1252 1102 1329; x_wconf 87' lang='lat' dir='ltr'><strong>institutione</strong></span> <span class='ocrx_word' id='word_1_53' title='bbox 1149 1251 1558 1325; x_wconf 79' lang='lat' dir='ltr'><strong>devenerunt</strong></span> <span class='ocrx_word' id='word_1_54' title='bbox 1577 1307 1593 1335; x_wconf 89' lang='lat'>,</span> <span class='ocrx_word' id='word_1_55' title='bbox 1618 1249 1796 1347; x_wconf 59' lang='lat' dir='ltr'><strong>&gt;quia</strong></span> <span class='ocrx_word' id='word_1_56' title='bbox 1843 1257 2162 1346; x_wconf 76' lang='lat' dir='ltr'><strong>putamnt</strong></span> <span class='ocrx_word' id='word_1_57' title='bbox 2208 1262 2344 1323; x_wconf 84' lang='lat' dir='ltr'><strong>non</strong></span> <span class='ocrx_word' id='word_1_58' title='bbox 2392 1247 2613 1325; x_wconf 86' lang='lat' dir='ltr'><strong>solum</strong></span> <span class='ocrx_word' id='word_1_59' title='bbox 2646 1274 2770 1348; x_wconf 86' lang='lat' dir='ltr'><strong>pro</strong></span> <span class='ocrx_word' id='word_1_60' title='bbox 2800 1249 2910 1327; x_wconf 77' lang='lat' dir='ltr'><strong>di·-</strong></span> 
     </span>
     <span class='ocr_line' id='line_1_9' title="bbox 679 1363 2909 1443; baseline -0.001 -1"><span class='ocrx_word' id='word_1_61' title='bbox 679 1370 838 1442; x_wconf 77' lang='lat' dir='ltr'><strong>viua</strong></span> <span class='ocrx_word' id='word_1_62' title='bbox 888 1367 1091 1442; x_wconf 84' lang='lat' dir='ltr'><strong>huius</strong></span> <span class='ocrx_word' id='word_1_63' title='bbox 1143 1366 1544 1441; x_wconf 86' lang='lat' dir='ltr'><strong>sacramenti</strong></span> <span class='ocrx_word' id='word_1_64' title='bbox 1594 1363 2011 1437; x_wconf 73' lang='lat' dir='ltr'><strong>institutione</strong></span> <span class='ocrx_word' id='word_1_65' title='bbox 2058 1363 2318 1439; x_wconf 88' lang='lat' dir='ltr'><strong>nullum</strong></span> <span class='ocrx_word' id='word_1_66' title='bbox 2364 1363 2687 1441; x_wconf 85' lang='lat' dir='ltr'><strong>biblicum</strong></span> <span class='ocrx_word' id='word_1_67' title='bbox 2720 1365 2909 1443; x_wconf 84' lang='lat' dir='ltr'><strong>testi-</strong></span> 
     </span>
     <span class='ocr_line' id='line_1_10' title="bbox 679 1477 2909 1579; baseline -0.002 -21"><span class='ocrx_word' id='word_1_68' title='bbox 679 1482 981 1558; x_wconf 84' lang='lat' dir='ltr'><strong>monium</strong></span> <span class='ocrx_word' id='word_1_69' title='bbox 1030 1480 1253 1554; x_wconf 83' lang='lat' dir='ltr'><strong>afferri</strong></span> <span class='ocrx_word' id='word_1_70' title='bbox 1304 1504 1538 1579; x_wconf 85' lang='lat' dir='ltr'><strong>posse,</strong></span> <span class='ocrx_word' id='word_1_71' title='bbox 1580 1477 1704 1553; x_wconf 86' lang='lat' dir='ltr'><strong>sed</strong></span> <span class='ocrx_word' id='word_1_72' title='bbox 1738 1503 1959 1577; x_wconf 64' lang='lat' dir='ltr'><strong>neque</strong></span> <span class='ocrx_word' id='word_1_73' title='bbox 2005 1477 2356 1577; x_wconf 80' lang='lat' dir='ltr'><strong>quidpiam</strong></span> <span class='ocrx_word' id='word_1_74' title='bbox 2389 1478 2553 1553; x_wconf 86' lang='lat' dir='ltr'><strong>certi</strong></span> <span class='ocrx_word' id='word_1_75' title='bbox 2587 1505 2666 1555; x_wconf 85' lang='lat' dir='ltr'><strong>ex</strong></span> <span class='ocrx_word' id='word_1_76' title='bbox 2698 1478 2909 1556; x_wconf 79' lang='lat' dir='ltr'><strong>tradi·-</strong></span> 
     </span>
     <span class='ocr_line' id='line_1_11' title="bbox 683 1593 2904 1695; baseline 0 -23"><span class='ocrx_word' id='word_1_77' title='bbox 683 1599 862 1673; x_wconf 87' lang='lat' dir='ltr'><strong>tione</strong></span> <span class='ocrx_word' id='word_1_78' title='bbox 897 1620 1103 1695; x_wconf 82' lang='lat' dir='ltr'><strong>posse</strong></span> <span class='ocrx_word' id='word_1_79' title='bbox 1134 1595 1380 1669; x_wconf 79' lang='lat' dir='ltr'><strong>adduci</strong></span> <span class='ocrx_word' id='word_1_80' title='bbox 1419 1596 1600 1691; x_wconf 71' lang='lat'><strong>(67),</strong></span> <span class='ocrx_word' id='word_1_81' title='bbox 1631 1602 1833 1694; x_wconf 69' lang='lat' dir='ltr'><strong>atque</strong></span> <span class='ocrx_word' id='word_1_82' title='bbox 1855 1594 2301 1691; x_wconf 86' lang='lat' dir='ltr'><strong>Augustinum</strong></span> <span class='ocrx_word' id='word_1_83' title='bbox 2334 1593 2626 1694; x_wconf 87' lang='lat' dir='ltr'><strong>primum</strong></span> <span class='ocrx_word' id='word_1_84' title='bbox 2656 1593 2904 1682; x_wconf 76' lang='lat' dir='ltr'><strong>fuisse,</strong></span> 
     </span>
     <span class='ocr_line' id='line_1_12' title="bbox 683 1708 2906 1812; baseline 0 -26"><span class='ocrx_word' id='word_1_85' title='bbox 683 1714 803 1812; x_wconf 89' lang='lat' dir='ltr'><strong>qui</strong></span> <span class='ocrx_word' id='word_1_86' title='bbox 835 1713 926 1786; x_wconf 86' lang='lat' dir='ltr'><strong>de</strong></span> <span class='ocrx_word' id='word_1_87' title='bbox 960 1710 1385 1786; x_wconf 88' lang='lat' dir='ltr'><strong>matrimonio</strong></span> <span class='ocrx_word' id='word_1_88' title='bbox 1420 1710 1768 1786; x_wconf 77' lang='lat' dir='ltr'><strong>disserens</strong></span> <span class='ocrx_word' id='word_1_89' title='bbox 1799 1712 2192 1784; x_wconf 74' lang='lat' dir='ltr'><strong>sacramenti</strong></span> <span class='ocrx_word' id='word_1_90' title='bbox 2218 1734 2450 1785; x_wconf 78' lang='lat' dir='ltr'><strong>vocem</strong></span> <span class='ocrx_word' id='word_1_91' title='bbox 2482 1708 2906 1797; x_wconf 72' lang='lat' dir='ltr'><strong>adhibuerit,</strong></span> 
     </span>
     <span class='ocr_line' id='line_1_13' title="bbox 682 1824 2912 1956; baseline 0 -53"><span class='ocrx_word' id='word_1_92' title='bbox 682 1853 968 1956; x_wconf 76' lang='lat' dir='ltr'><strong>eamque</strong></span> <span class='ocrx_word' id='word_1_93' title='bbox 1030 1824 1490 1925; x_wconf 85' lang='lat' dir='ltr'><strong>probabilius,</strong></span> <span class='ocrx_word' id='word_1_94' title='bbox 1518 1851 1685 1900; x_wconf 88' lang='lat' dir='ltr'><strong>non</strong></span> <span class='ocrx_word' id='word_1_95' title='bbox 1747 1851 1954 1900; x_wconf 88' lang='lat' dir='ltr'><strong>sensu</strong></span> <span class='ocrx_word' id='word_1_96' title='bbox 2017 1825 2327 1924; x_wconf 87' lang='lat' dir='ltr'><strong>proprio,</strong></span> <span class='ocrx_word' id='word_1_97' title='bbox 2385 1842 2456 1901; x_wconf 89' lang='lat' dir='ltr'><strong>at</strong></span> <span class='ocrx_word' id='word_1_98' title='bbox 2510 1825 2796 1924; x_wconf 74' lang='lat' dir='ltr'><strong>mystico</strong></span> <span class='ocrx_word' id='word_1_99' title='bbox 2843 1842 2912 1903; x_wconf 85' lang='lat' dir='ltr'><strong>et</strong></span> 
     </span>
     <span class='ocr_line' id='line_1_14' title="bbox 686 1940 2911 2042; baseline 0 -26"><span class='ocrx_word' id='word_1_100' title='bbox 686 1942 912 2042; x_wconf 76' lang='lat' dir='ltr'><strong>typico</strong></span> <span class='ocrx_word' id='word_1_101' title='bbox 961 1966 1097 2042; x_wconf 87' lang='lat' dir='ltr'><strong>quo</strong></span> <span class='ocrx_word' id='word_1_102' title='bbox 1145 1941 1261 2014; x_wconf 75' lang='lat' dir='ltr'><strong>ino</strong></span> <span class='ocrx_word' id='word_1_103' title='bbox 1308 1941 1597 2014; x_wconf 82' lang='lat' dir='ltr'><strong>maxime</strong></span> <span class='ocrx_word' id='word_1_104' title='bbox 1647 1940 2104 2017; x_wconf 77' lang='lat' dir='ltr'><strong>delectabatur</strong></span> <span class='ocrx_word' id='word_1_105' title='bbox 2149 1944 2327 2037; x_wconf 82' lang='lat'>(68).</span> <span class='ocrx_word' id='word_1_106' title='bbox 2369 1940 2456 2018; x_wconf 85' lang='lat' dir='ltr'><strong>At</strong></span> <span class='ocrx_word' id='word_1_107' title='bbox 2500 1965 2659 2021; x_wconf 72' lang='lat' dir='ltr'><strong>vem</strong></span> <span class='ocrx_word' id='word_1_108' title='bbox 2705 1952 2911 2039; x_wconf 81' lang='lat' dir='ltr'><strong>quam</strong></span> 
     </span>
     <span class='ocr_line' id='line_1_15' title="bbox 686 2054 2910 2156; baseline 0 -25"><span class='ocrx_word' id='word_1_109' title='bbox 686 2057 993 2156; x_wconf 86' lang='lat' dir='ltr'><strong>imperite</strong></span> <span class='ocrx_word' id='word_1_110' title='bbox 1027 2056 1197 2130; x_wconf 89' lang='lat' dir='ltr'><strong>haec</strong></span> <span class='ocrx_word' id='word_1_111' title='bbox 1228 2056 1411 2129; x_wconf 81' lang='lat' dir='ltr'><strong>dicta</strong></span> <span class='ocrx_word' id='word_1_112' title='bbox 1444 2056 1581 2129; x_wconf 90' lang='lat' dir='ltr'><strong>sint</strong></span> <span class='ocrx_word' id='word_1_113' title='bbox 1612 2072 1844 2155; x_wconf 83' lang='lat' dir='ltr'><strong>aperte</strong></span> <span class='ocrx_word' id='word_1_114' title='bbox 1876 2054 2088 2155; x_wconf 89' lang='lat' dir='ltr'><strong>liquet</strong></span> <span class='ocrx_word' id='word_1_115' title='bbox 2117 2082 2198 2129; x_wconf 82' lang='lat' dir='ltr'><strong>ex</strong></span> <span class='ocrx_word' id='word_1_116' title='bbox 2236 2054 2652 2131; x_wconf 72' lang='lat' dir='ltr'><strong>documentis</strong></span> <span class='ocrx_word' id='word_1_117' title='bbox 2686 2054 2910 2131; x_wconf 82' lang='lat' dir='ltr'><strong>haete-</strong></span> 
     </span>
     <span class='ocr_line' id='line_1_16' title="bbox 685 2169 2911 2271; baseline 0.001 -26"><span class='ocrx_word' id='word_1_118' title='bbox 685 2196 815 2246; x_wconf 85' lang='lat' dir='ltr'><strong>nus</strong></span> <span class='ocrx_word' id='word_1_119' title='bbox 864 2170 1129 2260; x_wconf 85' lang='lat' dir='ltr'><strong>allatis,</strong></span> <span class='ocrx_word' id='word_1_120' title='bbox 1168 2171 1421 2271; x_wconf 87' lang='lat' dir='ltr'><strong>quibus</strong></span> <span class='ocrx_word' id='word_1_121' title='bbox 1467 2171 1814 2246; x_wconf 75' lang='lat' dir='ltr'><strong>veritatem</strong></span> <span class='ocrx_word' id='word_1_122' title='bbox 1864 2170 2263 2247; x_wconf 69' lang='lat' dir='ltr'><strong>sacramenti</strong></span> <span class='ocrx_word' id='word_1_123' title='bbox 2311 2169 2719 2247; x_wconf 81' lang='lat' dir='ltr'><strong>matrimonii</strong></span> <span class='ocrx_word' id='word_1_124' title='bbox 2767 2186 2911 2248; x_wconf 83' lang='lat' dir='ltr'><strong>tum</strong></span> 
     </span>
     <span class='ocr_line' id='line_1_17' title="bbox 688 2285 2912 2389; baseline 0 -28"><span class='ocrx_word' id='word_1_125' title='bbox 688 2286 978 2385; x_wconf 85' lang='lat' dir='ltr'><strong>publicis</strong></span> <span class='ocrx_word' id='word_1_126' title='bbox 1028 2312 1107 2361; x_wconf 89' lang='lat' dir='ltr'><strong>ac</strong></span> <span class='ocrx_word' id='word_1_127' title='bbox 1154 2286 1569 2362; x_wconf 75' lang='lat' dir='ltr'><strong>solemnibus</strong></span> <span class='ocrx_word' id='word_1_128' title='bbox 1603 2285 2042 2361; x_wconf 88' lang='lat' dir='ltr'><strong>ecclesiarum</strong></span> <span class='ocrx_word' id='word_1_129' title='bbox 2067 2345 2083 2374; x_wconf 88' lang='lat'>,</span> <span class='ocrx_word' id='word_1_130' title='bbox 2124 2301 2265 2361; x_wconf 86' lang='lat' dir='ltr'><strong>tum</strong></span> <span class='ocrx_word' id='word_1_131' title='bbox 2298 2285 2757 2383; x_wconf 78' lang='lat' dir='ltr'><strong>singularibus</strong></span> <span class='ocrx_word' id='word_1_132' title='bbox 2790 2311 2912 2389; x_wconf 75' lang='lat' dir='ltr'><strong>pa·</strong></span> 
     </span>
     <span class='ocr_line' id='line_1_18' title="bbox 688 2401 1969 2502; baseline 0.001 -29"><span class='ocrx_word' id='word_1_133' title='bbox 688 2418 862 2474; x_wconf 88' lang='lat' dir='ltr'><strong>trum</strong></span> <span class='ocrx_word' id='word_1_134' title='bbox 912 2402 1315 2477; x_wconf 84' lang='lat' dir='ltr'><strong>testimoniis</strong></span> <span class='ocrx_word' id='word_1_135' title='bbox 1363 2401 1969 2502; x_wconf 73' lang='lat' dir='ltr'><strong>comprobavimus.</strong></span> 
     </span>
    </p>
   </div>
   <div class='ocr_carea' id='block_1_3' title="bbox 1532 2597 2062 2660">
    <p class='ocr_par' dir='ltr' id='par_1_3' title="bbox 1532 2597 2062 2660">
     <span class='ocr_line' id='line_1_19' title="bbox 1532 2597 2062 2660; baseline 0.004 -8"><span class='ocrx_word' id='word_1_136' title='bbox 1532 2597 1949 2660; x_wconf 77' lang='lat' dir='ltr'><strong>ARTlcULUS</strong></span> <span class='ocrx_word' id='word_1_137' title='bbox 1989 2597 2062 2654; x_wconf 92' lang='lat'><strong>11.</strong></span> 
     </span>
    </p>
   </div>
   <div class='ocr_carea' id='block_1_4' title="bbox 1116 2739 2486 2882">
    <p class='ocr_par' dir='ltr' id='par_1_4' title="bbox 1116 2739 2486 2882">
     <span class='ocr_line' id='line_1_20' title="bbox 1116 2739 2486 2806; baseline 0.002 -5"><span class='ocrx_word' id='word_1_138' title='bbox 1116 2740 1345 2806; x_wconf 83' lang='lat' dir='ltr'><strong>Veritas</strong></span> <span class='ocrx_word' id='word_1_139' title='bbox 1382 2739 1741 2801; x_wconf 81' lang='lat' dir='ltr'><strong>Sacramenti</strong></span> <span class='ocrx_word' id='word_1_140' title='bbox 1768 2740 2125 2804; x_wconf 72' lang='lat' dir='ltr'><strong>Matrimonii</strong></span> <span class='ocrx_word' id='word_1_141' title='bbox 2162 2741 2486 2806; x_wconf 71' lang='lat' dir='ltr'><strong>ostenditur</strong></span> 
     </span>
     <span class='ocr_line' id='line_1_21' title="bbox 1195 2818 2411 2882; baseline 0 -1"><span class='ocrx_word' id='word_1_142' title='bbox 1195 2836 1266 2881; x_wconf 82' lang='lat' dir='ltr'><strong>ex</strong></span> <span class='ocrx_word' id='word_1_143' title='bbox 1296 2822 1590 2882; x_wconf 83' lang='lat' dir='ltr'><strong>communi</strong></span> <span class='ocrx_word' id='word_1_144' title='bbox 1610 2818 2098 2881; x_wconf 82' lang='lat' dir='ltr'><strong>scholasticorum</strong></span> <span class='ocrx_word' id='word_1_145' title='bbox 2122 2820 2411 2881; x_wconf 84' lang='lat' dir='ltr'><strong>doctrina.</strong></span> 
     </span>
    </p>
   </div>
   <div class='ocr_carea' id='block_1_5' title="bbox 692 2969 2922 3761">
    <p class='ocr_par' dir='ltr' id='par_1_5' title="bbox 692 2969 2922 3761">
     <span class='ocr_line' id='line_1_22' title="bbox 838 2969 2916 3069; baseline 0.002 -26"><span class='ocrx_word' id='word_1_146' title='bbox 838 2969 1102 3068; x_wconf 84' lang='lat' dir='ltr'><strong>Operae</strong></span> <span class='ocrx_word' id='word_1_147' title='bbox 1151 2970 1438 3068; x_wconf 87' lang='lat' dir='ltr'><strong>pretium</strong></span> <span class='ocrx_word' id='word_1_148' title='bbox 1472 2985 1577 3043; x_wconf 86' lang='lat' dir='ltr'><strong>est</strong></span> <span class='ocrx_word' id='word_1_149' title='bbox 1616 2969 1990 3068; x_wconf 83' lang='lat' dir='ltr'><strong>expendere</strong></span> <span class='ocrx_word' id='word_1_150' title='bbox 2009 3027 2026 3057; x_wconf 90' lang='lat'>‚</span> <span class='ocrx_word' id='word_1_151' title='bbox 2069 2997 2229 3043; x_wconf 91' lang='lat' dir='ltr'><strong>num</strong></span> <span class='ocrx_word' id='word_1_152' title='bbox 2262 2971 2674 3069; x_wconf 85' lang='lat' dir='ltr'><strong>antiquiores</strong></span> <span class='ocrx_word' id='word_1_153' title='bbox 2716 2972 2916 3047; x_wconf 86' lang='lat' dir='ltr'><strong>scho-</strong></span> 
     </span>
     <span class='ocr_line' id='line_1_23' title="bbox 692 3083 2917 3183; baseline 0.001 -25"><span class='ocrx_word' id='word_1_154' title='bbox 692 3085 911 3159; x_wconf 86' lang='lat' dir='ltr'><strong>lastici</strong></span> <span class='ocrx_word' id='word_1_155' title='bbox 960 3110 1004 3156; x_wconf 88' lang='lat' dir='ltr'><strong>a</strong></span> <span class='ocrx_word' id='word_1_156' title='bbox 1052 3099 1314 3183; x_wconf 89' lang='lat' dir='ltr'><strong>patrum</strong></span> <span class='ocrx_word' id='word_1_157' title='bbox 1363 3083 1665 3157; x_wconf 88' lang='lat' dir='ltr'><strong>doctrina</strong></span> <span class='ocrx_word' id='word_1_158' title='bbox 1711 3084 2157 3172; x_wconf 84' lang='lat' dir='ltr'><strong>desciverint,</strong></span> <span class='ocrx_word' id='word_1_159' title='bbox 2212 3111 2299 3157; x_wconf 94' lang='lat' dir='ltr'><strong>an</strong></span> <span class='ocrx_word' id='word_1_160' title='bbox 2347 3109 2505 3158; x_wconf 79' lang='lat' dir='ltr'><strong>vero</strong></span> <span class='ocrx_word' id='word_1_161' title='bbox 2538 3084 2917 3161; x_wconf 87' lang='lat' dir='ltr'><strong>traditionis</strong></span> 
     </span>
     <span class='ocr_line' id='line_1_24' title="bbox 699 3198 2915 3297; baseline 0 -26"><span class='ocrx_word' id='word_1_162' title='bbox 699 3198 882 3272; x_wconf 77' lang='lat' dir='ltr'><strong>iilum</strong></span> <span class='ocrx_word' id='word_1_163' title='bbox 920 3199 1205 3272; x_wconf 88' lang='lat' dir='ltr'><strong>insecuti</strong></span> <span class='ocrx_word' id='word_1_164' title='bbox 1244 3198 1656 3297; x_wconf 86' lang='lat' dir='ltr'><strong>perrexerint</strong></span> <span class='ocrx_word' id='word_1_165' title='bbox 1688 3223 2070 3295; x_wconf 82' lang='lat' dir='ltr'><strong>germanam</strong></span> <span class='ocrx_word' id='word_1_166' title='bbox 2098 3198 2183 3270; x_wconf 92' lang='lat' dir='ltr'><strong>de</strong></span> <span class='ocrx_word' id='word_1_167' title='bbox 2206 3198 2484 3273; x_wconf 79' lang='lat' dir='ltr'><strong>veritate</strong></span> <span class='ocrx_word' id='word_1_168' title='bbox 2518 3203 2915 3275; x_wconf 86' lang='lat' dir='ltr'><strong>sacramenti</strong></span> 
     </span>
     <span class='ocr_line' id='line_1_25' title="bbox 697 3311 2919 3412; baseline 0.001 -25"><span class='ocrx_word' id='word_1_169' title='bbox 697 3313 1101 3390; x_wconf 89' lang='lat' dir='ltr'><strong>matrimonii</strong></span> <span class='ocrx_word' id='word_1_170' title='bbox 1138 3313 1511 3387; x_wconf 89' lang='lat' dir='ltr'><strong>doctrinam</strong></span> <span class='ocrx_word' id='word_1_171' title='bbox 1536 3339 1579 3386; x_wconf 98' lang='lat' dir='ltr'><strong>a</strong></span> <span class='ocrx_word' id='word_1_172' title='bbox 1605 3311 1914 3412; x_wconf 88' lang='lat' dir='ltr'><strong>patribus</strong></span> <span class='ocrx_word' id='word_1_173' title='bbox 1949 3329 2292 3411; x_wconf 86' lang='lat' dir='ltr'><strong>acceptam</strong></span> <span class='ocrx_word' id='word_1_174' title='bbox 2324 3338 2743 3396; x_wconf 81' lang='lat' dir='ltr'><strong>conservare.</strong></span> <span class='ocrx_word' id='word_1_175' title='bbox 2771 3315 2919 3394; x_wconf 83' lang='lat' dir='ltr'><strong>Non</strong></span> 
     </span>
     <span class='ocr_line' id='line_1_26' title="bbox 697 3428 2921 3529; baseline 0.001 -25"><span class='ocrx_word' id='word_1_176' title='bbox 697 3431 878 3504; x_wconf 84' lang='lat' dir='ltr'><strong>enim</strong></span> <span class='ocrx_word' id='word_1_177' title='bbox 914 3430 1190 3515; x_wconf 85' lang='lat' dir='ltr'><strong>desunt,</strong></span> <span class='ocrx_word' id='word_1_178' title='bbox 1234 3429 1350 3529; x_wconf 90' lang='lat' dir='ltr'><strong>qui</strong></span> <span class='ocrx_word' id='word_1_179' title='bbox 1404 3454 1520 3502; x_wconf 86' lang='lat' dir='ltr'><strong>eos</strong></span> <span class='ocrx_word' id='word_1_180' title='bbox 1572 3429 1882 3502; x_wconf 86' lang='lat' dir='ltr'><strong>incusent</strong></span> <span class='ocrx_word' id='word_1_181' title='bbox 1921 3428 2102 3528; x_wconf 89' lang='lat' dir='ltr'><strong>quod</strong></span> <span class='ocrx_word' id='word_1_182' title='bbox 2139 3428 2223 3502; x_wconf 92' lang='lat' dir='ltr'><strong>ab</strong></span> <span class='ocrx_word' id='word_1_183' title='bbox 2258 3454 2335 3503; x_wconf 89' lang='lat' dir='ltr'><strong>ea</strong></span> <span class='ocrx_word' id='word_1_184' title='bbox 2370 3429 2733 3504; x_wconf 82' lang='lat' dir='ltr'><strong>defecerint</strong></span> <span class='ocrx_word' id='word_1_185' title='bbox 2778 3432 2921 3507; x_wconf 80' lang='lat' dir='ltr'><strong>sive</strong></span> 
     </span>
     <span class='ocr_line' id='line_1_27' title="bbox 697 3543 2911 3644; baseline 0.001 -27"><span class='ocrx_word' id='word_1_186' title='bbox 697 3544 785 3620; x_wconf 86' lang='lat' dir='ltr'><strong>ob</strong></span> <span class='ocrx_word' id='word_1_187' title='bbox 840 3545 1265 3644; x_wconf 86' lang='lat' dir='ltr'><strong>antiquorum</strong></span> <span class='ocrx_word' id='word_1_188' title='bbox 1322 3544 1866 3618; x_wconf 88' lang='lat' dir='ltr'><strong>documentorum</strong></span> <span class='ocrx_word' id='word_1_189' title='bbox 1921 3543 2217 3642; x_wconf 88' lang='lat' dir='ltr'><strong>inopiam</strong></span> <span class='ocrx_word' id='word_1_190' title='bbox 2268 3562 2334 3620; x_wconf 92' lang='lat' dir='ltr'><strong>et</strong></span> <span class='ocrx_word' id='word_1_191' title='bbox 2387 3544 2868 3642; x_wconf 80' lang='lat' dir='ltr'><strong>ignorationem</strong></span> <span class='ocrx_word' id='word_1_192' title='bbox 2892 3604 2911 3635; x_wconf 89' lang='lat'>‚</span> 
     </span>
     <span class='ocr_line' id='line_1_28' title="bbox 697 3660 2922 3761; baseline 0 -26"><span class='ocrx_word' id='word_1_193' title='bbox 697 3662 842 3736; x_wconf 84' lang='lat' dir='ltr'><strong>sive</strong></span> <span class='ocrx_word' id='word_1_194' title='bbox 890 3661 977 3736; x_wconf 86' lang='lat' dir='ltr'><strong>ob</strong></span> <span class='ocrx_word' id='word_1_195' title='bbox 1026 3660 1395 3758; x_wconf 85' lang='lat' dir='ltr'><strong>neglectam</strong></span> <span class='ocrx_word' id='word_1_196' title='bbox 1448 3660 1908 3759; x_wconf 83' lang='lat' dir='ltr'><strong>antiquitatem</strong></span> <span class='ocrx_word' id='word_1_197' title='bbox 1959 3685 2334 3761; x_wconf 77' lang='lat' dir='ltr'><strong>novamque</strong></span> <span class='ocrx_word' id='word_1_198' title='bbox 2367 3660 2435 3731; x_wconf 89' lang='lat' dir='ltr'><strong>in</strong></span> <span class='ocrx_word' id='word_1_199' title='bbox 2469 3660 2775 3736; x_wconf 88' lang='lat' dir='ltr'><strong>doctrina</strong></span> <span class='ocrx_word' id='word_1_200' title='bbox 2808 3685 2922 3736; x_wconf 88' lang='lat' dir='ltr'><strong>sa-</strong></span> 
     </span>
    </p>
   </div>
   <div class='ocr_carea' id='block_1_6' title="bbox 699 3828 2923 4304">
    <p class='ocr_par' dir='ltr' id='par_1_6' title="bbox 699 3828 2923 4304">
     <span class='ocr_line' id='line_1_29' title="bbox 843 3828 2920 3894; baseline 0 -13"><span class='ocrx_word' id='word_1_201' title='bbox 843 3828 945 3894; x_wconf 77' lang='grc'>(67)</span> <span class='ocrx_word' id='word_1_202' title='bbox 976 3831 1050 3881; x_wconf 82' lang='lat' dir='ltr'><strong>lta</strong></span> <span class='ocrx_word' id='word_1_203' title='bbox 1067 3830 1153 3881; x_wconf 85' lang='lat' dir='ltr'><strong>cit.</strong></span> <span class='ocrx_word' id='word_1_204' title='bbox 1172 3829 1420 3880; x_wconf 79' lang='lat' dir='ltr'><strong>Oberthur</strong></span> <span class='ocrx_word' id='word_1_205' title='bbox 1439 3843 1521 3892; x_wconf 83' lang='lat' dir='ltr'><strong>op.</strong></span> <span class='ocrx_word' id='word_1_206' title='bbox 1545 3831 1596 3880; x_wconf 81' lang='lat' dir='ltr'><strong>et</strong></span> <span class='ocrx_word' id='word_1_207' title='bbox 1616 3830 1712 3882; x_wconf 87' lang='lat' dir='ltr'><strong>loc.</strong></span> <span class='ocrx_word' id='word_1_208' title='bbox 1729 3828 1814 3880; x_wconf 87' lang='lat' dir='ltr'><strong>cit.</strong></span> <span class='ocrx_word' id='word_1_209' title='bbox 1828 3842 2018 3881; x_wconf 80' lang='lat' dir='ltr'><strong>necnon</strong></span> <span class='ocrx_word' id='word_1_210' title='bbox 2037 3828 2310 3893; x_wconf 73' lang='lat' dir='ltr'><strong>Holdmer,</strong></span> <span class='ocrx_word' id='word_1_211' title='bbox 2335 3832 2621 3894; x_wconf 70' lang='lat' dir='ltr'><strong>pne-erum</strong></span> <span class='ocrx_word' id='word_1_212' title='bbox 2642 3843 2762 3883; x_wconf 75' lang='lat' dir='ltr'><strong>vero</strong></span> <span class='ocrx_word' id='word_1_213' title='bbox 2786 3831 2920 3882; x_wconf 74' lang='lat' dir='ltr'><strong>netis</strong></span> 
     </span>
     <span class='ocr_line' id='line_1_30' title="bbox 700 3912 2923 4055; baseline 0.001 -15"><span class='ocrx_word' id='word_1_214' title='bbox 700 3912 943 4052; x_wconf 47' lang='lat' dir='ltr'><strong>Menas)</strong></span> <span class='ocrx_word' id='word_1_215' title='bbox 971 3990 1048 4039; x_wconf 76' lang='lat' dir='ltr'><strong>lta</strong></span> <span class='ocrx_word' id='word_1_216' title='bbox 1076 3991 1310 4041; x_wconf 77' lang='lat' dir='ltr'><strong>Lassauix</strong></span> <span class='ocrx_word' id='word_1_217' title='bbox 1330 4026 1346 4053; x_wconf 88' lang='lat'>,</span> <span class='ocrx_word' id='word_1_218' title='bbox 1378 3989 1597 4052; x_wconf 65' lang='lat' dir='ltr'><strong>wicus,</strong></span> <span class='ocrx_word' id='word_1_219' title='bbox 1631 3992 1683 4040; x_wconf 82' lang='lat' dir='ltr'><strong>ct</strong></span> <span class='ocrx_word' id='word_1_220' title='bbox 1711 3991 1952 4053; x_wconf 80' lang='lat' dir='ltr'><strong>Kiistner,</strong></span> <span class='ocrx_word' id='word_1_221' title='bbox 1994 4003 2206 4054; x_wconf 83' lang='lat' dir='ltr'><strong>qnorum</strong></span> <span class='ocrx_word' id='word_1_222' title='bbox 2250 3993 2527 4055; x_wconf 82' lang='lat' dir='ltr'><strong>postremus</strong></span> <span class='ocrx_word' id='word_1_223' title='bbox 2566 3990 2776 4042; x_wconf 77' lang='lat' dir='ltr'><strong>scr-ibere</strong></span> <span class='ocrx_word' id='word_1_224' title='bbox 2818 4004 2923 4043; x_wconf 87' lang='lat' dir='ltr'><strong>non</strong></span> 
     </span>
     <span class='ocr_line' id='line_1_31' title="bbox 701 4069 2920 4137; baseline 0.002 -19"><span class='ocrx_word' id='word_1_225' title='bbox 701 4069 969 4120; x_wconf 77' lang='lat' dir='ltr'><strong>dubitavit:</strong></span> <span class='ocrx_word' id='word_1_226' title='bbox 1007 4087 1033 4114; x_wconf 78' lang='grc' dir='ltr'><strong>σι</strong></span> <span class='ocrx_word' id='word_1_227' title='bbox 1050 4071 1301 4133; x_wconf 79' lang='lat' dir='ltr'><strong>Dogmatis</strong></span> <span class='ocrx_word' id='word_1_228' title='bbox 1328 4070 1393 4121; x_wconf 84' lang='lat' dir='ltr'><strong>de</strong></span> <span class='ocrx_word' id='word_1_229' title='bbox 1421 4071 1727 4121; x_wconf 68' lang='lat' dir='ltr'><strong>neumenia</strong></span> <span class='ocrx_word' id='word_1_230' title='bbox 1755 4070 2055 4121; x_wconf 72' lang='lat' dir='ltr'><strong>matrimonii</strong></span> <span class='ocrx_word' id='word_1_231' title='bbox 2086 4071 2258 4122; x_wconf 73' lang='lat' dir='ltr'><strong>auctor</strong></span> <span class='ocrx_word' id='word_1_232' title='bbox 2288 4070 2453 4122; x_wconf 76' lang='lat' dir='ltr'><strong>extitit</strong></span> <span class='ocrx_word' id='word_1_233' title='bbox 2479 4070 2802 4136; x_wconf 74' lang='lat' dir='ltr'><strong>Augustinus,</strong></span> <span class='ocrx_word' id='word_1_234' title='bbox 2831 4072 2920 4137; x_wconf 78' lang='lat' dir='ltr'><strong>qni</strong></span> 
     </span>
     <span class='ocr_line' id='line_1_32' title="bbox 699 4149 2923 4215; baseline 0.002 -16"><span class='ocrx_word' id='word_1_235' title='bbox 699 4149 866 4199; x_wconf 84' lang='lat' dir='ltr'><strong>iocum</strong></span> <span class='ocrx_word' id='word_1_236' title='bbox 897 4149 1037 4199; x_wconf 77' lang='lat' dir='ltr'><strong>Pauli</strong></span> <span class='ocrx_word' id='word_1_237' title='bbox 1059 4150 1225 4212; x_wconf 80' lang='lat' dir='ltr'><strong>ephes.</strong></span> <span class='ocrx_word' id='word_1_238' title='bbox 1246 4153 1310 4199; x_wconf 78' lang='lat' dir='ltr'><strong>V.</strong></span> <span class='ocrx_word' id='word_1_239' title='bbox 1325 4149 1477 4212; x_wconf 64' lang='lat' dir='ltr'><strong>salso</strong></span> <span class='ocrx_word' id='word_1_240' title='bbox 1496 4150 1880 4214; x_wconf 81' lang='lat' dir='ltr'><strong>interpretando,</strong></span> <span class='ocrx_word' id='word_1_241' title='bbox 1904 4151 1956 4200; x_wconf 87' lang='lat' dir='ltr'><strong>in</strong></span> <span class='ocrx_word' id='word_1_242' title='bbox 1978 4161 2040 4200; x_wconf 82' lang='lat' dir='ltr'><strong>eo</strong></span> <span class='ocrx_word' id='word_1_243' title='bbox 2064 4151 2237 4215; x_wconf 77' lang='lat' dir='ltr'><strong>typum</strong></span> <span class='ocrx_word' id='word_1_244' title='bbox 2260 4152 2561 4204; x_wconf 78' lang='lat' dir='ltr'><strong>matrimonii</strong></span> <span class='ocrx_word' id='word_1_245' title='bbox 2591 4152 2776 4204; x_wconf 60' lang='lat' dir='ltr'><strong>ebrini</strong></span> <span class='ocrx_word' id='word_1_246' title='bbox 2806 4163 2923 4204; x_wconf 72' lang='lat' dir='ltr'><strong>eum</strong></span> 
     </span>
     <span class='ocr_line' id='line_1_33' title="bbox 701 4228 2921 4304; baseline 0.003 -26"><span class='ocrx_word' id='word_1_247' title='bbox 701 4228 906 4278; x_wconf 83' lang='lat' dir='ltr'><strong>ecclesia</strong></span> <span class='ocrx_word' id='word_1_248' title='bbox 946 4228 1339 4278; x_wconf 82' lang='lat' dir='ltr'><strong>coniunctionem</strong></span> <span class='ocrx_word' id='word_1_249' title='bbox 1373 4228 1716 4294; x_wconf 77' lang='lat' dir='ltr'><strong>significantis,</strong></span> <span class='ocrx_word' id='word_1_250' title='bbox 1750 4229 2062 4293; x_wconf 73' lang='lat' dir='ltr'><strong>quaerebat.»</strong></span> <span class='ocrx_word' id='word_1_251' title='bbox 2086 4231 2162 4280; x_wconf 80' lang='lat' dir='ltr'><strong>De</strong></span> <span class='ocrx_word' id='word_1_252' title='bbox 2188 4233 2423 4282; x_wconf 72' lang='lat' dir='ltr'><strong>matrim.</strong></span> <span class='ocrx_word' id='word_1_253' title='bbox 2447 4232 2644 4304; x_wconf 74' lang='lat' dir='ltr'><strong>Lipsiae</strong></span> <span class='ocrx_word' id='word_1_254' title='bbox 2676 4239 2812 4285; x_wconf 77' lang='lat'><strong>18¹0.</strong></span> <span class='ocrx_word' id='word_1_255' title='bbox 2848 4233 2921 4284; x_wconf 75' lang='lat' dir='ltr'><strong>n·</strong></span> 
     </span>
    </p>
   </div>
   <div class='ocr_carea' id='block_1_7' title="bbox 703 4306 2915 4452">
    <p class='ocr_par' dir='ltr' id='par_1_7' title="bbox 703 4306 2915 4452">
     <span class='ocr_line' id='line_1_34' title="bbox 703 4306 2915 4376; baseline 0.002 -18"><span class='ocrx_word' id='word_1_256' title='bbox 703 4307 851 4358; x_wconf 74' lang='lat' dir='ltr'><strong>etiam</strong></span> <span class='ocrx_word' id='word_1_257' title='bbox 878 4307 962 4358; x_wconf 80' lang='lat' dir='ltr'><strong>aiii</strong></span> <span class='ocrx_word' id='word_1_258' title='bbox 994 4306 1123 4372; x_wconf 78' lang='lat' dir='ltr'><strong>apud</strong></span> <span class='ocrx_word' id='word_1_259' title='bbox 1147 4308 1454 4372; x_wconf 65' lang='lat' dir='ltr'><strong>noskowsny</strong></span> <span class='ocrx_word' id='word_1_260' title='bbox 1484 4312 1537 4360; x_wconf 88' lang='lat' dir='ltr'><strong>in</strong></span> <span class='ocrx_word' id='word_1_261' title='bbox 1567 4322 1652 4373; x_wconf 78' lang='lat' dir='ltr'><strong>op.</strong></span> <span class='ocrx_word' id='word_1_262' title='bbox 1679 4311 1753 4359; x_wconf 78' lang='lat' dir='ltr'><strong>De</strong></span> <span class='ocrx_word' id='word_1_263' title='bbox 1781 4310 2014 4359; x_wconf 75' lang='lat' dir='ltr'><strong>matr-im.</strong></span> <span class='ocrx_word' id='word_1_264' title='bbox 2037 4313 2094 4361; x_wconf 77' lang='lat' dir='ltr'><strong>in</strong></span> <span class='ocrx_word' id='word_1_265' title='bbox 2120 4309 2298 4362; x_wconf 72' lang='lat' dir='ltr'><strong>eccles.</strong></span> <span class='ocrx_word' id='word_1_266' title='bbox 2315 4310 2510 4364; x_wconf 67' lang='lat' dir='ltr'><strong>casm.</strong></span> <span class='ocrx_word' id='word_1_267' title='bbox 2535 4316 2779 4376; x_wconf 75' lang='lat' dir='ltr'><strong>Augustae</strong></span> <span class='ocrx_word' id='word_1_268' title='bbox 2800 4314 2915 4364; x_wconf 77' lang='lat' dir='ltr'><strong>vin·</strong></span> 
     </span>
     <span class='ocr_line' id='line_1_35' title="bbox 703 4387 1580 4452; baseline 0.001 -14"><span class='ocrx_word' id='word_1_269' title='bbox 703 4387 848 4438; x_wconf 77' lang='lat' dir='ltr'><strong>deiic.</strong></span> <span class='ocrx_word' id='word_1_270' title='bbox 877 4390 996 4439; x_wconf 85' lang='lat' dir='ltr'><strong>tom.</strong></span> <span class='ocrx_word' id='word_1_271' title='bbox 1030 4389 1067 4438; x_wconf 89' lang='lat' dir='ltr'><strong>i.</strong></span> <span class='ocrx_word' id='word_1_272' title='bbox 1095 4401 1205 4452; x_wconf 78' lang='lat' dir='ltr'><strong>pag.</strong></span> <span class='ocrx_word' id='word_1_273' title='bbox 1228 4395 1304 4439; x_wconf 79' lang='lat'><strong>29.</strong></span> <span class='ocrx_word' id='word_1_274' title='bbox 1329 4390 1444 4439; x_wconf 80' lang='lat' dir='ltr'><strong>nota</strong></span> <span class='ocrx_word' id='word_1_275' title='bbox 1462 4389 1580 4450; x_wconf 79' lang='grc'>(87).</span> 
     </span>
    </p>
   </div>
  </div>
 </body>
</html>
