3276 5083
609 445 746 494 mr.
782 443 847 491 v.
883 442 965 494 ns
1000 441 1234 495 nnusr.
1269 442 1578 494 commu.
1613 443 1754 493 nr.
1789 444 1882 495 111.
1910 445 2052 495 ιιιιι.
2097 446 2319 498 ruam..
2480 426 2618 498 159

389 587 623 637 meros
665 574 1041 636 contractus
1068 617 1083 646 ,
1122 562 1271 635 sive
1307 561 1643 636 naturales
1663 618 1680 648 ‚
1721 562 1867 636 sive
1898 563 2130 638 civiles
2156 622 2171 650 ‚
2213 581 2285 638 ut
2319 566 2617 650 nonnulli

391 677 800 752 recentiores
851 676 1142 773 theologi
1179 676 1267 749 ad
1301 678 1501 752 huius
1546 679 1914 774 argumenti
1962 679 2097 752 vim
2150 679 2614 756 declinandam

388 793 703 892 excipere
722 808 1228 868 consueverunt.
1253 793 1534 891 Insuper
1559 793 2040 891 interquatuor
2065 795 2390 869 recensita
2406 797 2607 885 mala,

390 934 573 1008 quae
635 906 1009 982 numeravit
1065 906 1549 1004 Lotharingius.
1594 908 1992 1006 profluentia
2047 934 2129 983 ex
2178 909 2614 990 clandestinis

392 1022 728 1119 coniugiis
761 1037 864 1095 est
897 1023 1159 1095 αηιίεείο
1191 1024 1447 1120 qratiae
1478 1025 1870 1098 sacramenti
1899 1026 2078 1119 (39).
2111 1025 2394 1098 Demum
2436 1026 2615 1100 idem

387 1136 758 1211 cardinalis
820 1136 1130 1235 patefecit
1178 1152 1409 1237 optare
1466 1162 1581 1225 se,
1638 1154 1716 1212 ut
1763 1137 1834 1208 in
1882 1138 2149 1213 decreto
2199 1155 2459 1239 praeter
2508 1165 2619 1214 so-

386 1252 648 1327 lemnes
699 1251 870 1326 alios
921 1253 1089 1328 ritus
1138 1253 1588 1352 requireretur
1637 1253 1730 1326 ad
1776 1255 2175 1332 sacramenti
2227 1254 2363 1328 vim
2415 1255 2617 1328 etiam

389 1368 761 1442 sacerdotis
810 1366 1189 1442 benedictio
1233 1369 1410 1463 (40).
1445 1368 1619 1464 Ergo
1656 1368 1980 1444 hactenus
2020 1368 2353 1444 eiusmodi
2412 1368 2617 1442 bene-

388 1481 598 1556 dictio
652 1480 737 1555 ad
795 1482 934 1554 vim
1000 1482 1397 1558 sacramenti
1446 1482 1742 1558 minime
1798 1483 2179 1557 necessaria
2234 1477 2613 1557 existimata

388 1595 626 1670 fuerat.

529 1712 816 1785 loannes
837 1669 1223 1787 Trivisanus
1239 1711 1648 1786 venetiarum
1677 1657 2055 1812 patriarcha
2073 1737 2225 1785 sese
2242 1711 2506 1786 decreto
2525 1713 2610 1788 de

386 1825 753 1899 irritatione
787 1826 1247 1923 coniugiorum
1272 1825 1838 1900 clandestinorum
1866 1827 2222 1926 opposuit,
2257 1843 2444 1902 ratus
2467 1827 2609 1899 irri-

384 1953 520 2012 tum
547 1939 741 2013 reddi
769 1940 949 2013 haud
976 1965 1178 2040 posse
1201 1941 1553 2039 quamdam
1573 1943 1971 2013 sacramenti
1993 1942 2340 2026 rationem,
2375 1942 2447 2014 in
2474 1968 2611 2040 qua

385 2068 523 2127 tota
565 2056 728 2128 insit
778 2057 995 2155 ipsius
1049 2072 1319 2141 natura,
1363 2057 1625 2129 tametsi
1662 2056 1829 2129 ritus
1866 2055 2073 2128 debiti
2110 2056 2365 2143 desint;
2406 2057 2605 2142 sicuti

388 2194 499 2241 ex.
538 2194 640 2265 gr.
680 2170 987 2268 quamvis
1033 2169 1373 2244 sacerdos
1396 2185 1743 2246 consecret
1792 2169 2048 2266 absque
2096 2185 2334 2248 ornatu
2375 2194 2600 2256 sacro,

384 2307 621 2355 verum
680 2300 1159 2358 sacramentum
1230 2284 1535 2369 conficit,
1596 2283 1973 2360 dummodo
2032 2284 2382 2358 materiam
2451 2310 2612 2360 cum·

384 2395 611 2487 sonna
624 2399 1003 2497 coniungat.
1030 2397 1213 2492 Cum
1223 2399 1466 2496 igitur,
1500 2398 1617 2471 ita
1612 2397 1782 2496 ipse
1798 2395 2350 2495 prosequebatur,
2369 2413 2606 2500 natura

381 2512 787 2589 matrimonii
837 2515 973 2589 sita
1012 2515 1104 2590 sit
1145 2515 1215 2588 in
1255 2531 1487 2595 mutuo
1536 2538 1873 2595 consensu
1911 2511 2232 2589 sensibus
2262 2511 2596 2602 subiecto,

378 2627 731 2728 solumque
769 2629 1191 2730 postulentur
1228 2629 1471 2729 reliqui
1513 2630 1680 2707 ritus
1721 2643 1840 2701 aut
1877 2627 1964 2705 ad
2008 2627 2330 2713 decorum,
2369 2645 2494 2719 aut
2514 2629 2608 2703 ad

369 2743 850 2839 probattoncm,
902 2744 989 2817 ab
1026 2771 1283 2823 eorum
1292 2745 1623 2883 vacuitate
1653 2744 1961 2840 coniugii
1999 2743 2139 2888 vim
2183 2744 2432 2821 auferri
2468 2770 2600 2818 non

376 2883 579 2956 posse
611 2862 792 2953 (11)
988 2873 992 2879 ·

519 2972 850 3049 Castanea
900 2975 1333 3051 rossanensis
1381 2973 1991 3073 archiepiscopus
1975 3001 2044 3045 m
2084 2964 2389 3061 eamdem
2439 2998 2612 3049 oon-

374 3090 583 3163 cessit
623 3091 1058 3177 sententiam,
1104 3117 1184 3164 eo
1226 3090 1406 3190 quod
1449 3089 1850 3167 adiiceretur
1867 3103 2161 3171 naturae
2209 3091 2614 3171 sacramenti;

376 3203 615 3278 modus
658 3206 937 3305 quidam
986 3206 1206 3307 ipsam
1257 3221 1454 3283 antea
1488 3228 1637 3277 non
1688 3204 2101 3285 constituens
2133 3203 2310 3297 (42).
2356 3201 2600 3285 Contra

374 3344 532 3393 vero
577 3320 908 3396 Antonius
962 3322 1319 3399 Cen-onius
1378 3322 1764 3421 episcopus·
1807 3316 2229 3401 almeriensis
2292 3316 2599 3415 probavit

372 3431 712 3508 decretum
763 3435 1030 3522 dicens,
1060 3461 1223 3537 non,
1255 3435 1445 3509 irrita
1494 3434 1650 3509 fieri,
1690 3432 1780 3511 ab
1826 3426 2111 3517 ecclesia
2157 3454 2279 3529 per
2327 3430 2457 3507 hoc
2488 3431 2604 3521 de·

373 3561 629 3621 cretum
660 3551 1085 3629 matrimonia
1121 3565 1476 3649 postquam
1517 3562 1932 3625 sacramenta
1967 3562 2157 3629 sunt,
2189 3545 2312 3619 sed
2334 3544 2602 3621 obicem

375 3660 650 3751 induci,
703 3692 782 3737 ne
828 3680 1001 3741 vera
1032 3665 1485 3748 nutrinwnia,
1522 3662 1804 3761 adeoque
1852 3665 2050 3735 etiam
2081 3688 2159 3733 ne
2190 3662 2325 3734 sint
2370 3686 2608 3753 sacrae

514 3897 621 4038 gg}
648 3899 796 4025 lbildu
805 3904 1060 4026 lationem
1092 3976 1240 4025 huius
1269 3964 1347 4024 sui
1378 3971 1606 4023 desiderii
1628 3974 1778 4023 talem
1800 3971 2050 4036 praebuit,
2066 3983 2193 4034 quae
2209 3971 2364 4034 magis
2383 3982 2485 4021 rem
2506 3982 2590 4020 no·

373 4058 522 4106 stram
556 4056 861 4107 confirmat·
875 4055 1108 4119 Quando,
1131 4056 1316 4120 inquit,
1343 4054 1574 4105 haeretici
1595 4053 1857 4116 volebant,
1882 4055 1938 4103 ut
1965 4052 2104 4116 impii
2130 4052 2349 4116 ipsorum
2383 4050 2595 4103 ministri

371 4137 552 4200 nuptiis
570 4136 692 4187 bene
712 4139 1054 4201 precarentur,
1077 4137 1234 4188 multo
1263 4137 1656 4187 convenientius
1680 4133 1731 4183 id
1761 4090 2038 4197 agebdum
2024 4146 2075 4185 ιιι
2097 4134 2301 4189 ecclesia
2323 4132 2591 4192 catholica,

375 4216 424 4267 in
459 4231 562 4282 qua
601 4218 707 4268 veri
739 4220 856 4268 mut
892 4217 982 4267 Dei
1020 4217 1264 4280 ministri,
1308 4216 1511 4280 verique
1544 4214 1870 4267 sacerdotes.-

516 4299 619 4360 (⁴1)
651 4301 797 4349 Num.
836 4306 881 4348 8.

512 4378 615 4440 (42)
647 4379 793 4428 Num.
834 4384 907 4428 lo.
