<?xml version="1.0" encoding="UTF-8"?>
<!DOCTYPE html PUBLIC "-//W3C//DTD XHTML 1.0 Transitional//EN"
    "http://www.w3.org/TR/xhtml1/DTD/xhtml1-transitional.dtd">
<html xmlns="http://www.w3.org/1999/xhtml" xml:lang="en" lang="en">
 <head>
  <title>
</title>
<meta http-equiv="Content-Type" content="text/html;charset=utf-8" />
  <meta name='ocr-system' content='tesseract 3.04.00' />
  <meta name='ocr-capabilities' content='ocr_page ocr_carea ocr_par ocr_line ocrx_word'/>
</head>
<body>
  <div class='ocr_page' id='page_1' title='image "./dematrimoniochr04perrgoog_0435.png"; bbox 0 0 3276 5083; ppageno 0'>
   <div class='ocr_carea' id='block_1_1' title="bbox 623 388 2642 465">
    <p class='ocr_par' dir='ltr' id='par_1_1' title="bbox 623 388 2642 465">
     <span class='ocr_line' id='line_1_1' title="bbox 623 388 2642 465; baseline -0.003 0"><span class='ocrx_word' id='word_1_1' title='bbox 623 414 762 465; x_wconf 59' lang='lat' dir='ltr'><strong>car.</strong></span> <span class='ocrx_word' id='word_1_2' title='bbox 785 414 874 463; x_wconf 73' lang='grc' dir='ltr'><strong>ιν.</strong></span> <span class='ocrx_word' id='word_1_3' title='bbox 904 413 984 462; x_wconf 73' lang='lat' dir='ltr'><strong>nn</strong></span> <span class='ocrx_word' id='word_1_4' title='bbox 1009 411 1246 462; x_wconf 68' lang='lat' dir='ltr'><strong>mauu.</strong></span> <span class='ocrx_word' id='word_1_5' title='bbox 1277 409 1392 459; x_wconf 72' lang='lat' dir='ltr'><strong>no</strong></span> <span class='ocrx_word' id='word_1_6' title='bbox 1420 409 1579 460; x_wconf 72' lang='lat' dir='ltr'><strong>mea</strong></span> <span class='ocrx_word' id='word_1_7' title='bbox 1608 410 1688 459; x_wconf 76' lang='lat' dir='ltr'><strong>nn</strong></span> <span class='ocrx_word' id='word_1_8' title='bbox 1716 407 1908 460; x_wconf 70' lang='lat' dir='ltr'><strong>ura.</strong></span> <span class='ocrx_word' id='word_1_9' title='bbox 1935 407 2062 459; x_wconf 79' lang='lat' dir='ltr'><strong>mv.</strong></span> <span class='ocrx_word' id='word_1_10' title='bbox 2095 409 2237 459; x_wconf 60' lang='lat' dir='ltr'><strong>aar.</strong></span> <span class='ocrx_word' id='word_1_11' title='bbox 2273 409 2368 459; x_wconf 85' lang='grc' dir='ltr'><strong>ιιι.</strong></span> <span class='ocrx_word' id='word_1_12' title='bbox 2513 388 2642 458; x_wconf 70' lang='lat'><strong>411</strong></span> 
     </span>
    </p>
   </div>
   <div class='ocr_carea' id='block_1_2' title="bbox 432 524 2658 1661">
    <p class='ocr_par' dir='ltr' id='par_1_2' title="bbox 432 524 2656 745">
     <span class='ocr_line' id='line_1_2' title="bbox 432 524 2656 631; baseline -0.001 -25"><span class='ocrx_word' id='word_1_13' title='bbox 432 533 636 606; x_wconf 82' lang='lat' dir='ltr'><strong>etiam</strong></span> <span class='ocrx_word' id='word_1_14' title='bbox 688 546 958 631; x_wconf 88' lang='lat' dir='ltr'><strong>propter</strong></span> <span class='ocrx_word' id='word_1_15' title='bbox 1002 528 1524 613; x_wconf 80' lang='lat' dir='ltr'><strong>conscientiam3</strong></span> <span class='ocrx_word' id='word_1_16' title='bbox 1566 527 1803 626; x_wconf 89' lang='lat' dir='ltr'><strong>sicque</strong></span> <span class='ocrx_word' id='word_1_17' title='bbox 1836 524 2240 599; x_wconf 79' lang='lat' dir='ltr'><strong>haberentur</strong></span> <span class='ocrx_word' id='word_1_18' title='bbox 2275 526 2434 601; x_wconf 88' lang='lat' dir='ltr'><strong>boni</strong></span> <span class='ocrx_word' id='word_1_19' title='bbox 2487 527 2656 603; x_wconf 88' lang='lat' dir='ltr'><strong>fide-</strong></span> 
     </span>
     <span class='ocr_line' id='line_1_3' title="bbox 438 643 1199 745; baseline -0.004 -28"><span class='ocrx_word' id='word_1_20' title='bbox 438 645 541 720; x_wconf 86' lang='lat' dir='ltr'><strong>les</strong></span> <span class='ocrx_word' id='word_1_21' title='bbox 594 661 661 718; x_wconf 91' lang='lat' dir='ltr'><strong>et</strong></span> <span class='ocrx_word' id='word_1_22' title='bbox 707 644 939 745; x_wconf 90' lang='lat' dir='ltr'><strong>optimi</strong></span> <span class='ocrx_word' id='word_1_23' title='bbox 992 643 1199 717; x_wconf 77' lang='lat' dir='ltr'><strong>cives.</strong></span> 
     </span>
    </p>

    <p class='ocr_par' dir='ltr' id='par_1_3' title="bbox 436 756 2658 1661">
     <span class='ocr_line' id='line_1_4' title="bbox 581 756 2656 856; baseline 0 -25"><span class='ocrx_word' id='word_1_24' title='bbox 581 759 798 831; x_wconf 89' lang='lat' dir='ltr'>Simili</span> <span class='ocrx_word' id='word_1_25' title='bbox 827 759 1080 832; x_wconf 86' lang='lat' dir='ltr'><strong>ratione</strong></span> <span class='ocrx_word' id='word_1_26' title='bbox 1108 757 1648 856; x_wconf 90' lang='lat' dir='ltr'><strong>respondendum</strong></span> <span class='ocrx_word' id='word_1_27' title='bbox 1675 756 1890 831; x_wconf 87' lang='lat' dir='ltr'><strong>estiis</strong></span> <span class='ocrx_word' id='word_1_28' title='bbox 1910 814 1926 844; x_wconf 92' lang='lat'>,</span> <span class='ocrx_word' id='word_1_29' title='bbox 1958 782 2134 856; x_wconf 83' lang='lat' dir='ltr'><strong>quae</strong></span> <span class='ocrx_word' id='word_1_30' title='bbox 2167 772 2389 831; x_wconf 82' lang='lat' dir='ltr'><strong>orator</strong></span> <span class='ocrx_word' id='word_1_31' title='bbox 2427 756 2656 832; x_wconf 84' lang='lat' dir='ltr'><strong>obiicit</strong></span> 
     </span>
     <span class='ocr_line' id='line_1_5' title="bbox 436 872 2645 973; baseline -0.001 -25"><span class='ocrx_word' id='word_1_32' title='bbox 436 877 524 948; x_wconf 90' lang='lat' dir='ltr'><strong>de</strong></span> <span class='ocrx_word' id='word_1_33' title='bbox 558 875 742 949; x_wconf 83' lang='lat' dir='ltr'><strong>civili</strong></span> <span class='ocrx_word' id='word_1_34' title='bbox 778 874 1276 949; x_wconf 85' lang='lat' dir='ltr'><strong>ecclesiasticae</strong></span> <span class='ocrx_word' id='word_1_35' title='bbox 1311 873 1480 971; x_wconf 83' lang='lat' dir='ltr'><strong>legis</strong></span> <span class='ocrx_word' id='word_1_36' title='bbox 1516 873 1906 973; x_wconf 79' lang='lat' dir='ltr'>acceptione</span> <span class='ocrx_word' id='word_1_37' title='bbox 1933 872 1999 944; x_wconf 93' lang='lat' dir='ltr'><strong>in</strong></span> <span class='ocrx_word' id='word_1_38' title='bbox 2031 898 2234 971; x_wconf 81' lang='lat' dir='ltr'><strong>regno</strong></span> <span class='ocrx_word' id='word_1_39' title='bbox 2261 873 2645 973; x_wconf 88' lang='lat' dir='ltr'><strong>subalpino.</strong></span> 
     </span>
     <span class='ocr_line' id='line_1_6' title="bbox 440 987 2656 1088; baseline -0.001 -26"><span class='ocrx_word' id='word_1_40' title='bbox 440 991 575 1062; x_wconf 88' lang='lat' dir='ltr'><strong>Nec</strong></span> <span class='ocrx_word' id='word_1_41' title='bbox 636 990 835 1063; x_wconf 79' lang='lat' dir='ltr'><strong>refert</strong></span> <span class='ocrx_word' id='word_1_42' title='bbox 884 989 1064 1088; x_wconf 89' lang='lat' dir='ltr'><strong>quod</strong></span> <span class='ocrx_word' id='word_1_43' title='bbox 1119 987 1407 1062; x_wconf 92' lang='lat' dir='ltr'><strong>Pineroli</strong></span> <span class='ocrx_word' id='word_1_44' title='bbox 1460 988 1804 1087; x_wconf 82' lang='lat' dir='ltr'><strong>provincia</strong></span> <span class='ocrx_word' id='word_1_45' title='bbox 1854 988 2071 1062; x_wconf 88' lang='lat' dir='ltr'><strong>serius</strong></span> <span class='ocrx_word' id='word_1_46' title='bbox 2120 989 2379 1061; x_wconf 81' lang='lat' dir='ltr'><strong>venerit</strong></span> <span class='ocrx_word' id='word_1_47' title='bbox 2428 988 2498 1060; x_wconf 91' lang='lat' dir='ltr'><strong>in</strong></span> <span class='ocrx_word' id='word_1_48' title='bbox 2548 988 2656 1060; x_wconf 86' lang='lat' dir='ltr'><strong>di-</strong></span> 
     </span>
     <span class='ocr_line' id='line_1_7' title="bbox 441 1104 2656 1204; baseline -0 -24"><span class='ocrx_word' id='word_1_49' title='bbox 441 1108 690 1180; x_wconf 79' lang='lat' dir='ltr'><strong>tionem</strong></span> <span class='ocrx_word' id='word_1_50' title='bbox 740 1107 986 1179; x_wconf 87' lang='lat' dir='ltr'><strong>dncum</strong></span> <span class='ocrx_word' id='word_1_51' title='bbox 1025 1105 1581 1191; x_wconf 79' lang='lat' dir='ltr'><strong>Sabaudicorum3</strong></span> <span class='ocrx_word' id='word_1_52' title='bbox 1623 1131 1779 1178; x_wconf 87' lang='lat' dir='ltr'><strong>nam</strong></span> <span class='ocrx_word' id='word_1_53' title='bbox 1830 1130 1984 1177; x_wconf 92' lang='lat' dir='ltr'><strong>cum</strong></span> <span class='ocrx_word' id='word_1_54' title='bbox 2034 1104 2260 1178; x_wconf 88' lang='lat' dir='ltr'><strong>adhuc</strong></span> <span class='ocrx_word' id='word_1_55' title='bbox 2312 1105 2656 1204; x_wconf 87' lang='lat' dir='ltr'><strong>provincia</strong></span> 
     </span>
     <span class='ocr_line' id='line_1_8' title="bbox 442 1219 2648 1320; baseline 0 -28"><span class='ocrx_word' id='word_1_56' title='bbox 442 1220 561 1294; x_wconf 88' lang='lat' dir='ltr'><strong>illa</strong></span> <span class='ocrx_word' id='word_1_57' title='bbox 608 1223 972 1320; x_wconf 79' lang='lat' dir='ltr'><strong>pertineret</strong></span> <span class='ocrx_word' id='word_1_58' title='bbox 1021 1222 1105 1294; x_wconf 87' lang='lat' dir='ltr'><strong>ad</strong></span> <span class='ocrx_word' id='word_1_59' title='bbox 1151 1219 1404 1309; x_wconf 84' lang='lat' dir='ltr'><strong>Galliae</strong></span> <span class='ocrx_word' id='word_1_60' title='bbox 1452 1245 1772 1318; x_wconf 79' lang='lat' dir='ltr'><strong>regnum,</strong></span> <span class='ocrx_word' id='word_1_61' title='bbox 1814 1220 1884 1291; x_wconf 88' lang='lat' dir='ltr'><strong>in</strong></span> <span class='ocrx_word' id='word_1_62' title='bbox 1918 1245 2000 1293; x_wconf 85' lang='lat' dir='ltr'><strong>ea</strong></span> <span class='ocrx_word' id='word_1_63' title='bbox 2033 1219 2169 1292; x_wconf 86' lang='lat' dir='ltr'><strong>iam</strong></span> <span class='ocrx_word' id='word_1_64' title='bbox 2205 1219 2648 1319; x_wconf 80' lang='lat' dir='ltr'><strong>promulgata,</strong></span> 
     </span>
     <span class='ocr_line' id='line_1_9' title="bbox 442 1332 2654 1432; baseline -0.001 -24"><span class='ocrx_word' id='word_1_65' title='bbox 442 1361 522 1408; x_wconf 75' lang='lat' dir='ltr'><strong>ac</strong></span> <span class='ocrx_word' id='word_1_66' title='bbox 572 1336 643 1407; x_wconf 93' lang='lat' dir='ltr'><strong>in</strong></span> <span class='ocrx_word' id='word_1_67' title='bbox 693 1337 920 1432; x_wconf 77' lang='lat' dir='ltr'><strong>vigore</strong></span> <span class='ocrx_word' id='word_1_68' title='bbox 966 1351 1109 1409; x_wconf 84' lang='lat' dir='ltr'><strong>erat</strong></span> <span class='ocrx_word' id='word_1_69' title='bbox 1173 1336 1428 1408; x_wconf 84' lang='lat' dir='ltr'><strong>sanctio</strong></span> <span class='ocrx_word' id='word_1_70' title='bbox 1480 1334 1842 1407; x_wconf 82' lang='lat' dir='ltr'><strong>tridentina</strong></span> <span class='ocrx_word' id='word_1_71' title='bbox 1902 1333 2079 1407; x_wconf 84' lang='lat' dir='ltr'><strong>circa</strong></span> <span class='ocrx_word' id='word_1_72' title='bbox 2146 1332 2654 1408; x_wconf 80' lang='lat' dir='ltr'><strong>celebrationem</strong></span> 
     </span>
     <span class='ocr_line' id='line_1_10' title="bbox 439 1446 2658 1548; baseline 0 -26"><span class='ocrx_word' id='word_1_73' title='bbox 439 1449 897 1548; x_wconf 79' lang='lat' dir='ltr'><strong>coniugiorum</strong></span> <span class='ocrx_word' id='word_1_74' title='bbox 935 1507 950 1536; x_wconf 88' lang='lat'><strong>,</strong></span> <span class='ocrx_word' id='word_1_75' title='bbox 1005 1451 1168 1548; x_wconf 83' lang='lat' dir='ltr'><strong>quia</strong></span> <span class='ocrx_word' id='word_1_76' title='bbox 1226 1448 1390 1522; x_wconf 92' lang='lat' dir='ltr'><strong>illud</strong></span> <span class='ocrx_word' id='word_1_77' title='bbox 1443 1449 1780 1522; x_wconf 88' lang='lat' dir='ltr'><strong>decretum</strong></span> <span class='ocrx_word' id='word_1_78' title='bbox 1833 1447 1925 1520; x_wconf 88' lang='lat' dir='ltr'><strong>ihi</strong></span> <span class='ocrx_word' id='word_1_79' title='bbox 1977 1448 2180 1521; x_wconf 85' lang='lat' dir='ltr'><strong>etiam</strong></span> <span class='ocrx_word' id='word_1_80' title='bbox 2240 1449 2453 1523; x_wconf 82' lang='lat' dir='ltr'><strong>fuerat</strong></span> <span class='ocrx_word' id='word_1_81' title='bbox 2501 1446 2658 1547; x_wconf 76' lang='lat' dir='ltr'><strong>pro‘-</strong></span> 
     </span>
     <span class='ocr_line' id='line_1_11' title="bbox 444 1564 2624 1661; baseline 0 -25"><span class='ocrx_word' id='word_1_82' title='bbox 444 1564 838 1661; x_wconf 75' lang='lat' dir='ltr'><strong>mulgetum.</strong></span> <span class='ocrx_word' id='word_1_83' title='bbox 2589 1572 2624 1597; x_wconf 67' lang='lat'><strong>⁴·</strong></span> 
     </span>
    </p>
   </div>
   <div class='ocr_carea' id='block_1_3' title="bbox 1411 1779 1663 1876">
    <p class='ocr_par' dir='ltr' id='par_1_4' title="bbox 1411 1779 1663 1876">
     <span class='ocr_line' id='line_1_12' title="bbox 1411 1779 1663 1876; baseline -0.004 -26"><span class='ocrx_word' id='word_1_84' title='bbox 1411 1780 1484 1876; x_wconf 61' lang='lat'><strong>5.</strong></span> <span class='ocrx_word' id='word_1_85' title='bbox 1546 1779 1663 1850; x_wconf 85' lang='lat'>111.</span> 
     </span>
    </p>
   </div>
   <div class='ocr_carea' id='block_1_4' title="bbox 1130 1958 1968 2038">
    <p class='ocr_par' dir='ltr' id='par_1_5' title="bbox 1130 1958 1968 2038">
     <span class='ocr_line' id='line_1_13' title="bbox 1130 1958 1968 2038; baseline -0.001 -14"><span class='ocrx_word' id='word_1_86' title='bbox 1130 1975 1405 2024; x_wconf 83' lang='lat' dir='ltr'><strong>Concilium</strong></span> <span class='ocrx_word' id='word_1_87' title='bbox 1440 1976 1600 2038; x_wconf 82' lang='lat' dir='ltr'><strong>ipsum</strong></span> <span class='ocrx_word' id='word_1_88' title='bbox 1632 1958 1968 2025; x_wconf 65' lang='lat' dir='ltr'><strong>tridentinum.</strong></span> 
     </span>
    </p>
   </div>
   <div class='ocr_carea' id='block_1_5' title="bbox 434 2124 2764 4419">
    <p class='ocr_par' dir='ltr' id='par_1_6' title="bbox 435 2124 2764 2904">
     <span class='ocr_line' id='line_1_14' title="bbox 591 2124 2654 2226; baseline 0.003 -31"><span class='ocrx_word' id='word_1_89' title='bbox 591 2126 730 2199; x_wconf 85' lang='lat' dir='ltr'><strong>lam</strong></span> <span class='ocrx_word' id='word_1_90' title='bbox 781 2124 1010 2224; x_wconf 82' lang='lat' dir='ltr'><strong>plures</strong></span> <span class='ocrx_word' id='word_1_91' title='bbox 1059 2125 1443 2201; x_wconf 82' lang='lat' dir='ltr'><strong>audivimus</strong></span> <span class='ocrx_word' id='word_1_92' title='bbox 1487 2142 1785 2200; x_wconf 86' lang='lat' dir='ltr'><strong>oratores</strong></span> <span class='ocrx_word' id='word_1_93' title='bbox 1830 2125 1917 2199; x_wconf 85' lang='lat' dir='ltr'><strong>ad</strong></span> <span class='ocrx_word' id='word_1_94' title='bbox 1961 2126 2396 2201; x_wconf 85' lang='lat' dir='ltr'><strong>tridentinum</strong></span> <span class='ocrx_word' id='word_1_95' title='bbox 2432 2128 2654 2226; x_wconf 90' lang='lat' dir='ltr'><strong>ipsum</strong></span> 
     </span>
     <span class='ocr_line' id='line_1_15' title="bbox 444 2241 2655 2341; baseline 0 -27"><span class='ocrx_word' id='word_1_96' title='bbox 444 2241 803 2314; x_wconf 89' lang='lat' dir='ltr'><strong>concilium</strong></span> <span class='ocrx_word' id='word_1_97' title='bbox 833 2241 1127 2341; x_wconf 83' lang='lat' dir='ltr'><strong>prolege</strong></span> <span class='ocrx_word' id='word_1_98' title='bbox 1152 2241 1557 2314; x_wconf 84' lang='lat' dir='ltr'><strong>matrimonii</strong></span> <span class='ocrx_word' id='word_1_99' title='bbox 1602 2241 1820 2314; x_wconf 88' lang='lat' dir='ltr'><strong>civilis</strong></span> <span class='ocrx_word' id='word_1_100' title='bbox 1864 2266 2248 2340; x_wconf 84' lang='lat' dir='ltr'><strong>provocare.</strong></span> <span class='ocrx_word' id='word_1_101' title='bbox 2283 2241 2655 2315; x_wconf 88' lang='lat' dir='ltr'><strong>Concilium</strong></span> 
     </span>
     <span class='ocr_line' id='line_1_16' title="bbox 446 2354 2659 2455; baseline 0.001 -28"><span class='ocrx_word' id='word_1_102' title='bbox 446 2355 879 2429; x_wconf 88' lang='lat' dir='ltr'><strong>tridentinum</strong></span> <span class='ocrx_word' id='word_1_103' title='bbox 913 2413 929 2441; x_wconf 87' lang='lat'>,</span> <span class='ocrx_word' id='word_1_104' title='bbox 989 2356 1191 2429; x_wconf 86' lang='lat' dir='ltr'><strong>instat</strong></span> <span class='ocrx_word' id='word_1_105' title='bbox 1246 2354 1421 2429; x_wconf 87' lang='lat' dir='ltr'><strong>alius</strong></span> <span class='ocrx_word' id='word_1_106' title='bbox 1474 2371 1781 2441; x_wconf 86' lang='lat' dir='ltr'><strong>senator,</strong></span> <span class='ocrx_word' id='word_1_107' title='bbox 1836 2373 2095 2455; x_wconf 82' lang='lat' dir='ltr'><strong>pugnat</strong></span> <span class='ocrx_word' id='word_1_108' title='bbox 2139 2371 2369 2430; x_wconf 84' lang='lat' dir='ltr'><strong>contra</strong></span> <span class='ocrx_word' id='word_1_109' title='bbox 2420 2356 2659 2430; x_wconf 81' lang='lat' dir='ltr'><strong>adver—</strong></span> 
     </span>
     <span class='ocr_line' id='line_1_17' title="bbox 444 2470 2764 2571; baseline 0.001 -28"><span class='ocrx_word' id='word_1_110' title='bbox 444 2470 684 2544; x_wconf 85' lang='lat' dir='ltr'><strong>sarios.</strong></span> <span class='ocrx_word' id='word_1_111' title='bbox 745 2470 966 2544; x_wconf 85' lang='lat' dir='ltr'><strong>Primo</strong></span> <span class='ocrx_word' id='word_1_112' title='bbox 1016 2470 1290 2571; x_wconf 89' lang='lat' dir='ltr'><strong>quidem</strong></span> <span class='ocrx_word' id='word_1_113' title='bbox 1342 2470 1698 2545; x_wconf 89' lang='lat' dir='ltr'><strong>concilium</strong></span> <span class='ocrx_word' id='word_1_114' title='bbox 1756 2470 2183 2545; x_wconf 79' lang='lat' dir='ltr'><strong>florentinum</strong></span> <span class='ocrx_word' id='word_1_115' title='bbox 2254 2472 2655 2571; x_wconf 88' lang='lat' dir='ltr'><strong>inspiratum</strong></span> <span class='ocrx_word' id='word_1_116' title='bbox 2752 2506 2764 2517; x_wconf 90' lang='lat'><strong>·</strong></span> 
     </span>
     <span class='ocr_line' id='line_1_18' title="bbox 435 2586 2659 2686; baseline 0.001 -27"><span class='ocrx_word' id='word_1_117' title='bbox 435 2612 483 2659; x_wconf 76' lang='lat' dir='ltr'><strong>a</strong></span> <span class='ocrx_word' id='word_1_118' title='bbox 522 2586 773 2686; x_wconf 87' lang='lat' dir='ltr'><strong>Spiritu</strong></span> <span class='ocrx_word' id='word_1_119' title='bbox 813 2588 1054 2660; x_wconf 83' lang='lat' dir='ltr'><strong>Sancto</strong></span> <span class='ocrx_word' id='word_1_120' title='bbox 1090 2613 1222 2661; x_wconf 92' lang='lat' dir='ltr'><strong>non</strong></span> <span class='ocrx_word' id='word_1_121' title='bbox 1260 2613 1463 2661; x_wconf 87' lang='lat' dir='ltr'><strong>secus</strong></span> <span class='ocrx_word' id='word_1_122' title='bbox 1495 2612 1575 2659; x_wconf 90' lang='lat' dir='ltr'><strong>ac</strong></span> <span class='ocrx_word' id='word_1_123' title='bbox 1607 2587 2041 2660; x_wconf 88' lang='lat' dir='ltr'><strong>tridentinum</strong></span> <span class='ocrx_word' id='word_1_124' title='bbox 2078 2645 2094 2673; x_wconf 89' lang='lat'>‚</span> <span class='ocrx_word' id='word_1_125' title='bbox 2151 2587 2493 2674; x_wconf 86' lang='lat' dir='ltr'><strong>definivit,</strong></span> <span class='ocrx_word' id='word_1_126' title='bbox 2550 2613 2659 2661; x_wconf 88' lang='lat' dir='ltr'><strong>es-</strong></span> 
     </span>
     <span class='ocr_line' id='line_1_19' title="bbox 444 2701 2655 2777; baseline 0.001 -3"><span class='ocrx_word' id='word_1_127' title='bbox 444 2701 728 2774; x_wconf 83' lang='lat' dir='ltr'><strong>sentiam</strong></span> <span class='ocrx_word' id='word_1_128' title='bbox 765 2703 1164 2776; x_wconf 84' lang='lat' dir='ltr'><strong>sacramenti</strong></span> <span class='ocrx_word' id='word_1_129' title='bbox 1203 2702 1606 2776; x_wconf 83' lang='lat' dir='ltr'><strong>matrimonii</strong></span> <span class='ocrx_word' id='word_1_130' title='bbox 1645 2702 2015 2776; x_wconf 83' lang='lat' dir='ltr'><strong>consistere</strong></span> <span class='ocrx_word' id='word_1_131' title='bbox 2041 2702 2112 2774; x_wconf 91' lang='lat' dir='ltr'><strong>in</strong></span> <span class='ocrx_word' id='word_1_132' title='bbox 2138 2727 2477 2777; x_wconf 84' lang='lat' dir='ltr'><strong>consensu</strong></span> <span class='ocrx_word' id='word_1_133' title='bbox 2501 2728 2655 2777; x_wconf 88' lang='lat' dir='ltr'><strong>con·</strong></span> 
     </span>
     <span class='ocr_line' id='line_1_20' title="bbox 442 2818 1906 2904; baseline -0.001 -14"><span class='ocrx_word' id='word_1_134' title='bbox 442 2818 889 2904; x_wconf 84' lang='lat' dir='ltr'><strong>trahentium,</strong></span> <span class='ocrx_word' id='word_1_135' title='bbox 947 2818 1131 2892; x_wconf 83' lang='lat' dir='ltr'><strong>adsit</strong></span> <span class='ocrx_word' id='word_1_136' title='bbox 1176 2818 1283 2891; x_wconf 84' lang='lat' dir='ltr'><strong>vel</strong></span> <span class='ocrx_word' id='word_1_137' title='bbox 1337 2818 1517 2891; x_wconf 89' lang='lat' dir='ltr'><strong>desit</strong></span> <span class='ocrx_word' id='word_1_138' title='bbox 1564 2819 1906 2892; x_wconf 86' lang='lat' dir='ltr'><strong>sacerdos.</strong></span> 
     </span>
    </p>

    <p class='ocr_par' dir='ltr' id='par_1_7' title="bbox 443 2932 2661 3378">
     <span class='ocr_line' id='line_1_21' title="bbox 590 2932 2660 3032; baseline 0.003 -31"><span class='ocrx_word' id='word_1_139' title='bbox 590 2933 667 3002; x_wconf 90' lang='lat' dir='ltr'><strong>ln</strong></span> <span class='ocrx_word' id='word_1_140' title='bbox 718 2933 1004 3006; x_wconf 90' lang='lat' dir='ltr'><strong>concilio</strong></span> <span class='ocrx_word' id='word_1_141' title='bbox 1063 2949 1286 3007; x_wconf 87' lang='lat' dir='ltr'><strong>autem</strong></span> <span class='ocrx_word' id='word_1_142' title='bbox 1338 2933 1699 3007; x_wconf 87' lang='lat' dir='ltr'><strong>tridentino</strong></span> <span class='ocrx_word' id='word_1_143' title='bbox 1751 2961 1960 3032; x_wconf 90' lang='lat' dir='ltr'><strong>quum</strong></span> <span class='ocrx_word' id='word_1_144' title='bbox 2011 2932 2375 3007; x_wconf 82' lang='lat' dir='ltr'><strong>cardinalis</strong></span> <span class='ocrx_word' id='word_1_145' title='bbox 2425 2933 2660 3008; x_wconf 87' lang='lat' dir='ltr'><strong>Lotha-</strong></span> 
     </span>
     <span class='ocr_line' id='line_1_22' title="bbox 446 3046 2659 3148; baseline 0.003 -33"><span class='ocrx_word' id='word_1_146' title='bbox 446 3046 709 3143; x_wconf 84' lang='lat' dir='ltr'><strong>ringius</strong></span> <span class='ocrx_word' id='word_1_147' title='bbox 758 3047 1072 3144; x_wconf 79' lang='lat' dir='ltr'><strong>coniugia</strong></span> <span class='ocrx_word' id='word_1_148' title='bbox 1120 3047 1537 3122; x_wconf 85' lang='lat' dir='ltr'><strong>clandestina</strong></span> <span class='ocrx_word' id='word_1_149' title='bbox 1586 3046 1916 3122; x_wconf 83' lang='lat' dir='ltr'><strong>abolenda</strong></span> <span class='ocrx_word' id='word_1_150' title='bbox 1954 3066 2394 3148; x_wconf 88' lang='lat' dir='ltr'><strong>proponeret,</strong></span> <span class='ocrx_word' id='word_1_151' title='bbox 2435 3064 2659 3148; x_wconf 85' lang='lat' dir='ltr'><strong>patres</strong></span> 
     </span>
     <span class='ocr_line' id='line_1_23' title="bbox 443 3160 2661 3263; baseline 0.001 -29"><span class='ocrx_word' id='word_1_152' title='bbox 443 3160 933 3260; x_wconf 90' lang='lat' dir='ltr'><strong>responderunt</strong></span> <span class='ocrx_word' id='word_1_153' title='bbox 970 3163 1328 3236; x_wconf 91' lang='lat' dir='ltr'><strong>concilium</strong></span> <span class='ocrx_word' id='word_1_154' title='bbox 1381 3164 1561 3237; x_wconf 85' lang='lat' dir='ltr'><strong>haud</strong></span> <span class='ocrx_word' id='word_1_155' title='bbox 1614 3189 1817 3263; x_wconf 88' lang='lat' dir='ltr'><strong>posse</strong></span> <span class='ocrx_word' id='word_1_156' title='bbox 1867 3164 2127 3237; x_wconf 82' lang='lat' dir='ltr'><strong>irritare</strong></span> <span class='ocrx_word' id='word_1_157' title='bbox 2149 3220 2166 3250; x_wconf 89' lang='lat'>‚</span> <span class='ocrx_word' id='word_1_158' title='bbox 2211 3163 2391 3263; x_wconf 90' lang='lat' dir='ltr'><strong>quod</strong></span> <span class='ocrx_word' id='word_1_159' title='bbox 2426 3188 2469 3237; x_wconf 90' lang='lat' dir='ltr'><strong>a</strong></span> <span class='ocrx_word' id='word_1_160' title='bbox 2501 3189 2661 3239; x_wconf 90' lang='lat' dir='ltr'><strong>con-</strong></span> 
     </span>
     <span class='ocr_line' id='line_1_24' title="bbox 443 3275 1783 3378; baseline 0.002 -29"><span class='ocrx_word' id='word_1_161' title='bbox 443 3275 600 3350; x_wconf 93' lang='lat' dir='ltr'><strong>cilio</strong></span> <span class='ocrx_word' id='word_1_162' title='bbox 651 3277 1004 3352; x_wconf 85' lang='lat' dir='ltr'><strong>florentino</strong></span> <span class='ocrx_word' id='word_1_163' title='bbox 1061 3277 1274 3352; x_wconf 85' lang='lat' dir='ltr'><strong>fuerat</strong></span> <span class='ocrx_word' id='word_1_164' title='bbox 1317 3279 1783 3378; x_wconf 84' lang='lat' dir='ltr'><strong>approbatum.</strong></span> 
     </span>
    </p>

    <p class='ocr_par' dir='ltr' id='par_1_8' title="bbox 434 3392 2663 4159">
     <span class='ocr_line' id='line_1_25' title="bbox 591 3392 2661 3492; baseline 0.002 -30"><span class='ocrx_word' id='word_1_165' title='bbox 591 3393 662 3463; x_wconf 81' lang='lat' dir='ltr'><strong>P.</strong></span> <span class='ocrx_word' id='word_1_166' title='bbox 690 3392 1120 3492; x_wconf 78' lang='lat' dir='ltr'><strong>Campegius‚</strong></span> <span class='ocrx_word' id='word_1_167' title='bbox 1154 3395 1325 3466; x_wconf 90' lang='lat' dir='ltr'><strong>inter</strong></span> <span class='ocrx_word' id='word_1_168' title='bbox 1359 3410 1772 3468; x_wconf 88' lang='lat' dir='ltr'><strong>contractum</strong></span> <span class='ocrx_word' id='word_1_169' title='bbox 1797 3420 1877 3468; x_wconf 86' lang='lat' dir='ltr'><strong>ac</strong></span> <span class='ocrx_word' id='word_1_170' title='bbox 1902 3407 2393 3469; x_wconf 81' lang='lat' dir='ltr'><strong>sacramentum</strong></span> <span class='ocrx_word' id='word_1_171' title='bbox 2418 3394 2661 3468; x_wconf 89' lang='lat' dir='ltr'><strong>distin-</strong></span> 
     </span>
     <span class='ocr_line' id='line_1_26' title="bbox 442 3508 2657 3609; baseline 0 -29"><span class='ocrx_word' id='word_1_172' title='bbox 442 3508 660 3582; x_wconf 89' lang='lat' dir='ltr'><strong>ctione</strong></span> <span class='ocrx_word' id='word_1_173' title='bbox 710 3510 1007 3597; x_wconf 82' lang='lat' dir='ltr'><strong>inducta,</strong></span> <span class='ocrx_word' id='word_1_174' title='bbox 1065 3510 1364 3598; x_wconf 86' lang='lat' dir='ltr'><strong>censuit,</strong></span> <span class='ocrx_word' id='word_1_175' title='bbox 1407 3511 1653 3585; x_wconf 84' lang='lat' dir='ltr'><strong>intacto</strong></span> <span class='ocrx_word' id='word_1_176' title='bbox 1689 3527 2131 3598; x_wconf 83' lang='lat' dir='ltr'><strong>sacramento,</strong></span> <span class='ocrx_word' id='word_1_177' title='bbox 2173 3537 2376 3609; x_wconf 89' lang='lat' dir='ltr'><strong>posse</strong></span> <span class='ocrx_word' id='word_1_178' title='bbox 2421 3510 2657 3607; x_wconf 83' lang='lat' dir='ltr'><strong>attingi</strong></span> 
     </span>
     <span class='ocr_line' id='line_1_27' title="bbox 439 3624 2659 3726; baseline 0.001 -31"><span class='ocrx_word' id='word_1_179' title='bbox 439 3638 873 3697; x_wconf 86' lang='lat' dir='ltr'><strong>contractum.</strong></span> <span class='ocrx_word' id='word_1_180' title='bbox 907 3625 1142 3699; x_wconf 80' lang='lat' dir='ltr'><strong>Maiori</strong></span> <span class='ocrx_word' id='word_1_181' title='bbox 1169 3641 1432 3726; x_wconf 88' lang='lat' dir='ltr'><strong>patrum</strong></span> <span class='ocrx_word' id='word_1_182' title='bbox 1459 3652 1738 3700; x_wconf 88' lang='lat' dir='ltr'><strong>numero</strong></span> <span class='ocrx_word' id='word_1_183' title='bbox 1778 3626 2137 3701; x_wconf 88' lang='lat' dir='ltr'><strong>concilium</strong></span> <span class='ocrx_word' id='word_1_184' title='bbox 2180 3624 2659 3724; x_wconf 84' lang='lat' dir='ltr'><strong>adstipulatum</strong></span> 
     </span>
     <span class='ocr_line' id='line_1_28' title="bbox 443 3740 2663 3838; baseline 0.001 -27"><span class='ocrx_word' id='word_1_185' title='bbox 443 3754 569 3812; x_wconf 87' lang='lat' dir='ltr'><strong>est.</strong></span> <span class='ocrx_word' id='word_1_186' title='bbox 605 3740 777 3813; x_wconf 84' lang='lat' dir='ltr'><strong>Hinc</strong></span> <span class='ocrx_word' id='word_1_187' title='bbox 803 3741 1159 3814; x_wconf 83' lang='lat' dir='ltr'><strong>concilium</strong></span> <span class='ocrx_word' id='word_1_188' title='bbox 1195 3741 1488 3815; x_wconf 85' lang='lat' dir='ltr'><strong>seiunxit</strong></span> <span class='ocrx_word' id='word_1_189' title='bbox 1511 3757 1924 3816; x_wconf 84' lang='lat' dir='ltr'><strong>contractum</strong></span> <span class='ocrx_word' id='word_1_190' title='bbox 1950 3768 1990 3814; x_wconf 88' lang='lat' dir='ltr'><strong>a</strong></span> <span class='ocrx_word' id='word_1_191' title='bbox 2016 3756 2431 3816; x_wconf 85' lang='lat' dir='ltr'><strong>sacramento</strong></span> <span class='ocrx_word' id='word_1_192' title='bbox 2453 3770 2468 3827; x_wconf 89' lang='lat'>;</span> <span class='ocrx_word' id='word_1_193' title='bbox 2500 3765 2663 3838; x_wconf 85' lang='lat' dir='ltr'><strong>qua-</strong></span> 
     </span>
     <span class='ocr_line' id='line_1_29' title="bbox 444 3853 2661 3953; baseline 0.001 -27"><span class='ocrx_word' id='word_1_194' title='bbox 444 3868 714 3953; x_wconf 86' lang='lat' dir='ltr'><strong>propter</strong></span> <span class='ocrx_word' id='word_1_195' title='bbox 753 3853 922 3952; x_wconf 79' lang='lat' dir='ltr'><strong>legis</strong></span> <span class='ocrx_word' id='word_1_196' title='bbox 979 3856 1198 3930; x_wconf 81' lang='lat' dir='ltr'><strong>civilis</strong></span> <span class='ocrx_word' id='word_1_197' title='bbox 1247 3856 1613 3930; x_wconf 83' lang='lat' dir='ltr'><strong>adversarii</strong></span> <span class='ocrx_word' id='word_1_198' title='bbox 1640 3858 1712 3929; x_wconf 94' lang='lat' dir='ltr'><strong>in</strong></span> <span class='ocrx_word' id='word_1_199' title='bbox 1740 3883 1994 3931; x_wconf 86' lang='lat' dir='ltr'><strong>canone</strong></span> <span class='ocrx_word' id='word_1_200' title='bbox 2041 3856 2384 3932; x_wconf 88' lang='lat' dir='ltr'><strong>tridentini</strong></span> <span class='ocrx_word' id='word_1_201' title='bbox 2436 3856 2661 3930; x_wconf 88' lang='lat' dir='ltr'><strong>conci-</strong></span> 
     </span>
     <span class='ocr_line' id='line_1_30' title="bbox 434 3967 2655 4073; baseline 0.001 -34"><span class='ocrx_word' id='word_1_202' title='bbox 434 3967 550 4055; x_wconf 85' lang='lat' dir='ltr'><strong>lii,</strong></span> <span class='ocrx_word' id='word_1_203' title='bbox 607 3970 771 4068; x_wconf 89' lang='lat' dir='ltr'><strong>quin</strong></span> <span class='ocrx_word' id='word_1_204' title='bbox 824 3971 1164 4045; x_wconf 83' lang='lat' dir='ltr'><strong>inveniant</strong></span> <span class='ocrx_word' id='word_1_205' title='bbox 1214 3972 1624 4073; x_wconf 84' lang='lat' dir='ltr'><strong>praesidium</strong></span> <span class='ocrx_word' id='word_1_206' title='bbox 1659 3999 1738 4046; x_wconf 90' lang='lat' dir='ltr'><strong>ac</strong></span> <span class='ocrx_word' id='word_1_207' title='bbox 1773 3973 2069 4062; x_wconf 83' lang='lat' dir='ltr'><strong>tutelam,</strong></span> <span class='ocrx_word' id='word_1_208' title='bbox 2127 3972 2475 4046; x_wconf 80' lang='lat' dir='ltr'><strong>inveniunt</strong></span> <span class='ocrx_word' id='word_1_209' title='bbox 2524 3970 2655 4046; x_wconf 91' lang='lat' dir='ltr'><strong>sibi</strong></span> 
     </span>
     <span class='ocr_line' id='line_1_31' title="bbox 442 4111 734 4159; baseline -0.003 -1"><span class='ocrx_word' id='word_1_210' title='bbox 442 4111 734 4159; x_wconf 82' lang='lat' dir='ltr'><strong>rumam.</strong></span> 
     </span>
    </p>

    <p class='ocr_par' dir='ltr' id='par_1_9' title="bbox 442 4201 2660 4419">
     <span class='ocr_line' id='line_1_32' title="bbox 582 4201 2660 4303; baseline 0 -30"><span class='ocrx_word' id='word_1_211' title='bbox 582 4201 795 4276; x_wconf 85' lang='lat' dir='ltr'><strong>Unica</strong></span> <span class='ocrx_word' id='word_1_212' title='bbox 844 4202 1015 4277; x_wconf 79' lang='lat' dir='ltr'><strong>facta</strong></span> <span class='ocrx_word' id='word_1_213' title='bbox 1065 4219 1170 4276; x_wconf 88' lang='lat' dir='ltr'><strong>est</strong></span> <span class='ocrx_word' id='word_1_214' title='bbox 1215 4204 1285 4275; x_wconf 91' lang='lat' dir='ltr'><strong>in</strong></span> <span class='ocrx_word' id='word_1_215' title='bbox 1320 4203 1605 4279; x_wconf 89' lang='lat' dir='ltr'><strong>concilio</strong></span> <span class='ocrx_word' id='word_1_216' title='bbox 1662 4203 2022 4279; x_wconf 81' lang='lat' dir='ltr'><strong>tridentino</strong></span> <span class='ocrx_word' id='word_1_217' title='bbox 2071 4205 2450 4303; x_wconf 84' lang='lat' dir='ltr'><strong>dogmatica</strong></span> <span class='ocrx_word' id='word_1_218' title='bbox 2496 4202 2660 4276; x_wconf 87' lang='lat' dir='ltr'><strong>defi-</strong></span> 
     </span>
     <span class='ocr_line' id='line_1_33' title="bbox 442 4313 2659 4419; baseline 0.003 -34"><span class='ocrx_word' id='word_1_219' title='bbox 442 4313 605 4389; x_wconf 89' lang='lat' dir='ltr'><strong>nitio</strong></span> <span class='ocrx_word' id='word_1_220' title='bbox 639 4374 655 4402; x_wconf 92' lang='lat'>,</span> <span class='ocrx_word' id='word_1_221' title='bbox 715 4343 958 4418; x_wconf 87' lang='lat' dir='ltr'><strong>nempe</strong></span> <span class='ocrx_word' id='word_1_222' title='bbox 1007 4318 1504 4393; x_wconf 86' lang='lat' dir='ltr'><strong>matrimonium</strong></span> <span class='ocrx_word' id='word_1_223' title='bbox 1564 4347 1717 4395; x_wconf 86' lang='lat' dir='ltr'><strong>esse</strong></span> <span class='ocrx_word' id='word_1_224' title='bbox 1783 4337 2269 4396; x_wconf 84' lang='lat' dir='ltr'><strong>sacramentum</strong></span> <span class='ocrx_word' id='word_1_225' title='bbox 2302 4379 2319 4410; x_wconf 86' lang='lat'>‚</span> <span class='ocrx_word' id='word_1_226' title='bbox 2404 4318 2659 4419; x_wconf 86' lang='lat' dir='ltr'><strong>reliqua</strong></span> 
     </span>
    </p>
   </div>
  </div>
 </body>
</html>
