3276 5083
810 427 949 474 mr.
983 426 1030 474 ι.
1065 426 1145 473 nt
1182 426 1443 475 aarum.
1493 426 1717 475 clvms
1766 426 2036 476 mrum.
2081 428 2220 477 Αιιτ.
2267 427 2310 476 1.
2530 406 2665 477 213

436 544 896 619 ecclesiastico
947 557 1336 629 arceantur,
1386 568 1506 614 seu
1559 568 1882 616 accusare
1931 558 1997 614 et
2046 544 2384 616 testificari
2438 545 2671 643 prohi-

438 661 726 733 beantur
789 659 968 752 (13).
1027 655 1250 729 Altera
1297 682 1512 755 poena
1540 715 1555 744 ,
1634 656 1702 727 in
1772 682 1975 755 quam
2028 658 2306 757 insuper
2354 660 2669 737 concubi-

443 774 616 846 narii
666 771 917 872 publici
984 770 1299 843 labuntur
1355 797 1435 844 ea
1495 787 1646 857 est,
1703 771 1882 869 quod
1935 772 1992 844 si
2057 798 2136 844 ex
2190 772 2319 845 hac
2365 774 2504 846 vita
2552 776 2667 848 de-

439 888 680 961 cedant
741 887 810 958 in
876 885 1357 972 concubinatu,
1419 884 1602 959 nullo
1677 885 1836 959 dato
1912 887 2361 986 poenitentiae
2424 889 2657 995 signo,

436 1027 663 1075 carere
713 999 1002 1073 debeant
1031 999 1487 1073 ecclesiastica
1523 998 1900 1097 sepultura,
1940 1026 2047 1086 ac,
2090 1000 2148 1073 si
2191 1000 2258 1071 in
2294 1000 2439 1074 loco
2474 1004 2666 1076 sacro

437 1116 684 1189 suerint
731 1115 1000 1214 sepulti,
1060 1113 1407 1187 exhumari
1460 1113 1782 1198 debeant,
1832 1130 1897 1188 et
1931 1116 2000 1186 in
2039 1114 2258 1188 locum
2311 1116 2664 1215 profanum

437 1230 637 1343 abiiyi
700 1231 877 1325 (14).
925 1230 1303 1327 Numquam
1356 1228 1559 1325 igitur
1608 1255 1650 1300 a
1701 1228 2145 1302 concubinatu
2197 1229 2482 1303 ecclesia
2533 1257 2662 1304 non

435 1328 832 1419 abhorruit!

581 1460 855 1534 Accedit
903 1459 1085 1559 quod
1136 1461 1468 1535 eiusmodi
1520 1462 1979 1536 concubinarii
2034 1478 2373 1561 tamquam
2407 1462 2663 1561 publici

440 1592 817 1672 peccatores
873 1575 1138 1674 publice
1191 1576 1327 1648 sint
1361 1604 1402 1649 a
1437 1576 1898 1675 superioribus
1951 1576 2429 1649 ecclesiasticis
2465 1602 2665 1673 argu-

432 1689 589 1760 endi
640 1715 720 1762 ac
772 1690 1008 1788 poenis
1062 1690 1432 1788 plectendi,
1473 1707 1673 1788 prout
1725 1717 1989 1763 rursum
2026 1718 2067 1763 a
2103 1689 2469 1764 tridentino
2510 1717 2662 1764 con-

433 1804 740 1877 stitutum
792 1819 896 1876 est
937 1804 1447 1901 insequentibus
1481 1804 1745 1877 verbis:
1786 1804 2203 1903 «Apostolus
2240 1822 2501 1891 monet,
2538 1832 2664 1905 pu-

432 1917 606 1991 blice
653 1934 1008 2017 peccantes
1046 1918 1266 2016 palam
1303 1944 1457 1992 esse
1488 1918 1973 2017 corripiendos.
2012 1919 2299 2006 Quando
2337 1920 2539 2016 igitur
2575 1919 2660 1993 ab

434 2031 663 2130 aliquo
712 2030 981 2131 publice
1013 2048 1079 2103 et
1112 2032 1183 2103 in
1218 2030 1576 2105 multorum
1627 2048 1996 2130 conspectu
2045 2032 2296 2104 crimen
2346 2033 2662 2106 commis-

439 2171 588 2216 sum
639 2144 836 2217 fuerit
867 2203 882 2232 ,
952 2145 1132 2217 unde
1189 2142 1359 2217 alios
1410 2143 1733 2218 scandalo
1799 2144 2095 2218 offensos
2162 2160 2662 2243 commotosque

439 2258 652 2330 fuisse
701 2284 829 2331 non
881 2258 973 2331 sit
1020 2257 1464 2331 dubitandum
1499 2316 1515 2344 ,
1587 2257 1749 2329 huic
1811 2257 2215 2353 condignam
2276 2284 2400 2356 pro
2460 2259 2660 2332 modo

436 2372 676 2472 culpae
708 2374 1183 2472 poenitentiam
1221 2369 1486 2472 publice
1521 2372 1782 2469 iniungi
1818 2385 2075 2473 oportet
2095 2428 2110 2458 ,
2142 2388 2219 2445 ut
2241 2397 2414 2470 quos
2448 2397 2661 2446 exem·

435 2487 550 2587 plo
597 2514 721 2562 suo
770 2487 857 2562 ad
910 2486 1122 2562 malos
1187 2513 1406 2561 mores
1471 2488 1893 2587 provocavit,
1953 2510 2120 2560 suae
2168 2485 2657 2562 emendationis

435 2604 811 2678 testimonio
861 2604 947 2676 ad
999 2619 1245 2676 rectam
1299 2619 1562 2677 revocet
1607 2603 1813 2676 vitam
1864 2603 2092 2697 (15).»
2126 2601 2323 2673 Haud
2360 2628 2468 2674 me
2502 2601 2662 2676 latet

434 2717 582 2791 heic
627 2718 714 2790 de
764 2717 851 2790 iis
901 2718 1009 2815 agi
1034 2775 1050 2804 ,
1108 2718 1225 2817 qui
1274 2717 1519 2793 delicto
1569 2717 1799 2817 aliq'uo
1849 2716 2121 2816 publice
2154 2743 2230 2790 se
2276 2743 2655 2791 commacu-

435 2832 610 2918 lant,
671 2858 956 2930 reosque
1005 2831 1074 2903 in
1124 2848 1486 2931 conspectu
1535 2832 1985 2907 multitudinis
2047 2858 2123 2905 se
2180 2833 2649 2919 constituunt,

435 2946 684 3045 quibus
735 2945 1008 3044 publica
1060 2944 1242 3019 iuxta
1291 2972 1582 3021 canones
1633 2946 2045 3046 poenitentia
2096 2960 2199 3018 est
2249 2944 2650 3042 infligenda3

435 3076 724 3133 attamen
774 3085 969 3132 nemo
1020 3059 1360 3156 negaverit
1408 3059 1716 3157 publicos
1767 3058 2280 3133 concubinarios
2319 3057 2389 3128 in
2424 3084 2654 3132 eorum
2768 3056 2772 3060 ’

434 3175 662 3248 venire
710 3200 1019 3260 censum,
1078 3173 1195 3273 qui
1247 3171 1565 3246 scandalo
1616 3172 1938 3272 populum
1990 3171 2295 3247 afficiunt
2320 3227 2335 3257 ‚
2377 3171 2492 3270 qui
2536 3196 2654 3257 eos

438 3306 664 3376 notat,
730 3288 950 3400 deque
996 3314 1227 3363 eorum
1275 3288 1541 3362 vivendi
1603 3288 1857 3361 ratione
1908 3286 2294 3387 obloquitur
2326 3344 2342 3374 ,
2400 3286 2656 3385 quique

438 3403 685 3477 idcirco
734 3403 819 3476 ad
871 3401 1262 3476 scandalum
1325 3399 1774 3499 reparandum
1826 3415 2136 3486 tenentur
2199 3398 2469 3498 publica
2518 3396 2658 3472 sal-

441 3534 569 3589 tem
620 3517 1084 3616 resipiscentia
1107 3573 1123 3604 ,
1181 3515 1291 3589 sin
1343 3515 1566 3598 minus
1615 3515 2056 3597 determinata
2117 3513 2390 3615 publica
2439 3538 2656 3616 poena

439 3632 577 3705 sint
624 3632 977 3731 plectendi.

582 3747 767 3833 Quae
815 3774 967 3821 cum
1031 3748 1125 3821 ita
1174 3773 1250 3820 se
1301 3746 1630 3832 habeant,
1690 3748 1813 3821 rite
1864 3773 1946 3820 ex
1995 3744 2388 3845 praemissis
2440 3743 2655 3816 dedu·-

435 3860 651 3933 cimus
718 3888 876 3949 eos,
933 3861 1052 3960 qui
1102 3860 1415 3936 civilibus
1474 3876 1728 3936 tantum
1763 3919 1781 3948 ,
1837 3879 2008 3959 quas
2056 3874 2346 3947 vocant,
2404 3859 2656 3958 nuptiis

581 4117 679 4180 (ιι)
711 4120 832 4182 cap.
855 4120 989 4169 Cum
1009 4117 1231 4170 dilectus
1250 4125 1330 4170 20.
1352 4116 1865 4178 »succuram-thus,
1899 4115 2070 4167 addita
2105 4115 2278 4166 Glossa
2314 4113 2433 4168 ibid.
2458 4114 2656 4163 concu-

435 4195 682 4338 bium-(1:³25
714 4279 835 4340 cap.
871 4274 1045 4326 sacris
1084 4282 1155 4326 10.
1193 4279 1266 4326 De
1289 4276 1480 4341 sepult.
1504 4276 1743 4326 clement.

577 4357 679 4417 (15)
710 4359 836 4407 sm.
863 4358 1034 4406 xxlv.
1061 4356 1111 4406 in
1136 4358 1334 4407 Decree.
1359 4356 1424 4408 de
1457 4355 1671 4416 reform.
1694 4367 1800 4418 cap.
1825 4363 1869 4408 ⁸.
