3276 5083
714 490 852 540 cu».
885 491 930 538 1.
964 490 1041 538 nn
1070 490 1333 541 numu.
1376 487 1600 539 civius
1634 487 1903 537 mrum.
1938 488 2079 536 aar.
2126 488 2212 538 iv.
2442 464 2578 534 235

377 607 462 679 ad
515 606 687 677 idem
742 604 1244 704 praestandum.
1279 604 1377 676 Eo
1429 602 1530 677 vel
1582 603 1837 699 magis,
1892 601 2075 701 quod
2125 600 2318 674 civils
2354 616 2581 675 aucto-

384 723 545 794 ritas
594 717 920 793 eiusmodi
971 719 1470 792 coniunctiones
1522 720 1717 792 tacite
1769 717 2004 791 saltem
2058 732 2443 815 promoveat
2498 717 2583 789 ad

381 834 778 933 abigendam
806 861 846 906 a
875 834 1142 933 politico
1172 835 1491 931 regimine
1514 892 1528 921 ,
1554 834 1732 934 quod
1760 833 1970 930 legem
1999 832 2338 906 constituit
2356 890 2370 917 ,
2403 832 2586 928 igno-

265 1018 268 1021 .
384 950 697 1034 miniam,
753 973 925 1047 quae
975 947 1037 1020 ei
1087 948 1459 1033 obveniret,
1516 947 1573 1021 si
1627 946 1792 1019 nulli
1844 963 1958 1019 aut
2006 946 2137 1019 rari
2187 946 2458 1019 omnino
2508 970 2587 1019 eo

382 1080 724 1136 uterentur
783 1060 1157 1160 privilegio.
1214 1062 1521 1161 Inspecta
1579 1076 1799 1133 autem
1860 1060 2173 1133 universa
2237 1058 2586 1133 bominum

386 1180 454 1250 in
487 1179 651 1251 vitia
684 1177 1133 1276 propensione
1154 1232 1170 1263 ‚
1212 1175 1502 1275 quisque
1535 1175 1720 1248 nullo
1756 1175 2019 1271 negotio
2056 1174 2378 1271 intelliget
2409 1174 2588 1248 eius-

386 1292 566 1364 modi
616 1291 934 1365 scandala
983 1292 1223 1363 mirum
1276 1291 1347 1363 in
1380 1290 1653 1364 modum
1690 1290 2067 1389 propagari.
2104 1289 2295 1375 Quod
2333 1289 2392 1363 si
2429 1290 2581 1375 fiat,

389 1404 681 1503 profecto
714 1429 913 1500 grave
944 1402 1186 1477 vulnus
1223 1403 1529 1503 publicae
1563 1403 1895 1478 honestati
1924 1403 2280 1500 infligitur,
2312 1430 2445 1504 quo
2476 1403 2588 1476 vix

387 1519 571 1592 aliud
620 1518 892 1617 gravius
942 1519 1296 1614 excogitari
1350 1534 1591 1618 potest.

529 1633 660 1706 Sed
709 1650 774 1706 et
823 1632 987 1706 illud
1025 1659 1157 1707 non
1194 1634 1418 1707 minus
1453 1633 1718 1707 exitiale
1754 1633 2000 1706 malum
2037 1648 2152 1705 aut
2197 1634 2583 1719 comitatur,

383 1765 502 1821 aut
547 1749 974 1847 consequitur
1023 1748 1352 1822 eiusmodi
1390 1748 1726 1822 connubia
1762 1747 1984 1821 civilia
2020 1748 2089 1819 in
2124 1747 2589 1821 detrimentum

388 1861 693 1961 publicae
741 1862 1142 1947 honestam,
1200 1862 1378 1962 quod
1431 1863 1737 1961 provenit
1785 1887 1865 1933 ex
1914 1861 2356 1933 inconstantia
2392 1860 2594 1934 insita

389 1975 577 2050 hisce
608 1977 959 2073 coniugiis.
994 1976 1290 2062 Scilicet,
1333 1977 1429 2049 uti
1468 1976 1879 2077 experientia
1912 1975 2304 2074 quotidiana
2340 1976 2593 2074 patefa-

391 2090 518 2175 cit,
560 2090 947 2189 plerumque
982 2089 1094 2176 fit,
1135 2106 1208 2163 ut
1240 2091 1309 2161 in
1347 2091 1482 2163 illis
1512 2147 1527 2174 ,
1568 2091 1685 2190 qui
1724 2106 1882 2163 sunt
1907 2091 1999 2162 ita
2023 2091 2399 2175 coniuncti,
2439 2106 2594 2188 post

389 2199 681 2299 aliquem
719 2202 1032 2301 temporis
1081 2219 1359 2276 tractum
1409 2205 1566 2301 plus
1616 2205 1924 2277 minusve
1957 2204 2339 2276 diuturnum
2385 2203 2597 2276 defer·

393 2332 619 2389 vescat
668 2316 942 2390 insanus
991 2316 1268 2391 effectus
1303 2317 1417 2391 ille
1442 2377 1458 2403 ‚
1498 2345 1633 2419 quo
1669 2320 1854 2419 prius
1892 2344 1967 2392 se
1998 2320 2280 2392 invicem
2323 2319 2594 2392 deama-

392 2430 586 2517 bant,
644 2431 897 2531 quique
930 2457 1045 2504 eos
1077 2431 1396 2530 compulit
1428 2433 1498 2504 in
1533 2433 1878 2530 religionis
1914 2449 2361 2532 contemptum
2385 2490 2400 2519 ‚
2444 2458 2594 2505 con·

391 2548 671 2620 scientia
723 2548 1155 2635 reclamante,
1212 2549 1297 2621 ad
1349 2549 1513 2624 tales
1552 2551 1878 2623 ineundas
1914 2551 2209 2649 nuptias.
2243 2551 2407 2622 Nam
2442 2575 2593 2622 cum

387 2663 774 2762 cupiditatis
823 2663 1189 2761 explendae
1238 2689 1443 2737 causa
1493 2666 1786 2764 quodam
1834 2666 2038 2738 veluti
2075 2666 2296 2737 surore
2337 2664 2592 2764 abrepti

389 2776 632 2849 fuerint
665 2777 751 2849 ad
787 2777 914 2850 hoc
947 2778 1208 2851 facinus
1242 2780 1759 2878 perpetrandum
1789 2838 1803 2868 ,
1846 2806 2050 2880 quum
2086 2780 2270 2852 illam
2308 2779 2594 2879 primum

387 2890 830 2989 expleverint,
887 2893 1068 2966 furor
1116 2893 1230 2967 ille
1278 2920 1356 2967 ac
1390 2911 1616 2968 aestus
1656 2922 1788 2967 non
1826 2895 2022 2967 modo
2059 2895 2461 2994 pedetentim
2500 2911 2595 2968 te-

392 3006 606 3100 pescit
651 3031 731 3078 ac
779 3008 1149 3094 evanescit,
1207 3009 1324 3081 sed
1376 3025 1717 3107 praeterea
1779 3037 1908 3082 non
1978 3036 2127 3101 raro
2176 3010 2236 3082 ei
2298 3010 2596 3083 succedit

390 3116 595 3188 animi
645 3133 1100 3220 contemptuS,
1165 3122 1342 3194 mala
1405 3124 1812 3222 poenitentia
1860 3148 1938 3196 ac
2003 3125 2274 3196 tacitum
2327 3123 2594 3195 deside-

396 3231 565 3302 rium
617 3257 656 3303 a
706 3259 878 3307 nexu
927 3235 1039 3308 illo
1090 3261 1165 3307 se
1214 3235 1566 3309 liberandi.
1603 3238 1794 3323 Quod
1847 3238 2115 3337 quidem
2167 3238 2371 3310 multo
2432 3238 2596 3310 saci-

395 3344 526 3418 lius
573 3347 942 3443 continget,
983 3351 1042 3422 si
1078 3351 1269 3423 novis
1305 3352 1652 3451 capiantur
1701 3353 2069 3439 illecebris;
2128 3353 2184 3425 si
2236 3353 2594 3424 criminosa

391 3458 683 3531 amicitia
720 3462 1133 3551 irretiantur3
1176 3465 1234 3536 si
1271 3466 1655 3564 temporalis
1692 3465 1858 3539 lucri
1898 3469 2159 3565 negotio
2194 3468 2586 3542 invitentur:

394 3571 455 3643 si
506 3570 792 3647 dissidia
839 3603 915 3649 ac
964 3576 1332 3652 simultates
1387 3579 1555 3652 inter
1588 3606 1705 3654 eos
1741 3581 2067 3669 oriantur,
2111 3599 2377 3682 propter
2421 3607 2593 3680 quas

397 3686 671 3784 pacifice
720 3689 1005 3787 amplius
1057 3693 1339 3765 invicem
1389 3719 1825 3768 consuescere
1858 3713 2228 3796 nequeant3
2271 3699 2327 3769 si
2365 3696 2594 3770 morbo

393 3799 708 3874 diuturno
757 3817 956 3902 atque
1003 3805 1330 3881 habituali
1369 3808 1680 3882 alteruter
1715 3810 2005 3897 laboret;
2051 3839 2226 3912 quae
2260 3812 2432 3885 duae
2478 3838 2595 3912 po-

394 3923 704 3996 steriores
753 3950 1034 4013 causae,
1088 3930 1184 4001 uti
1237 3931 1437 4029 paulo
1489 3949 1644 4006 ante
1691 3934 2021 4022 vidimuS,
2064 3934 2319 4034 passim
2354 3961 2396 4006 a
2440 3960 2595 4033 pro-

393 4038 788 4112 testantibus
838 4040 1040 4114 veluti
1091 4070 1293 4119 causa
1343 4045 1688 4120 sufficiens
1740 4064 2168 4123 recensentur
2202 4050 2466 4124 divortii
2505 4050 2595 4124 sa·

391 4150 637 4224 ciendi.
1209 4249 1212 4254 .

535 4266 730 4356 Sane,
755 4267 1061 4343 videmus
1079 4269 1185 4343 vel
1203 4270 1371 4348 inter
1388 4273 1565 4360 illos,
1590 4274 1707 4375 qui
1736 4274 2027 4373 legitime
2043 4278 2376 4353 coniuncti
2399 4293 2555 4354 sunt
2571 4335 2586 4364 ‚

392 4402 593 4476 saepe
639 4383 1020 4481 contingere
1053 4402 1127 4459 ut
1160 4388 1524 4485 pessimum
1558 4389 1925 4467 sortiantur
1964 4393 2209 4467 exitum
2264 4393 2594 4467 connubia
