3276 5083
700 424 834 494 170
1092 444 1213 496 m.
1258 445 1303 494 1.
1347 443 1518 494 sacr.
1563 444 1608 493 1.
1655 444 1734 493 ns
1769 443 2031 496 uranu.
2076 442 2505 495 sAcmusnro.

691 564 792 637 De
841 563 969 636 hoc
1018 562 1203 635 nulla
1248 561 1553 661 quaestio
1602 576 1746 635 est:
1803 575 1872 633 at
1918 560 2322 661 disceptatio
2374 574 2602 636 nostra
2662 577 2794 635 tota
2842 564 2920 636 in

695 693 1002 751 concreto
1048 691 1374 751 versatur.
1435 676 1576 749 Hoc
1627 700 1835 749 sensu
1892 673 2361 752 contendimus
2417 690 2774 774 utramque
2823 702 2928 751 ra-

696 794 943 867 tionem
993 819 1148 867 esse
1197 817 1473 892 prorsus
1525 789 2041 890 inseparabilem
2085 790 2157 862 in
2194 790 2529 887 coniugiis
2576 789 2922 878 fidelium,

698 908 788 981 ita
837 923 913 980 ut
959 907 1169 980 altera
1217 905 1304 979 ab
1353 906 1563 978 altera
1612 921 1955 1004 tamquam
1987 931 2091 977 res
2124 931 2165 977 a
2197 931 2266 977 re
2302 920 2593 1004 nequeat
2621 904 2921 1001 seiungi.

838 1022 1266 1097 Adstruimus
1317 1046 1514 1120 porro
1549 1020 1727 1093 hanc
1760 1019 2128 1094 doctrinam
2179 1020 2322 1093 sive
2368 1018 2695 1093 adversus
2744 1036 2933 1094 vete-

698 1165 806 1211 res
827 1197 843 1225 ,
898 1140 1043 1211 sive
1092 1137 1415 1210 adversus
1467 1136 1865 1209 recentiores
1914 1136 2274 1234 scriptores
2308 1192 2324 1221 ,
2380 1134 2500 1233 qui
2549 1160 2789 1208 sanam
2839 1134 2932 1208 de

694 1254 1116 1327 matrimonio
1183 1251 1553 1324 christiano
1604 1249 1827 1322 ideam
1880 1249 2116 1349 iniquo
2164 1265 2230 1322 et
2278 1250 2467 1322 irrito
2515 1275 2688 1324 ausu
2737 1248 2929 1324 labe-

695 1369 942 1442 factare
991 1393 1073 1441 ac
1120 1363 1558 1467 pessumdare
1607 1364 1908 1461 aggressi
1953 1379 2135 1437 sunt.

719 1524 722 1527 -
840 1482 938 1552 Ex
987 1479 1465 1574 vetustioribus
1515 1493 1777 1579 praeter
1825 1479 2197 1553 haereticos
2233 1504 2369 1553 sec.
2410 1478 2609 1565 XVI„
2653 1478 2742 1550 de
2773 1481 2928 1579 qui-

694 1596 821 1667 bus
870 1621 951 1667 ex
1004 1595 1308 1694 professo
1343 1594 1413 1665 in
1448 1592 1655 1666 altero
1705 1591 1878 1665 libro
1928 1592 2381 1681 disseremus,
2432 1593 2764 1667 recenseri
2813 1594 2928 1666 hic

694 1710 985 1807 primum
1019 1708 1217 1782 debet
1248 1709 1508 1781 Marcus
1532 1708 1860 1782 Antonius
1886 1709 1985 1781 De
2017 1709 2323 1784 Dominis
2358 1708 2725 1808 episcopus
2764 1734 2927 1809 spa-

696 1822 973 1898 latensis
996 1883 1011 1913 ‚
1068 1839 1303 1924 postea
1354 1823 1731 1897 haereticus
1783 1839 2088 1923 apostata
2111 1882 2127 1911 ,
2183 1825 2303 1923 qui
2339 1824 2410 1895 in
2445 1849 2650 1924 opere
2681 1825 2780 1896 Dc
2822 1850 2928 1895 re-

688 1939 960 2035 publica
1008 1939 1464 2022 ecclesiastica,
1506 1954 1580 2011 ut
1613 1936 1745 2011 sibi
1784 1938 1960 2011 viam
2006 1953 2331 2011 sterneret
2368 1936 2454 2015 ad
2489 1936 2923 2012 asserendam

697 2054 1308 2153 vindicandamque
1372 2053 1582 2128 seculi
1645 2053 2061 2154 principibus
2130 2068 2522 2153 potestatem
2571 2053 2640 2124 in
2688 2053 2925 2125 matri-

700 2170 960 2257 monia,
1018 2169 1410 2269 praesertim
1465 2170 1645 2243 circa
1703 2169 1810 2242 ius
1860 2168 2362 2243 statuendorum
2413 2168 2925 2268 impedimento-

697 2311 843 2357 rum
894 2284 1349 2360 dirimentium
1376 2342 1391 2373 ‚
1466 2284 1803 2385 principio
1866 2283 2140 2370 statuit,
2213 2283 2712 2358 matrimonium
2771 2308 2923 2356 esse

692 2414 1103 2475 contractum
1153 2427 1335 2475 mere
1379 2402 1748 2475 humanum
1768 2458 1784 2487 ‚
1841 2425 1922 2473 ac
1970 2417 2327 2500 propterea
2376 2399 2461 2474 ad
2512 2398 2923 2473 iurisdictio-

695 2543 847 2591 nem
893 2515 1239 2590 dumtaxat
1286 2516 1552 2590 civilem
1606 2516 1939 2616 pertinere
1962 2575 1978 2604 ,
2026 2529 2229 2617 atque
2262 2514 2349 2589 ab
2382 2514 2672 2590 ecclesia
2704 2513 2921 2588 nulla-

690 2647 886 2706 tenus
930 2633 1262 2732 pendere;
1320 2632 1527 2732 idque
1574 2633 1778 2705 etiam
1818 2633 1889 2703 in
1925 2632 2285 2733 hypothesi
2319 2632 2503 2733 quod
2538 2630 2920 2728 coniugium

691 2747 784 2820 sit
830 2762 1400 2820 sacramentum«
1426 2747 1628 2834 Cum,
1676 2762 1752 2819 ut
1799 2747 1932 2833 ait,
1976 2747 2507 2846 supernaturalis
2554 2747 2723 2821 haec
2772 2771 2923 2819 con-

690 2859 858 2932 ditio
890 2876 958 2932 et
992 2861 1160 2934 ratio
1195 2861 1597 2936 sacramenti
1632 2860 2063 2960 superveniat
2094 2860 2519 2935 matrimonio
2554 2862 2689 2934 iam
2725 2860 2921 2960 plene

690 2989 756 3048 et
803 2975 1094 3076 perfecte
1142 2977 1213 3049 in
1264 3002 1414 3050 esse
1466 2975 1690 3050 civilis
1739 2989 2117 3049 contractus
2165 2976 2524 3051 constituto
2557 2979 2738 3072 (1).»

833 3089 1068 3164 Eidem
1095 3091 1511 3165 distinctioni
1538 3091 1627 3165 ob
1652 3090 1958 3164 eamdem
1993 3091 2318 3164 rationem
2355 3091 2601 3163 institit
2634 3091 2920 3164 Ioannes

699 3205 1034 3306 Launojus
1070 3207 1303 3281 doctor
1327 3207 1752 3308 parisiensis.
1785 3207 2131 3305 Siquidem
2156 3221 2221 3280 et
2245 3206 2394 3306 ipse
2422 3206 2688 3280 scribit:
2725 3236 2762 3275 α
2781 3206 2925 3308 Spi-

695 3321 1000 3397 ritualem
1046 3339 1440 3423 potestatem
1492 3321 1577 3397 ab
1629 3321 1956 3396 saeculari
2010 3322 2301 3422 pendere
2343 3320 2568 3422 quoad
2619 3336 2921 3395 naturam

687 3438 910 3514 civilis
960 3452 1340 3514 contractus
1379 3440 1788 3514 matrimonii
1824 3497 1840 3526 ,
1896 3439 2005 3512 cui
2058 3438 2194 3512 iam
2245 3437 2543 3536 legitime
2591 3439 2767 3513 sacto
2814 3437 2922 3510 di-

687 3554 941 3628 vinitus
992 3554 1268 3629 accedat
1315 3553 1483 3627 ratio
1527 3553 1968 3639 sacramenti;
2027 3551 2396 3627 secularem
2450 3567 2845 3650 potestatem
2878 3577 2921 3625 a

687 3669 1023 3767 spirituali
1084 3670 1377 3768 pendere
1427 3668 1652 3769 quoad
1704 3669 2156 3742 ministerium
2223 3668 2622 3742 sacramenti
2692 3666 2923 3741 matri-

686 3785 935 3871 monii,
985 3811 1122 3884 qua
1173 3800 1665 3859 sacramentum
1703 3797 1839 3871 est3
1882 3784 2060 3857 hanc
2093 3798 2391 3857 mutuam
2427 3781 2645 3856 civilis
2681 3797 2746 3854 et
2778 3783 2924 3880 spi-

688 3897 949 3972 ritualis
1000 3901 1347 3999 potestatis
1399 3899 2020 3975 subordinationem
2058 3898 2368 3972 traditam
2405 3899 2689 3972 fuisse-a
2723 3895 2923 3971 Gela-

684 4011 792 4086 sio
831 4027 899 4084 et
948 4013 1222 4090 Nicolao
1273 4016 1458 4116 ponti
1469 4013 1760 4102 ficibus3
1820 4013 2372 4114 impedimentum
2423 4011 2920 4087 matrimonium

683 4127 1015 4212 dirimens
1055 4157 1138 4203 ex
1171 4157 1248 4204 se
1268 4189 1285 4218 ‚
1328 4157 1587 4232 suoque
1619 4157 1863 4229 genere
1897 4156 2051 4205 esse
2083 4129 2318 4214 civile,
2354 4154 2489 4204 non
2525 4125 2912 4228 spirituale;

673 4241 1025 4319 seculares
1070 4245 1415 4346 principes
1467 4245 1949 4348 impedimenta
2000 4245 2501 4320 matrimonium
2536 4242 2921 4318 dirimentis

831 4399 904 4462 (1)
932 4398 1041 4450 Lib.
1075 4399 1163 4449 ΠΙ.
1200 4400 1251 4448 et
1279 4399 1340 4448 V.
1367 4411 1475 4461 cap.
1499 4399 1564 4449 n.
