3276 5083
735 471 872 519 cn.
906 470 953 519 ι.
988 468 1068 518 nr
1104 468 1364 517 nram.
1400 465 1623 516 civius
1657 465 1927 516 nuum.
1963 465 2101 514 aar.
2128 467 2191 511 v.
2447 440 2582 510 249

534 589 744 676 Quem
812 600 1152 685 praeterea
1212 581 1634 656 instillabunt
1691 606 1966 654 sensum
2029 605 2187 675 erga
2254 578 2589 676 publicam

377 704 829 777 auctoritatem
889 697 1050 770 filiis
1106 697 1252 769 suis
1286 752 1302 781 ,
1370 696 1486 794 qui
1541 696 1632 768 ita
1687 709 1845 767 sunt
1890 693 2114 766 animo
2163 692 2590 790 comparati?

374 819 473 891 De
520 814 844 914 obsequio
883 829 951 885 et
989 836 1216 884 amore
1256 808 1351 880 nil
1393 826 1532 894 est,
1582 808 1760 907 quod
1798 808 2135 893 dicamus,
2187 807 2308 880 sed
2348 833 2427 879 ea
2470 831 2592 905 po-

378 932 512 1004 tius
557 928 885 1031 principia
938 925 1333 1000 subversiva
1383 922 1723 996 societatis
1764 948 1882 996 eos
1922 920 2285 1005 docebunt,
2342 921 2591 1019 quibus

377 1048 645 1145 ipsimet
709 1042 944 1115 imbuti
998 1056 1202 1125 sunt,
1260 1037 1703 1112 execrationis
1751 1053 1821 1110 ct
1867 1036 2005 1110 odii
2057 1036 2379 1110 adversus
2430 1062 2546 1108 eos
2570 1094 2585 1122 ,

375 1187 545 1259 quos
590 1160 723 1257 ipsi
764 1172 1002 1231 vocant
1036 1171 1356 1254 tyrannos
1390 1170 1457 1225 et
1490 1177 1949 1251 oppressores.
1983 1149 2087 1223 Ac
2119 1150 2212 1222 ita
2247 1149 2592 1247 paullatim

380 1275 494 1346 fiet
518 1331 533 1359 ,
597 1288 671 1345 ut
718 1271 804 1344 de
852 1270 1281 1367 generatione
1328 1267 1397 1339 in
1450 1266 1944 1364 generationem
1967 1322 1983 1350 ,
2039 1263 2242 1337 veluti
2288 1265 2591 1363 quadam

380 1384 785 1459 traditionali
818 1384 958 1469 via,
990 1383 1084 1455 ita
1122 1380 1454 1480 principia
1487 1379 1606 1451 illa
1642 1393 2092 1478 propagentur
2121 1402 2201 1450 ac
2233 1376 2595 1452 dilatentur

381 1500 596 1596 magis
623 1524 702 1571 ac
738 1498 977 1594 magis.
1010 1494 1267 1568 Exinde
1308 1494 1634 1591 originem
1663 1492 1915 1565 habent
1937 1481 2032 1564 t'ot
2057 1491 2406 1587 demagogi
2427 1549 2442 1578 ,
2476 1492 2591 1590 qui

381 1613 649 1686 aluntur
697 1626 761 1684 et
815 1625 1124 1683 crescunt
1175 1609 1242 1680 in
1294 1608 1661 1706 perniciem
1728 1605 2142 1678 auctoritatis
2214 1603 2550 1701 legitimae
2572 1661 2587 1690 ,

380 1753 458 1800 ac
508 1741 856 1826 propterea
906 1726 976 1796 in
1024 1722 1536 1798 dissolutionem
1588 1722 1806 1820 ipsius
1860 1719 2222 1792 societatis.

520 1842 756 1913 Verum
805 1866 937 1913 non
989 1839 1213 1911 minus
1258 1836 1470 1910 solide
1515 1835 1698 1935 quod
1752 1835 2223 1934 proposuimus
2272 1834 2598 1908 evincitur

381 1984 460 2028 ex
507 1955 779 2028 effraeni
831 1979 1088 2026 morum
1132 1952 1445 2037 licentia,
1503 1976 1707 2050 quam
1758 1949 2108 2050 provenire
2156 1975 2236 2021 ex
2284 1949 2594 2023 civilibus

384 2069 713 2164 coniugiis
749 2091 1026 2140 necesse
1057 2081 1183 2140 est.
1228 2066 1394 2138 Heic
1420 2064 1745 2162 explorati
1774 2063 2089 2163 principii
2123 2062 2268 2137 loco
2292 2089 2590 2149 assumo,

388 2208 526 2255 rem
575 2180 912 2280 politicam
939 2238 954 2267 ,
1011 2206 1127 2253 seu
1184 2181 1563 2253 societatem
1599 2204 1681 2252 eo
1716 2178 1976 2251 firmius
2013 2178 2420 2264 consistere,
2461 2204 2597 2276 quo

386 2296 601 2392 magis
648 2294 827 2367 cives
878 2293 1142 2367 honesti
1196 2309 1352 2365 sunt
1393 2318 1472 2364 ac
1515 2291 1753 2389 probi,
1808 2317 1945 2390 quo
1996 2292 2367 2365 accuratius
2417 2292 2597 2389 leges

387 2423 656 2481 servant
690 2465 704 2493 ‚
751 2433 869 2480 seu
920 2432 1055 2507 quo
1106 2406 1534 2479 ferventiores
1579 2405 1932 2479 christiani
1967 2432 2118 2479 esse
2160 2406 2454 2479 student.
2497 2406 2598 2478 Ab

385 2521 729 2608 omnibus,
762 2521 879 2621 qui
903 2521 989 2595 de
1015 2549 1086 2594 re
1112 2520 1383 2620 politica
1409 2521 1864 2622 scripserunt,
1915 2522 2058 2595 sive
2095 2521 2181 2594 de
2224 2522 2597 2596 constantia

387 2638 715 2736 cuiusque
762 2636 1013 2734 gentis,
1067 2641 1211 2710 sive
1247 2636 1332 2709 de
1369 2637 1625 2734 magis,
1676 2651 1793 2709 aut
1834 2636 2058 2708 minus
2112 2637 2412 2736 proxima
2452 2637 2598 2711 eius

385 2752 827 2826 dissolutione
860 2777 939 2826 ac
972 2751 1168 2824 ruina
1191 2808 1207 2837 ,
1257 2751 1581 2824 indicium
1635 2777 1903 2850 semper
1941 2751 2185 2849 petitur
2233 2768 2484 2825 certum
2520 2778 2600 2825 ex

389 2892 642 2939 morum
692 2868 1081 2965 praesertim
1133 2865 1550 2965 publicorum
1603 2865 1954 2939 honestate
1978 2923 1994 2952 ,
2051 2885 2166 2939 aut
2221 2868 2545 2965 pravitate
2578 2926 2593 2953 ‚

389 3005 562 3076 quae
611 2980 792 3077 apud
843 2981 1022 3054 cives
1073 2979 1430 3078 praevalet.
1477 2979 1602 3051 Ubi
1651 2980 1831 3052 enim
1869 2980 2156 3076 viguerit
2198 2981 2463 3078 religio,
2506 2982 2601 3054 le·-

391 3118 547 3186 gum
588 3093 890 3166 custodia
933 3109 998 3166 et
1034 3119 1252 3181 amor3
1285 3094 1402 3166 ubi
1446 3096 2015 3193 perseveraverint
2047 3096 2267 3169 avitae
2300 3096 2602 3170 traditio-

341 3281 342 3284 *
392 3231 509 3277 nes
550 3205 1011 3293 intemeratae,
1043 3233 1122 3280 ac
1148 3207 1429 3305 proinde
1464 3207 1732 3306 publica
1781 3234 2040 3281 morum
2091 3209 2444 3295 honestas,
2490 3209 2601 3282 hic

392 3319 677 3418 populus
701 3320 894 3395 sortis
918 3321 1319 3421 validusque
1352 3338 1693 3410 censetur,
1722 3324 1858 3396 vita
1895 3350 1973 3395 ac
2007 3324 2235 3421 vigore
2269 3340 2592 3421 praestat,

392 3459 513 3505 nec
562 3433 761 3507 habet
798 3435 883 3508 ab
928 3437 1219 3510 externis
1271 3436 1453 3536 quod
1500 3437 1696 3511 valde
1744 3439 2009 3524 timeat3
2050 3464 2130 3511 ex
2164 3439 2371 3512 totius
2420 3440 2597 3511 enim

390 3546 832 3623 multitudinis
882 3552 1375 3651 conspiratione
1422 3579 1597 3626 unus
1634 3554 1837 3627 homo
1882 3553 2257 3628 coalescere
2305 3554 2592 3627 videtur.

390 3661 633 3735 Contra
677 3688 832 3737 vero
881 3665 993 3737 ubi
1045 3664 1330 3765 populus
1376 3666 1463 3739 ab
1505 3667 1809 3743 instituto
1850 3668 2242 3756 desciverit,
2298 3694 2381 3742 ac
2431 3669 2601 3743 inter

389 3908 528 3959 vivre
543 3922 659 3960 sous
675 3908 952 3962 l'inssuence
969 3910 1031 3963 de
1050 3915 1177 3965 cette
1195 3926 1457 3977 croyauce,
1485 3914 1694 3966 aussitot
1715 3915 1763 3966 le
1779 3915 2011 3967 desordre
2038 3917 2199 3967 rentre
2226 3915 2350 3966 dans
2369 3917 2601 3969 l’honime

387 3991 437 4038 et
469 3988 593 4040 dans
622 3990 670 4040 la
703 3989 883 4040 sociere
912 3989 999 4041 des
1031 3991 1295 4044 hommem·
1308 3995 1378 4043 ια
1395 3993 1543 4045 cbute
1577 3994 1641 4045 dc
1667 3995 1912 4047 l'autorite
1943 3995 2067 4047 dans
2100 3996 2279 4048 l’ordre
2296 3999 2599 4060 sumtu-el,

386 4070 604 4120 attane
619 4068 742 4118 ainsi
765 4068 814 4118 la
832 4069 977 4119 chuta
994 4068 1057 4119 de
1073 4067 1316 4123 l'autorite
1337 4071 1460 4123 dans
1486 4072 1665 4124 l’ordre
1695 4074 1868 4126 socisl.
1884 4075 2139 4127 L'homme
2158 4076 2239 4126 n’a
2260 4077 2370 4140 plus
2389 4076 2601 4129 des-lore

387 4149 434 4198 le
461 4149 591 4201 droit
623 4164 710 4201 sur
744 4150 997 4214 l·bomme;
1023 4154 1074 4203 et
1091 4153 1168 4203 s’ii
1190 4154 1235 4204 le
1256 4154 1479 4218 domine,
1506 4168 1563 4206 ce
1584 4168 1647 4207 ne
1669 4159 1785 4220 peut
1801 4160 1905 4209 etre
1922 4171 2020 4222 que
2039 4172 2128 4222 per
2148 4159 2199 4209 la
2218 4159 2368 4211 force.
2397 4161 2601 4212 celle-ci

382 4226 489 4277 doit
505 4228 904 4281 necesuiroenent
916 4230 1115 4281 devenir
1132 4233 1418 4297 tyrannique
1436 4238 1486 4285 et
1505 4234 1718 4286 violente
1735 4249 1857 4299 pour
1878 4236 2067 4288 obtenir
2090 4252 2187 4289 une
2206 4239 2497 4302 subiection,
2511 4241 2599 4303 qui

389 4305 467 4354 n'a
486 4307 595 4368 plus
611 4307 794 4370 d’objet
813 4309 989 4369 moral,
1018 4313 1066 4360 et
1089 4322 1186 4371 que
1214 4323 1344 4360 cesse
1365 4313 1515 4363 d'ctre
1540 4313 1857 4368 volontaire.»
1882 4318 1995 4378 Peg.
2023 4325 2126 4371 128.
2151 4321 2282 4370 Haec
2304 4318 2599 4370 meditentur

388 4385 794 4450 pseudo-politici.
