3276 5083
648 469 788 539 164
1085 491 1207 540 un.
1255 491 1299 540 1.
1346 490 1516 540 secr.
1561 492 1605 538 ι.
1654 490 1734 539 nr„
1785 490 2049 539 nram.
2094 488 2521 539 sAcnfflnnro.

646 633 828 682 mum
874 605 1202 681 erexerint
1242 608 1327 681 ad
1371 633 1608 682 novam
1662 607 1826 680 Cani
1879 606 2252 680 doctrinam
2305 607 2871 705 oppugnandam,

647 740 842 821 prout
893 749 1156 796 rursum
1209 723 1699 797 animadvertit*
1729 722 1912 794 card.
1958 721 2432 794 Pallavicinius
2485 724 2664 816 (50).

673 891 680 898 .
792 836 1029 910 Nullus
1080 835 1316 909 dubito
1350 893 1365 922 ,
1424 836 1605 936 quod
1659 836 1717 907 si
1772 835 2282 932 religiosissimo
2344 835 2884 935 doctissimoque

647 954 831 1039 viro,
889 949 1267 1025 cuiusmodi
1321 950 1616 1049 profecto
1666 950 1792 1022 fuit
1839 949 2102 1037 Canus,
2158 963 2498 1048 comperta
2547 949 2879 1036 fuissent,

647 1061 823 1168 quae
860 1063 989 1141 hac
1023 1069 1096 1140 in
1131 1065 1437 1140 sessione
1465 1066 1694 1137 xxm
1724 1066 1994 1139 concilii
2032 1081 2182 1138 acta
2206 1083 2272 1139 et
2297 1067 2655 1139 constituta
2681 1082 2875 1152 sunt,

651 1209 1017 1283 numquam
1054 1181 1168 1254 illo
1202 1182 1490 1255 sortasse
1522 1180 1591 1250 in
1627 1179 1805 1253 hanc
1850 1180 2234 1253 devenisset
2284 1181 2684 1254 sententiam
2712 1238 2729 1268 ‚
2770 1208 2886 1254 ne·

652 1307 784 1395 que'
834 1297 1047 1371 libero
1095 1297 1265 1369 adeo
1315 1294 1490 1395 stylo
1540 1295 1941 1368 contrariam
1993 1295 2230 1370 suisset
2269 1320 2663 1398 aggressus.
2701 1295 2884 1381 Quid

651 1413 710 1483 si
750 1407 1171 1512 perpexisset
1203 1438 1380 1512 quae
1410 1409 1733 1508 'deinceps
1758 1436 1799 1482 a
1833 1434 2000 1482 rom.
2035 1397 2470 1507 pontificibus
2507 1409 2639 1482 hac
2674 1437 2886 1511 super

656 1553 725 1599 re
775 1528 1023 1625 scripta
1076 1542 1275 1626 atque
1325 1526 1690 1599 constituta
1737 1523 1939 1597 sunt?
1975 1524 2167 1599 Certe
2217 1525 2394 1598 hanc
2445 1551 2579 1598 non
2630 1525 2884 1622 attigis-

653 1655 758 1711 set
806 1640 1291 1738 quaestionem,
1333 1664 1412 1710 ex
1446 1664 1580 1737 qua
1616 1664 1736 1736 per
1769 1638 2117 1711 hominum
2154 1637 2391 1711 saltem
2428 1637 2752 1711 malitiam
2790 1653 2886 1711 tot

654 1747 830 1825 mala
882 1768 1384 1850 promanarunt.

800 1867 940 1937 Iam
992 1881 1287 1965 praestat
1335 1883 1726 1963 argumenta
1774 1866 2150 1965 expendere
2174 1925 2191 1954 ,
2232 1893 2408 1966 quae
2441 1893 2522 1940 ex
2556 1867 2884 1941 ecclesiae

654 2005 859 2052 sensu
884 2038 899 2066 ,
941 1980 1224 2079 eiusque
1259 1980 1501 2077 agendi
1537 1981 1795 2054 ratione
1829 1982 2250 2080 proveniunt.
2277 1983 2459 2055 Haec
2484 1981 2678 2055 nobis
2714 2007 2881 2080 sup-

650 2093 957 2193 peditant
1005 2095 1428 2167 matrimonia
1478 2096 1648 2168 inita
1693 2095 1967 2195 quidem
2006 2123 2230 2169 coram
2273 2096 2603 2195 paroch0,
2647 2095 2768 2169 sed
2802 2121 2883 2170 eo

659 2205 1046 2283 reluctante.
1090 2211 1233 2283 Non
1288 2209 1494 2283 semel
1545 2210 1724 2282 enim
1777 2210 1888 2297 fit,
1946 2226 2020 2282 ut
2065 2210 2201 2283 duo
2251 2236 2325 2283 se
2373 2209 2607 2283 fideles
2658 2235 2887 2284 coram

663 2324 957 2421 parocho
993 2325 1239 2399 sistant
1263 2351 1415 2398 cum
1444 2324 1745 2411 duobuS‚
1791 2341 1906 2398 aut
1938 2323 2154 2397 tribus
2188 2324 2475 2397 testibus
2499 2382 2515 2412 ,
2558 2339 2763 2424 atque
2797 2325 2888 2398 ita

658 2464 737 2507 ex
791 2440 1196 2536 improvviso
1243 2438 1628 2534 coniugium
1681 2440 1947 2523 ineant,
2005 2437 2164 2509 dum
2217 2437 2555 2535 parochus
2604 2437 2886 2511 relucta—

657 2568 849 2623 turus
898 2552 1346 2649 praevidetur.
1388 2552 1538 2637 Quo
1570 2552 1845 2651 quidem
1894 2553 1965 2622 in
2015 2577 2179 2624 casu
2210 2553 2320 2624 vix
2354 2552 2558 2625 datus
2591 2568 2697 2625 est
2724 2576 2884 2625 con—

661 2662 906 2738 sensus
932 2722 947 2751 ,
993 2666 1495 2738 matrimonium
1532 2666 1713 2738 illico
1747 2683 2156 2740 contractum
2180 2725 2195 2754 ‚
2244 2668 2377 2741 imo
2413 2684 2480 2742 et
2519 2685 2736 2743 ratum
2768 2668 2888 2742 ha·

660 2778 853 2850 b'etur
877 2837 893 2865 ‚
938 2805 1057 2851 nec
1100 2805 1423 2878 umquam
1476 2782 1773 2879 separari
1828 2783 2149 2880 coniuges
2201 2800 2487 2881 possunt
2507 2843 2522 2872 ,
2564 2810 2645 2858 ac
2679 2809 2888 2859 novas

664 2892 936 2995 nuptias
979 2893 1172 2964 inire.
1205 2892 1508 2966 Ecclesia
1542 2900 1764 2968 tamen
1804 2896 1923 2983 iis,
1968 2898 2084 2996 qui
2120 2899 2214 2971 ita
2248 2900 2730 2985 contraxerint,
2770 2898 2889 2971 be·

661 3003 1113 3095 nedictionem
1157 3004 1402 3079 deinde
1460 3032 1591 3080 non
1644 3010 2019 3108 impertitur
2044 3069 2059 3097 ,
2118 3036 2241 3084 nec
2289 3012 2377 3084 ad
2427 3013 2733 3086 eamdem
2785 3038 2889 3085 re-

659 3120 1041 3217 cipiendam
1077 3120 1407 3208 admittit,
1448 3122 1714 3196 etiamsi
1747 3150 1864 3198 eos
1901 3126 2141 3223 patrati
2179 3126 2482 3199 criminis
2517 3128 2879 3225 poeniteat.

662 3235 885 3319 Quare
909 3235 1290 3310 enimvero?
1311 3236 1488 3322 Quia
1523 3238 1782 3311 scilicet
1805 3246 1924 3337 pro
1949 3244 2127 3312 certo
2154 3238 2357 3312 habet
2380 3266 2497 3314 eos
2521 3266 2755 3315 verum
2782 3267 2889 3315 ra-

661 3346 937 3447 tumque
971 3350 1466 3423 matrimonium
1506 3353 1948 3438 contraxisse,
1990 3379 2124 3425 non
2162 3354 2296 3426 iam
2321 3354 2419 3427 uti
2447 3380 2703 3428 merum
2728 3356 2890 3428 civi·

656 3463 791 3535 lem
817 3465 1224 3536 contractum
1248 3523 1264 3551 ‚
1307 3466 1425 3537 sed
1462 3467 1557 3537 uti
1595 3473 2126 3554 sacramentum'‚
2170 3468 2350 3565 quod
2403 3468 2627 3542 iterari
2680 3469 2890 3543 semel

662 3578 1200 3650 administratum
1238 3579 1492 3676 nequit.
1530 3579 1728 3652 Nulla
1763 3595 1982 3652 autem
2016 3597 2119 3653 est
2156 3581 2323 3653 ratio
2357 3581 2888 3655 curbenedictio

660 3692 941 3763 conferri
970 3693 1103 3765 non
1134 3695 1385 3790 possit,
1420 3695 1478 3765 si
1506 3693 1675 3767 haec
1702 3710 1959 3792 partem
2008 3695 2433 3768 essentialem
2487 3698 2885 3770 sacramenti

663 3804 1133 3894 constitueret,'
1156 3809 1249 3878 ita
1272 3812 1349 3880 ut
1372 3824 1527 3880 ante
1554 3808 1737 3880 illam
1765 3836 1898 3882 non
1927 3809 2284 3881 haberetur
2309 3811 2439 3883 nisi
2470 3826 2875 3885 contractus.

662 3916 904 3990 Censet
940 3922 1146 4017 igitur
1178 3922 1467 3999 ecclesia
1488 3982 1504 4009 ,
1545 3925 1711 4021 quin
1744 3924 1966 4022 potius
2004 3949 2124 4022 pro
2159 3940 2337 3997 certo
2372 3924 2577 3999 habet
2609 3928 2680 3998 in
2711 3927 2889 3998 eius·

665 4032 845 4103 modi
880 4037 1188 4131 coniugio
1214 4064 1443 4109 verum
1480 4038 1713 4110 haberi
1751 4054 2269 4112 sacramentum.
2296 4041 2377 4112 Et
2413 4041 2544 4115 hoc
2578 4041 2891 4114 inelucta-

646 4146 958 4219 .bile.'est
1003 4169 1489 4245 argumentum.

810 4262 993 4333 ldein
1045 4263 1403 4338 dicendum
1457 4267 1541 4341 de
1585 4269 1953 4364 coniugiis,
1998 4295 2172 4367 quae
2209 4271 2631 4346 celebrantur
2664 4295 2888 4344 coram

808 4416 906 4475 (50)
937 4417 1053 4464 Loc.
1088 4417 1169 4465 cit.
