3276 5083
744 409 876 479 426
1124 429 1243 480 m.
1289 431 1333 478 1.
1379 428 1548 479 ster.
1591 427 1848 478 uram.
1891 428 1969 477 na
2006 427 2265 478 nrm.
2301 426 2511 477 c1v1u.

730 547 933 619 menti
986 545 1271 619 nobilior
1320 573 1436 646 per
1483 572 1559 619 se
1607 560 1711 618 est
1757 560 2096 619 contractu
2122 602 2137 632 ,
2195 543 2314 617 sed
2350 545 2417 615 in
2452 569 2653 617 casus
2708 545 2976 643 specie

731 687 864 761 quo
918 659 1004 733 de
1062 662 1323 758 agimus
1355 719 1370 746 ‚
1425 686 1577 734 cum
1635 660 1930 733 essentia
1994 660 2391 732 sacramenti
2458 658 2800 732 afficiatur
2867 688 2960 734 ex

727 774 1003 848 materia
1054 774 1352 873 proxima
1377 832 1392 860 ,
1449 791 1516 847 et
1561 800 1643 846 ex
1693 774 1901 847 forma
1925 831 1940 860 ‚
1998 799 2119 846 seu
2169 771 2534 872 prolatione
2573 773 2960 846 verborum

724 888 970 989 quibus
1006 914 1376 962 consensus
1412 888 1838 988 exprimitur,
1879 887 2011 960 dici
2048 888 2277 986 nequit
2309 888 2665 961 essentiam
2704 914 2955 961 sacra-

725 1004 926 1078 menti
955 1002 1352 1077 nobiliorem
1376 1029 1527 1077 esse
1552 1017 1927 1090 contractu;
1961 1002 2259 1102 alioquin
2284 1002 2553 1076 deberet
2576 1002 2746 1075 dici:
2776 1030 2954 1077 con·

725 1134 1013 1205 tractus,
1071 1119 1186 1217 qui
1239 1133 1344 1191 est
1390 1136 1911 1205 sacramentum,
1967 1112 2258 1191 nobilior
2312 1134 2417 1192 est
2473 1144 2553 1191 eo
2614 1118 2733 1217 qui
2793 1146 2945 1193 non

725 1250 828 1307 est
876 1250 1396 1307 sacramentum:
1455 1234 1573 1307 sed
1640 1233 1792 1306 talis
1848 1248 2223 1306 contractus
2286 1233 2459 1307 inter
2518 1231 2946 1308 christianos

725 1372 858 1420 non
907 1363 1010 1420 est
1059 1348 1438 1446 possibilis;
1480 1364 1595 1421 aut
1644 1348 1841 1420 etiam
1892 1346 2162 1420 deberet
2210 1348 2342 1420 dici
2398 1362 2648 1445 partem
2699 1375 2949 1422 sacra-

724 1461 925 1534 menti
978 1487 1130 1535 esse
1177 1442 1383 1534 altera
1434 1461 1860 1547 nobiliorem3
1916 1460 2095 1561 quod
2147 1461 2313 1534 foret
2373 1461 2762 1534 absurdum.
2806 1464 2946 1535 Sa-

729 1590 1137 1647 cramentum
1190 1573 1561 1647 sanctificat
1608 1589 2048 1662 contractum,
2091 1575 2209 1648 sed
2254 1574 2322 1646 in
2372 1592 2523 1648 actu
2575 1575 2946 1651 individuo

725 1715 859 1788 quo
907 1706 1285 1763 contractus
1335 1690 1411 1762 fit
1458 1705 1946 1762 sacramentum
1972 1747 1988 1777 ,
2045 1716 2125 1763 ac
2172 1690 2452 1790 proinde
2497 1717 2629 1764 non
2679 1708 2785 1765 est
2828 1719 2940 1767 se-

724 1804 1042 1904 parabilis
1090 1818 1465 1878 contractus
1516 1831 1557 1877 a
1605 1819 2044 1878 sacramento.

864 1918 964 1990 Ad
1002 1920 1071 1991 3.
1108 1916 1304 1992 Prob.
1341 1917 1889 2016 Inseparabilitas
1925 1944 2056 1993 non
2092 1935 2194 1993 est
2242 1919 2319 1992 de
2349 1919 2473 2021 fide
2506 1946 2625 1993 seu
2659 1947 2795 1995 non
2822 1941 2937 1996 est

720 2032 988 2130 doqma,·
1030 2032 1099 2105 id
1149 2049 1252 2107 est
1301 2032 1482 2106 nulla
1518 2032 1743 2107 adhuc
1777 2032 2060 2106 babetur
2092 2034 2342 2108 directa
2374 2050 2574 2134 atque
2606 2062 2932 2136 expressa

721 2146 1039 2221 solemnis
1072 2148 1393 2221 ecclesiae
1424 2147 1755 2235 definitio,
1788 2164 1893 2219 ast
1926 2147 2224 2220 doctrina
2255 2174 2411 2221 vera
2434 2206 2450 2235 ,
2489 2149 2817 2224 catholica
2842 2178 2932 2225 ac

722 2277 901 2335 certa
934 2278 1038 2336 est
1068 2261 1400 2335 declarata
1433 2261 1518 2334 ab
1552 2262 1704 2361 ipso
1737 2263 2067 2336 constanti
2101 2261 2427 2335 ecclesiae
2450 2264 2648 2338 modo
2680 2266 2924 2362 agendi

719 2395 785 2450 et
817 2376 1146 2451 sentiendi
1176 2435 1191 2464 ,
1232 2392 1307 2449 ut
1341 2392 1522 2476 patet
1553 2403 1634 2450 ex
1667 2377 1998 2474 coniugiis
2032 2376 2466 2451 clandestinis
2489 2436 2504 2466 ,
2546 2405 2717 2479 quae
2749 2406 2924 2453 sem-

719 2519 838 2592 per
870 2518 1001 2566 non
1037 2490 1251 2565 solum
1289 2518 1410 2591 pro
1435 2491 1681 2568 validis
1707 2492 2155 2567 contractibus
2174 2552 2189 2582 ,
2224 2492 2341 2567 sed
2367 2492 2567 2568 etiam
2594 2520 2718 2594 pro
2739 2497 2918 2570 veris

718 2608 1152 2696 sacramentis
1200 2606 1327 2679 etsi
1378 2607 1791 2680 infructuose
1825 2609 2114 2707 acceptis
2150 2607 2378 2681 habita
2412 2624 2569 2682 sunt
2599 2610 2671 2681 in
2704 2610 2918 2684 eccle-

717 2724 856 2808 sia3
897 2722 1075 2820 quod
1127 2738 1404 2821 apparet
1449 2749 1530 2795 ex
1578 2721 1971 2795 difficultate
2019 2722 2149 2796 hac
2183 2723 2331 2822 ipsa
2364 2722 2450 2796 de
2482 2749 2687 2798 causa
2720 2739 2913 2799 enata

720 2838 788 2909 in
834 2837 1118 2910 concilio
1154 2837 1511 2912 tridentino
1546 2838 1630 2911 ad
1668 2838 2204 2911 constituendum
2238 2839 2784 2939 impedimentum
2816 2841 2913 2914 di-

720 2950 965 3024 rimens
1016 2950 1607 3039 clandestinitatis;
1667 2977 1746 3025 ac
1796 2949 2061 3025 demum
2119 2969 2194 3025 ut
2252 2968 2512 3026 constat
2558 2980 2639 3027 ex
2688 2970 2912 3053 aperta

718 3090 1137 3139 romanorum
1164 3066 1552 3165 pontificum
1578 3066 2020 3140 declaratione
2051 3068 2274 3162 (111).
2309 3066 2498 3153 Quae
2519 3067 2744 3139 omnia
2763 3068 2910 3140 viro

715 3179 913 3256 docili
947 3207 1028 3254 ac
1060 3180 1318 3255 sincere
1341 3181 1669 3256 catholico
1695 3180 2000 3254 sufficere
2023 3178 2286 3253 debent.
2318 3181 2663 3279 Separatio
2692 3196 2906 3254 autem

715 3296 880 3371 haec
930 3298 1000 3368 in
1050 3298 1360 3394 coniugio
1407 3298 1771 3370 christiano
1820 3297 1890 3367 in
1941 3294 2298 3370 adversarii
2350 3319 2556 3367 sensu
2597 3295 2905 3394 nuspiam

716 3438 795 3486 ac
842 3438 1205 3512 numquam
1252 3413 1321 3485 in
1370 3412 1507 3486 ulla
1541 3412 1810 3509 regione
1842 3410 2168 3485 catholica
2200 3410 2371 3484 facta
2416 3424 2518 3484 est
2541 3468 2557 3497 ,
2599 3435 2721 3484 nec
2753 3409 2902 3496 fiet,

714 3553 794 3602 eo
843 3528 990 3629 ipso
1039 3529 1219 3628 quod
1271 3528 1412 3601 fieri
1461 3543 1769 3627 nequeat.

854 3642 955 3717 Ad
1011 3645 1075 3714 4.
1118 3643 1312 3716 Prob.
1355 3641 1993 3741 Inseparabilitatem
2043 3666 2176 3716 non
2236 3665 2388 3715 esse
2444 3656 2647 3740 caput
2702 3639 2908 3713 disci-

715 3758 938 3858 plinae
995 3756 1507 3830 fundamentalis
1538 3815 1553 3844 ,
1609 3782 1692 3828 ex
1749 3756 1948 3830 dictis
2015 3770 2272 3830 constat
2333 3754 2573 3828 falsum
2635 3753 2907 3828 omnino

712 3867 863 3949 ess'e
887 3932 903 3962 ,
962 3899 1082 3946 nec
1130 3872 1340 3945 ullum
1392 3871 1613 3946 afferri
1668 3886 1884 3972 potest
1940 3872 2313 3973 exemplum
2382 3869 2763 3971 oppositum
2824 3894 2901 3941 ex

856 4110 899 4166 (ι
912 4112 929 4156 ι
942 4105 986 4166 1)
1014 4106 1210 4157 scillcet
1226 4104 1304 4156 Pit
1327 4107 1411 4155 vl.
1426 4104 1478 4155 in
1494 4104 1731 4156 Brcvud
1749 4104 1961 4168 episcop.
1981 4104 2301 4154 monitantem
2327 4109 2398 4153 ιο.
2413 4103 2546 4165 sept.
2566 4105 2701 4153 17⁸8.
2716 4100 2830 4152 itan
2849 4098 2905 4148 in

714 4186 871 4235 Brevi
893 4183 955 4233 ad
976 4183 1186 4247 episcop.
1205 4183 1377 4247 Agriae
1404 4187 1473 4234 17.
1495 4183 1589 4233 lul.
1611 4187 1745 4234 1789.
1764 4182 1841 4232 Pit
1861 4184 1994 4232 vlu.
2019 4182 2068 4231 in
2091 4182 2286 4246 Encycl.
2321 4179 2559 4231 Tradidit
2593 4177 2898 4231 humilitati.

715 4267 791 4314 υ.
818 4263 930 4314 Mai.
961 4271 1094 4315 1829.
1118 4263 1335 4326 Gregorii
1364 4265 1492 4314 xvi.
1519 4264 1568 4314 in
1596 4261 1870 4326 Enclyclica
1899 4263 2088 4314 Mirari
2112 4273 2201 4312 vos
2235 4268 2306 4312 15.
2329 4264 2448 4323 Aug.
2481 4267 2614 4312 18³2.
2635 4259 2710 4310 Pu
2736 4260 2817 4309 lx.
2850 4256 2900 4306 tn

715 4343 1039 4400 ,allocutione
1067 4347 1145 4395 27.
1169 4345 1299 4406 sept.
1330 4349 1460 4395 10⁵2.
