3276 5083
585 398 722 446 cAP.
751 396 839 444 lv.
870 395 947 445 DE
978 396 1215 445 moun.
1247 395 1361 443 PRO
1389 394 1547 443 moi:
1572 395 1654 443 ΒΕ
1679 394 1869 444 nra.
1892 394 2019 443 clv.
2044 394 2183 444 Aur.
2219 395 2312 443 111.
2473 373 2607 442 417

390 515 527 587 lam
580 540 738 587 vero
786 516 935 613 ipse
985 538 1065 584 ex
1119 511 1378 611 tripode
1428 513 1865 611 pronunciat:
1898 511 2160 584 «Unica
2195 511 2370 584 facta
2402 527 2507 584 est
2544 512 2611 583 in

386 628 674 707 concilio
727 628 1093 702 tridentino
1143 628 1529 725 dogmatica
1578 627 1884 702 definitio
1911 686 1927 716 ,
1986 653 2226 728 nempe
2276 629 2614 702 matrimo-

387 745 577 819 nium
604 770 758 819 esse
783 760 1307 832 sacramentum3
1337 744 1595 844 reliqua
1621 744 1849 818 omnia
1873 742 2344 843 disciplinaria
2376 759 2555 817 sunt.
2572 774 2607 814 »

384 859 486 932 Ad
538 860 708 934 haec
757 886 976 960 usque
1028 876 1330 960 tempora
1353 919 1368 949 ,
1411 861 1472 934 si
1508 887 1718 934 unum
1767 859 2065 959 excipias
2115 858 2616 933 semi-luthera-

388 1002 547 1049 num
587 976 955 1051 Launoium
1005 978 1231 1072 (102),
1282 993 1349 1050 et
1399 976 1696 1076 reliquos
1745 977 1862 1076 qui
1912 1002 2064 1050 eum
2117 975 2616 1074 exscripserunt

385 1116 639 1192 eosque
663 1092 1114 1191 paucissimos
1142 1091 1483 1165 sublestae
1512 1091 1672 1163 fidei
1701 1090 2036 1177 homines»,
2060 1088 2387 1162 creditum
2414 1087 2613 1161 estin

383 1210 704 1280 universa
746 1206 1034 1280 ecclesia
1082 1205 1437 1279 duodecim
1490 1229 1785 1278 canones
1834 1202 2249 1300 dogmaticos
2285 1228 2326 1275 a
2361 1200 2616 1274 triden-

388 1320 529 1394 tino
579 1321 649 1393 in
709 1320 839 1394 hac
888 1346 1063 1393 sess.
1097 1320 1321 1391 xxlv.
1374 1319 1591 1393 editos
1644 1318 1883 1391 fuisse.
1946 1316 2140 1402 Quod
2193 1317 2254 1389 si
2307 1314 2611 1390 nonnulli

384 1463 464 1509 ex
503 1437 617 1509 his
658 1436 1032 1511 canonibus
1073 1434 1328 1508 habent
1366 1461 1487 1535 pro
1529 1434 1791 1507 obiecto
1841 1433 2186 1505 materiam
2228 1431 2615 1532 disciplina-

386 1577 556 1638 rem,
602 1551 985 1625 cuiusmodi
1022 1566 1126 1624 est
1159 1548 1532 1624 caelibatus
1583 1549 1978 1656 clericorum
2013 1562 2078 1620 et
2114 1547 2605 1644 religiosorum,

383 1692 537 1740 cum
598 1683 823 1741 tamen
875 1666 1045 1741 haec
1095 1665 1461 1765 disciplina
1516 1664 1808 1765 pendeat
1855 1691 1896 1737 a
1945 1665 2091 1739 iure
2123 1722 2139 1751 ,
2197 1664 2378 1763 quod
2436 1663 2606 1738 divi-

383 1782 563 1857 nitus
612 1781 819 1855 habet
868 1780 1157 1857 ecclesia
1207 1781 1279 1853 in
1346 1781 1492 1879 lege
1543 1779 1912 1855 sancienda
1943 1837 1959 1866 ,
2016 1805 2311 1855 canones
2376 1806 2611 1854 omnes

381 1896 741 1994 dogmatici
785 1914 975 1984 sunt,
1016 1923 1183 1997 qma
1213 1913 1373 1971 sunt
1421 1922 1576 1969 cum
1626 1897 1775 1969 iure
1825 1896 2060 1969 intime
2109 1896 2488 1984 coniuncti,
2530 1922 2612 1971 ac

382 2011 632 2086 directe
682 2013 789 2085 ius
841 2013 1064 2110 ipsum
1107 2036 1186 2082 ac
1229 2009 1476 2107 dogma
1526 2009 1831 2083 afficiunt
1876 2027 1944 2083 et
1993 2012 2327 2107 attingunt
2374 2013 2600 2106 (103).

528 2129 613 2199 Et
653 2153 820 2201 sane
861 2126 1223 2205 concilium
1274 2140 1563 2199 mentem
1616 2152 1809 2199 suam
1861 2126 2078 2224 aperit
2125 2124 2288 2198 dum
2338 2126 2612 2225 profite-

385 2258 493 2316 tur
523 2269 600 2317 se
632 2241 803 2316 velle
846 2241 1169 2341 praebere
1218 2240 1583 2313 doctrinam
1618 2239 1698 2312 de
1731 2255 2134 2313 sacramento
2167 2240 2602 2324 matrimonii,

382 2373 449 2431 et
486 2358 761 2458 quidem
812 2358 900 2433 ad
959 2359 1345 2455 iasiqniores
1404 2357 1692 2430 haereses
1741 2370 1801 2428 et
1853 2380 2098 2428 errores
2155 2357 2503 2453 impioram
2549 2370 2614 2433 et

377 2475 934 2549 schismaticorum
998 2474 1325 2548 hominum
1381 2469 1907 2547 exterminandos
1964 2471 2189 2567 (104).
2251 2468 2446 2556 Quod
2497 2469 2606 2543 vel

381 2591 530 2690 ipse
578 2591 827 2666 Paulus
890 2590 1168 2688 Sarpius
1232 2589 1542 2685 agnovit,
1608 2587 1771 2659 dum
1833 2585 2161 2659 absonum
2222 2585 2443 2659 visum
2504 2586 2609 2657 fu-

379 2707 519 2781 isse
568 2706 859 2807 politicis
914 2706 1113 2779 refert
1152 2763 1167 2794 ‚
1240 2703 1422 2779 velut
1488 2704 1844 2776 articulum
1891 2702 2048 2801 fidei
2106 2701 2250 2775 fieri
2287 2759 2303 2788 ,
2359 2726 2606 2775 causas

379 2820 902 2897 matrimoniales
971 2836 1275 2921 spectare
1339 2819 1426 2892 ad
1492 2818 1754 2892 iudices
1820 2815 2312 2892 ecclesiasticos
2338 2873 2355 2904 ‚
2412 2834 2611 2916 prout

381 2937 629 3010 factum
693 2954 798 3010 est
862 2964 904 3009 a
965 2936 1249 3011 concilio
1311 2960 1569 3009 canone
1635 2936 1784 3005 XII.
1851 2935 2028 3031 Ergo
2092 2958 2244 3007 cum
2312 2957 2606 3007 canones

381 3051 494 3124 isti
527 3050 691 3125 editi
733 3067 927 3137 sunt,
978 3050 1064 3124 ab
1112 3051 1427 3124 omnibus
1477 3051 1574 3124 uti
1625 3048 1989 3147 dogmatici
2044 3049 2313 3120 fuerunt
2353 3046 2596 3121 habiti.

382 3166 466 3238 Et
512 3190 668 3239 ecce
708 3191 888 3239 nunc
926 3181 1196 3238 senator
1244 3166 1652 3239 taurinensis
1690 3181 1845 3264 post
1880 3164 2007 3237 tria
2049 3188 2263 3261 eoque
2314 3161 2606 3262 amplius

383 3278 610 3353 secula
661 3305 785 3353 nos
837 3279 1108 3366 edocet,
1151 3280 1209 3354 si
1246 3306 1454 3352 unum
1504 3280 1802 3379 excipias
1822 3337 1838 3365 ,
1897 3277 2190 3376 reliquos
2233 3302 2466 3351 omnes
2503 3303 2608 3351 ca·

383 3420 594 3469 nones
646 3395 1042 3469 tridentinos
1087 3421 1242 3470 esse
1290 3395 1790 3496 disciplinares.
1823 3395 2065 3467 Verum
2100 3393 2187 3469 de
2228 3392 2355 3467 hoc
2405 3418 2604 3491 argu-

385 3526 609 3584 mento
658 3509 831 3586 alias
876 3510 1123 3585 redibit
1170 3536 1415 3585 sermo.

523 3781 656 3842 (ιω)
686 3782 760 3832 De
790 3781 1010 3832 Launoio
1044 3784 1159 3832 Viro
1185 3780 1540 3831 lutheranoin
1561 3779 1753 3831 habitu
1774 3780 2046 3832 sorbonico
2075 3783 2373 3844 nuncupato.
2410 3779 2489 3832 Cf.
2516 3782 2602 3830 za·

374 3859 593 3910 chariam
616 3861 667 3910 in
691 3858 1079 3922 Antisebronio,
1101 3860 1180 3911 ed.
1205 3869 1251 3913 2.
1275 3862 1461 3911 cesena
1487 3859 1985 3912 177o.1ntroduzione
2017 3873 2126 3924 cap.
2155 3862 2240 3912 vl.
2265 3860 2312 3925 S.
2338 3864 2400 3911 x.
2421 3874 2472 3924 p.
2497 3866 2605 3912 256,

376 3942 521 3991 Certe
559 3943 670 3991 Ant.
701 3940 952 4004 Βάκι-ιιι,
989 3944 1160 3991 auctor
1194 3935 1495 4003 protestans,
1536 3940 1755 4004 vulgavit
1788 3940 2158 3990 Amsteiodamii
2187 3953 2267 3990 an.
2303 3946 2441 3991 1⁶85.
2479 3953 2604 4004 opus

378 4020 515 4084 quod
551 4020 825 4084 inscripsit:
854 4023 1082 4072 Ioannes
1112 4022 1381 4071 launoius
1414 4022 1559 4071 testis
1580 4023 1633 4070 ee
1651 4018 1920 4082 consessor
1939 4022 2183 4071 veritatis
2199 4019 2603 4085 evanoelicwca·

380 4101 605 4153 thelicae
627 4103 838 4166 (nempe
861 4100 1176 4152 lunser-anae
1194 4101 1213 4164 )
1231 4104 1285 4151 in
1302 4099 1748 4165 potioribusfldei
1765 4100 2029 4166 capitibus
2051 4102 2400 4152 controversis
2417 4102 2605 4152 eontra

384 4182 665 4234 Robertum
688 4181 1094 4232 Belloi-minum.

516 4262 647 4325 (toz)
684 4263 754 4312 ut
785 4262 922 4326 potet
941 4273 1003 4312 ex
1026 4262 1212 4311 attenta
1233 4260 1441 4311 lectione
1459 4260 1666 4312 canonis
1684 4252 1766 4309 lx'.

525 4341 656 4406 (104)
691 4346 755 4393 In
776 4344 1041 4407 prooemio
1063 4353 1180 4391 sess.
1206 4342 1378 4393 xxW.
