3276 5083
645 435 777 505 1811
1018 456 1138 505 un.
1182 455 1229 505 1.
1272 456 1442 506 sscr.
1487 457 1530 505 1.
1577 457 1659 505 ns
1693 454 1954 504 ιιιτιιιιι.
1990 454 2419 506 mentituro,

632 573 748 646 tali
796 573 1247 647 coniunctioni
1291 576 1419 668 (4).
1450 574 1668 646 Porro.
1704 572 1831 647 hoc
1883 597 2014 646 non
2066 589 2206 659 est,
2238 575 2385 645 'nec
2432 595 2586 645 esse
2634 588 2847 672 potest

630 689 761 762 nisi
793 689 948 788 'ipse
978 704 1383 775 contractuS‚
1413 712 1549 787 quo
1575 688 1653 761 fit
1666 686 2003 761 ‘eiusmodi
2038 687 2410 785 coniugalis
2437 687 2843 774 coniunctim

629 830 810 902 ergo¹
835 820 1213 877 contractus
1262 801 1635 900 coniugalis
1680 803 2139 876 identificatur
2175 828 2327 876 cum
2376 808 2799 876 sacramento
2830 860 2848 890 ,

627 919 808 1018 quod
872 945 1003 992 non
1053 935 1158 992 est
1207 919 1339 991 nisi
1392 918 1661 1015 signum
1732 918 2005 990 unionis
2054 917 2301 991 Christi
2365 942 2519 991 cum
2565 917 2858 991 ecclesia

630 1034 763 1133 ipsi
808 1034 1189 1108 connubiali
1240 1034 1475 1107 unioni
1527 1033 1963 1107 intrinsecum
1998 1046 2064 1105 et
2098 1031 2545 1131 inseparabile
2578 1032 2663 1104 ab
2698 1033 2857 1131 ipso

630 1150 823 1247 signo
844 1208 861 1236 ,
920 1151 1125 1223 immo
1157 1150 1262 1223 est‘
1303 1149 1470 1222 illud
1523 1174 1644 1248 per
1690 1149 1870 1248 quod
1922 1148 2189 1246 signum
2239 1148 2520 1244 exurgit.
2567 1148 2857 1220 Unicum

629 1264 811 1363 quod
859 1264 1300 1364 interponitur
1345 1264 1707 1336 discrimen
1759 1264 1931 1335 inter
1976 1263 2361 1359 coniugium
2404 1262 2588 1335 Adae
2646 1277 2855 1361 atque

627 1384 1038 1478 pestemrum
1088 1379 1425 1479 usquead
1460 1378 1803 1453 Christum
1827 1438 1844 1465 ,
1884 1393 2024 1465 est,
2065 1376 2247 1477 quod
2288 1375 2455 1449 illud
2492 1376 2695 1451 fuerit
2722 1403 2852 1476 pu—

632 1521 779 1590 rum
830 1496 1096 1591 Signum
1148 1493 1403 1593 absque
1445 1495 1699 1591 gratiae
1747 1493 2154 1567 connexione
2172 1551 2187 1580 ‚
2228 1518 2307 1566 ac
2340 1508 2693 1592 propterea
2741 1517 2850 1565 sa-

627 1614 1035 1682 cramentum
1086 1609 1459 1708 improprie*
1482 1625 1547 1682 et
1580 1607 1714 1683 lato
1748 1635 1990 1694 sensu;
2033 1607 2442 1681 connubium
2473 1633 2633 1680 vero
2666 1607 2845 1680 chri-

626 1722 994 1795 stianorum
1052 1738 1155 1796 est
1202 1721 1369 1794 illud
1423 1724 1649 1822 ipsum
1700 1724 1967 1821 signum
2000 1781 2016 1811 ,
2074 1723 2195 1796 sed
2245 1722 2481 1796 efficax
2531 1723 2785 1819 gratiae
2823 1778 2839 1806 ,

626 1836 926 1937 adeoque
960 1854 1446 1912 sacramentum
1481 1844 1713 1938 presse
1747 1855 2114 1938 sumptum.
2158 1838 2324 1911 Cum
2359 1839 2561 1935 igitur
2591 1837 2844 1911 destrui

627 1977 757 2025 non
786 1953 998 2053 possit
1022 1954 1192 2027 ratio
1217 1955 1640 2041 sacramenti,
1664 1954 1829 2053 quin
1857 1953 2237 2027 destruatur
2263 1955 2413 2052 ipse
2435 1964 2834 2034 contractus,

628 2072 762 2167 quo
797 2068 1062 2142 fitunio
1097 2069 1504 2167 coniugalis,
1547 2084 1763 2169 patet,
1803 2094 1937 2142 non
1961 2074 2174 2167 'posse
2207 2070 2281 2140 in
2314 2066 2640 2165 coniugiis
2674 2065 2843 2137 fide-

628 2182 790 2255 lium
842 2182 1168 2280 distingui
1219 2184 1339 2257 s'eu
1389 2185 1683 2285 dispesci
1736 2199 2076 2282 tamquam
2120 2208 2258 2256 rem
2309 2210 2351 2256 a
2399 2209 2471 2255 re
2520 2181 2844 2265 rationem

626 2312 1004 2373 contractus
1038 2326 1080 2372 a
1114 2299 1367 2374 ratione
1417 2299 1863 2384 sacramenti,
1917 2313 1982 2370 et
2027 2298 2393 2371 viceversa.
2420 2304 2423 2309 '
2446 2295 2792 2394 Siquidem
2819 2353 2838 2380 ,

623 2427 716 2482 ut.
742 2411 1035 2486 diximus
1063 2470 1079 2498 ,
1137 2412 1654 2486 identificantur.

766 2527 1036 2601 Accedit
1100 2527 1368 2600 demum
1433 2528 1602 2600 ratio
1664 2528 1872 2626 petita
1919 2554 2000 2601 ex
2048 2527 2135 2600 iis
2187 2528 2360 2626 ipsis
2423 2523 2851 2626 quotidianis

622 2641 935 2714 civilibus
979 2641 1184 2726 actis,
1224 2667 1400 2742 quae
1432 2643 1501 2713 in
1538 2643 1844 2715 omnium
1889 2641 2119 2740 oculos
2170 2643 2538 2715 incurrunt.
2583 2639 2873 2732 Passim,

618 2755 871 2853 quippe
934 2754 1240 2828 homines
1293 2756 1466 2828 inter
1513 2781 1588 2828 se
1637 2756 1996 2829 convenire
2057 2756 2275 2830 solent
2323 2780 2401 2828 ac
2450 2755 2707 2854 pacisci
2755 2753 2843 2825 de

619 2869 848 2967 aliqua
873 2895 997 2956 .re;
1039 2869 1207 2943 haec
1257 2886 1478 2944 tamen
1529 2872 1904 2959 conventio,
1944 2889 2061 2945 aut
2094 2887 2360 2971 pactum
2395 2887 2537 2944 tum
2569 2896 2725 2944 vere
2756 2893 2839 2941 ac

619 2982 835 3056 solum
886 2985 1022 3057 vim
1073 2984 1421 3074 obtinent,
1478 3012 1629 3060 cum
1682 3013 1804 3086 per
1851 2986 2196 3086 publicum
2257 3003 2478 3059 actum
2522 3044 2538 3072 ,
2600 3010 2681 3058 ac
2730 3008 2844 3057 so-

618 3099 994 3174 lemnitates
1029 3101 1249 3198 alege
1298 3102 1749 3201 praescriptas
1799 3103 2275 3174 communitum
2328 3102 2550 3174 fuerit.
2596 3099 2740 3172 Hoc
2773 3099 2842 3170 in

617 3221 814 3301 casu,
851 3216 1142 3314 profecto
1167 3215 1285 3287 illa
1309 3216 1703 3289 solemnitas
1742 3215 1911 3288 nihil
1943 3217 2137 3315 ponit
2169 3217 2239 3288 in
2275 3242 2380 3303 re,
2429 3219 2843 3289 contractum

618 3348 836 3403 tamen
887 3357 1010 3404 seu
1058 3348 1325 3430 pactum
1373 3331 1668 3431 perficit,
1711 3332 1804 3404 ita
1837 3346 1914 3403 ut
1944 3331 2094 3404 sine
2128 3329 2243 3403 illa
2268 3387 2283 3415 ,
2341 3330 2634 3404 nondum
2678 3349 2845 3400 con-

615 3462 862 3519 tractus
914 3444 1191 3518 effectus
1225 3461 1597 3519 censeatur.
1642 3444 1921 3518 Nonnisi
1960 3444 2251 3518 absurde
2285 3444 2439 3543 quis
2474 3443 2841 3539 distingue-

627 3737 634 3744 ,
755 3689 824 3749 (4)
855 3689 1014 3751 Atque
1043 3688 1142 3740 huc
1176 3688 1477 3750 referuntur,
1499 3691 1556 3740 ut
1578 3690 1745 3752 postea
1776 3688 2078 3752 videbimus,
2107 3690 2272 3740 textus
2290 3679 2577 3746 illi'omues,
2600 3681 2840 3749 quissim-

615 3764 766 3825 probo
803 3767 969 3816 labore
1004 3768 1247 3832 congessit
1284 3769 1531 3831 Launojus
1552 3768 1614 3818 ad
1640 3768 1943 3832 paradoxum
1967 3783 2112 3820 suum
2132 3766 2529 3836 evincendum'in
2548 3767 2634 3816 cit.
2654 3779 2734 3828 op.
2763 3766 2838 3812 De

612 3845 758 3905 reaia
780 3847 876 3893 etc.
899 3846 1041 3902 Quod
1064 3860 1187 3910 opus
1207 3860 1320 3896 cum
1347 3847 1674 3914 impugnasset
1684 3847 1993 3897 Leuillicrius
2009 3846 2182 3896 doctor
2203 3845 2490 3897 sorbonicus
2510 3845 2560 3893 in
2585 3844 2831 3892 Observa·

615 3920 843 3970 tionibus
866 3923 939 3973 od
969 3926 1194 3987 munojt
1226 3925 1449 3986 librum,
1474 3928 1622 3989 atque
1642 3926 1867 3977 Galesius
1885 3926 2142 3990 episcopus
2162 3937 2427 3976 aversanus
2446 3925 2496 3974 in
2518 3923 2726 3973 mm
2751 3922 2837 3971 cui

610 3999 811 4064 titulus:
839 4003 1206 4060 Ecclesiastico
1234 4009 1289 4056 in
1323 4007 1721 4057 matrimonium
1751 4009 1997 4071 potestas.
2016 4009 2197 4057 Romae
2230 4010 2365 4064 1676.
2386 4004 2636 4055 Launoius
2664 4000 2840 4053 amicis

606 4077 710 4127 suis
726 4091 871 4141 saepe
889 4083 1091 4132 testatus
1112 4089 1184 4133 est
1202 4085 1384 4135 librum
1408 4085 1548 4135 illum
1570 4087 1822 4149 scripsisse
1843 4086 2047 4135 invitum
2070 4089 2120 4136 et
2137 4089 2324 4137 contra
2341 4087 2506 4135 animi
2527 4086 2615 4134 sut
2635 4083 2837 4134 senten-

610 4160 766 4218 liam,
805 4159 940 4210 iussu
975 4165 1307 4228 superiorum,
1323 4168 1403 4215 ut
1438 4167 1585 4217 refert
1611 4166 1918 4217 Ancillonius
1936 4166 1985 4215 in
2008 4166 2359 4217 Miscellancis
2396 4167 2597 4215 crustis
2622 4168 2745 4214 tom.
2766 4164 2832 4213 Π.

606 4251 716 4302 pag.
745 4246 852 4289 330.
879 4240 1075 4291 Gelasio
1097 4245 1260 4294 tamen
1279 4246 1386 4318 ipso
1404 4246 1657 4310 opposuit·
1666 4246 1847 4300 librum
1877 4245 2102 4302 eamdem
2131 4245 2419 4297 sententiam
2447 4245 2837 4318 propugnantem

605 4299 857 4382 acerrime,
873 4333 959 4382 qul
974 4321 1278 4373 inscribitur
1306 4327 1680 4392 contentorum
1701 4329 1756 4375 in
1782 4324 1974 4376 Galesu
1990 4326 2341 4378 ecclesiastaes
2359 4327 2415 4377 in
2431 4326 2835 4398 ιηᾳτνὲηιοιιόυηι

598 4389 858 4461 potestate
879 4390 1176 4452 matorum
1196 4402 1388 4454 index.
1375 4405 1533 4454 Paris
1555 4407 1691 4456 1677.
2118 4427 2124 4432 -
