3276 5083
688 434 823 483 cir.
867 434 938 483 ιι.
980 434 1057 482 nn
1110 435 1297 483 nra.
1335 434 1461 483 civ.
1509 434 1674 483 ome.
1721 435 1794 483 nr
1834 435 2052 485 ηοω.
2098 435 2236 485 Aur.
2281 436 2349 485 ιι.
2508 413 2642 482 277

443 553 597 627 dem
668 551 932 649 plenam
1001 549 1490 648 perfectamque
1554 567 2004 649 assequantur
2052 567 2118 622 et
2166 552 2251 624 ad
2310 552 2647 650 optatissi-

446 691 624 738 mam
673 663 1034 761 aliquando
1067 678 1309 736 metam
1346 663 1754 761 perveniant.
1808 664 1973 736 Cum
2023 679 2242 738 autem
2293 690 2413 763 pro
2464 682 2642 739 certo

446 793 791 852 assumant
861 776 1356 849 matrimonium
1422 803 1558 848 rem
1619 804 1782 875 pure
1841 779 2105 851 civilem
2173 804 2357 865 esse,
2432 795 2498 853 et
2563 780 2649 851 ad

446 893 656 965 solius
704 890 1041 964 societatis
1092 890 1309 963 civilis
1362 892 1888 989 praerogativam
1932 908 2231 992 spectare
2257 951 2273 980 ,
2314 920 2395 965 ex
2443 892 2650 966 altera

441 1029 596 1082 vero
645 1023 836 1104 parte
882 1006 1157 1079 videant
1179 1062 1194 1091 ‚
1249 1005 1336 1078 ah
1384 1007 1669 1080 ecclesia
1718 1008 1888 1080 inter
1937 1024 2351 1081 sacramenta
2399 1033 2651 1080 connu-

443 1122 716 1206 merari,
776 1120 928 1192 ideo
978 1136 1050 1191 ut
1101 1118 1267 1190 illud
1303 1120 1390 1191 ab
1423 1120 1726 1193 eiusdem
1777 1120 2100 1193 ecclesiae
2148 1121 2598 1194 dominatione
2625 1177 2641 1206 ,

441 1253 516 1308 ut
561 1237 692 1335 ipsi
757 1236 1169 1333 loquuntur,
1230 1235 1666 1321 subtrahant,
1740 1236 1940 1309 aliam
2001 1262 2216 1335 neque
2283 1236 2650 1325 breviorem

443 1375 659 1447 neque
701 1349 1023 1447 aptiorem
1058 1349 1143 1420 ad
1179 1349 1248 1420 id
1284 1349 1709 1422 efficiendum
1742 1352 1917 1423 viam
1956 1351 2389 1437 invenerunt,
2447 1375 2648 1447 quam

443 1463 765 1537 theoriam
798 1464 1350 1561 protestantismi,
1393 1465 1576 1535 iuxta
1609 1489 1814 1561 quam
1850 1465 2358 1555 matrimonium·
2379 1489 2509 1536 non
2546 1481 2682 1537 est·

444 1578 577 1650 nisi
629 1593 1004 1652 contractus
1042 1604 1221 1651 mere
1262 1579 1504 1652 civilis.
1549 1579 1740 1650 Hanc
1774 1578 1995 1650 ideam
2033 1580 2163 1676 ipsi
2201 1579 2643 1677 arripuerunt,

438 1709 504 1766 et
553 1693 637 1764 ad
689 1694 835 1765 eius
886 1719 1183 1766 normam
1232 1693 1479 1766 deinde
1535 1718 1767 1765 omnes
1828 1692 1997 1789 legis
2046 1692 2359 1766 articulos
2413 1693 2646 1790 dispo-

442 1822 718 1879 suerunt
780 1822 849 1878 et
897 1806 1281 1879 harmonice
1348 1806 1765 1878 ordinarunt.
1839 1806 1933 1877 Ne
1983 1822 2218 1895 'tamen
2285 1805 2651 1878 doctrinam

442 1918 835 1992 catholicam
887 1920 972 1991 de
1022 1919 1444 1991 matrimonio
1504 1919 1777 1991 omnino
1827 1943 1906 1990 ac
1955 1932 2185 2014 aperta
2234 1916 2445 1989 fronte
2495 1942 2647 2015 pes-

445 2033 755 2105 sumdare
805 2032 1216 2116 viderentur,
1274 2031 1562 2103 subditis
1612 2030 1961 2103 catholicis
2022 2030 2409 2125 indulgent,
2465 2046 2536 2102 ut
2578 2030 2643 2125 ‚si

455 2145 691 2230 velint,
748 2147 1010 2244 possint
1056 2146 1254 2217 ritum
1305 2144 1689 2240 religiosum
1740 2144 2102 2241 adiungere
2159 2144 2407 2242 nuptiis
2460 2144 2640 2230 suis,

451 2260 577 2332 etsi
627 2259 848 2333 valide
897 2285 976 2332 ac
1027 2258 1319 2354 legitime
1365 2284 1587 2332 coram
1623 2258 1767 2332 solo
1800 2259 2193 2355 magistratu
2225 2258 2405 2331 civili
2446 2258 2650 2329 initae

451 2362 711 2447 censeri
763 2373 1072 2446 debeant.

596 2486 815 2562 Facile
855 2487 1056 2561 etiam
1105 2487 1434 2561 eiusmodi
1480 2502 1885 2588 promotores
1921 2489 1988 2559 in
2025 2488 2200 2561 hanc
2248 2486 2651 2560 determina·

451 2605 694 2678 tionem
745 2619 1066 2677 venerunt
1124 2629 1205 2674 ex
1254 2603 1556 2676 instituta
1605 2604 2097 2702 comparatione
2129 2603 2317 2675 inter
2366 2601 2652 2697 rigidam

445 2718 1011 2817 inflexibilemque
1059 2716 1383 2791 ecclesiae
1431 2716 1798 2791 catholicae
1849 2717 2217 2790 doctrinam
2262 2717 2440 2789 circa
2470 2740 2650 2790 con-

442 2832 623 2928 iugia
646 2889 662 2917 ‚
729 2858 809 2905 ac
868 2832 1139 2929 planam
1190 2847 1256 2903 et
1302 2831 1804 2904 accommodam
1854 2831 2223 2903 doctrinam
2272 2846 2646 2929 protestan-

444 2946 655 3017 tismi.
713 2946 1016 3044 Cumque
1074 2945 1241 3018 haec
1301 2970 1668 3042 numquam
1717 2946 1850 3017 fixa
1908 2945 1998 3017 sit
2047 2971 2124 3017 ac
2176 2943 2643 3030 immutabilis,

446 3058 520 3129 fit
561 3074 634 3130 ut
686 3059 879 3132 facile
916 3061 1220 3133 flectatur
1253 3059 1337 3131 ad
1371 3059 1775 3155 exigentias,
1816 3074 1890 3132 ut
1924 3059 2317 3157 loquuntur,
2358 3059 2651 3132 actuales

445 3196 578 3245 non
629 3171 847 3250 solum
893 3174 1265 3260 societatis,
1323 3174 1443 3247 sed
1492 3190 1558 3246 et
1606 3175 1853 3247 civium
1904 3173 2370 3270 singulorum;
2428 3189 2656 3246 contra

444 3310 600 3358 vero
633 3311 839 3383 quum
874 3287 1147 3359 videant
1178 3287 1550 3358 doctrinam
1585 3284 1980 3359 catholicam
2031 3286 2424 3360 conflectere
2457 3310 2532 3356 se
2565 3286 2652 3358 ad

444 3400 775 3472 eiusmodi
828 3400 1095 3475 fictitias
1146 3401 1516 3496 exigentias
1568 3427 1700 3474 non
1755 3424 1956 3497 posse
1979 3456 1995 3485 ‚
2053 3401 2253 3473 immo
2301 3416 2367 3471 et
2414 3399 2654 3497 despe—

446 3527 591 3584 rent
624 3513 973 3586 ecclesiam
1010 3514 1094 3586 ad
1130 3514 1601 3588 concessiones
1648 3513 1986 3586 faciendas
2028 3538 2412 3610 permovere
2434 3569 2450 3597 ‚
2492 3511 2654 3584 hinc

445 3624 603 3696 huic
658 3624 905 3698 bellum
972 3645 1156 3700 atrox
1207 3626 1508 3698 indicunt
1538 3655 1563 3712 ‚·
1619 3641 1820 3726 atque
1871 3625 1955 3697 ab
2005 3651 2087 3698 ea
2136 3623 2653 3698 matrimoniales

445 3762 689 3810 causas
740 3738 1158 3826 subtrahunt.
1202 3739 1503 3837 Cumque
1553 3739 1748 3812 aliter
1782 3765 1857 3811 se
1901 3740 2223 3839 proficere
2271 3764 2473 3837 posse
2522 3765 2653 3813 non

444 3852 739 3937 videant,
789 3879 989 3950 quam
1025 3854 1412 3951 attingendo
1443 3855 1947 3928 matrimonium
1985 3854 2112 3927 sub
2151 3854 2350 3926 unica
2400 3853 2656 3926 ratione

446 3982 823 4040 contractus
873 3967 1089 4040 civilis
1125 4025 1140 4052 ,
1198 3969 1373 4041 hanc
1422 3969 1600 4040 viam
1654 3969 1912 4042 calcare
1959 3966 2414 4042 decreverunt.

593 4080 785 4166 Quod
814 4082 873 4153 si
897 4081 1258 4154 universim
1288 4082 1375 4154 ad
1412 4082 1696 4154 istorum
1733 4077 2430 4180 pseudo-politicorum
2465 4096 2655 4154 actus

447 4193 674 4268 oculos
711 4209 1177 4269 convertamus
1196 4251 1212 4278 ,
1242 4195 1620 4268 videbimus
1657 4195 1791 4268 huc
1823 4220 2055 4267 omnes
2089 4192 2325 4291 dirigi,
2368 4211 2442 4269 ut
2474 4220 2659 4268 sum-

451 4335 717 4408 mopere
767 4311 1034 4385 l'aveant
1082 4311 1622 4408 protestantismo
1654 4368 1669 4397 ,
1727 4325 1792 4382 et
1839 4309 2369 4386 catholicismum
2428 4311 2653 4409 depri-
