3276 5083
758 459 895 510 cn».
930 458 1025 509 ιιι.
1063 459 1141 509 nn
1188 457 1447 509 nram.
1494 456 1718 507 civius
1758 455 1940 507 Laos.
1984 455 2124 505 aar.
2167 454 2259 505 ιιι.
2493 432 2627 503 315

412 594 594 651 certo
644 601 918 649 noscere
972 574 1232 672 poterit.
1294 573 1617 645 Nimirum
1680 571 2070 646 adolescunt
2119 573 2189 642 in
2239 570 2628 647 scandalum

413 711 482 766 et
534 690 897 790 perniciem
947 688 1285 764 societatis
1316 690 1497 782 (16).

561 806 822 878 Directe
872 820 1093 876 autem
1144 803 1379 876 eadem
1416 801 1522 875 lex
1556 802 1816 875 inducit
1850 803 1920 873 in
1957 826 2215 874 morum
2264 803 2632 900 corruptio-

416 947 566 994 uem
630 947 710 994 ac
770 919 1149 993 foeditatem
1182 975 1198 1004 ,
1267 933 1598 1017 quatenus
1658 917 2125 991 contrahentes
2174 916 2518 990 constituit
2565 918 2632 989 in

414 1055 590 1111 statu
642 1035 1057 1135 permanenti
1110 1033 1364 1132 publici
1415 1032 1928 1107 concubinatus.
1987 1030 2323 1107 Obductio
2353 1055 2512 1106 vero
2545 1031 2634 1105 le-

414 1152 586 1250 galis
635 1150 881 1234 vestie,
939 1175 1062 1222 seu
1111 1148 1496 1234 exterioris,
1555 1164 1630 1221 ut
1680 1148 1772 1222 ita
1818 1147 2037 1221 dicam
2062 1204 2078 1232 ,
2136 1145 2504 1220 indumenti
2555 1172 2634 1221 ac

414 1267 641 1366 pallii,
698 1264 855 1338 talis
907 1290 1038 1337 non
1089 1281 1191 1336 est
1217 1321 1233 1349 ‚
1274 1279 1350 1337 ut
1384 1262 1650 1338 illorum
1687 1278 1866 1359 tegat
1899 1261 2333 1359 ignominiam
2373 1288 2454 1336 ac
2498 1278 2633 1335 tur-

416 1382 814 1481 pitudinem.
870 1378 1090 1452 Velint
1137 1378 1349 1453 nolint
1411 1378 1960 1477 pseudo-politici
1995 1435 2011 1464 ,
2068 1377 2236 1452 tales
2305 1377 2634 1452 habentur

418 1498 504 1570 ab
555 1496 872 1596 opinione
935 1494 1206 1594 publica
1241 1551 1256 1579 ,
1314 1518 1394 1567 ac
1455 1493 1710 1568 tamdiu
1773 1492 2199 1567 habebuntur
2229 1550 2248 1580 ,
2312 1494 2634 1592 quamdiu

416 1636 661 1685 sensus
710 1609 984 1685 moralis
1034 1608 1360 1706 viguerit,
1401 1633 1481 1681 ac
1528 1607 1916 1705 religiosum
1959 1607 2357 1681 elementum
2396 1608 2635 1705 persti-

418 1729 591 1802 terit.
643 1725 965 1801 Probrum
1020 1725 1089 1798 in
1140 1750 1369 1798 eorum
1418 1721 1748 1797 frontibus
1794 1722 2152 1797 indelebile
2203 1722 2448 1821 iugiter
2493 1748 2637 1797 ma—

418 1841 625 1916 nebit.
682 1841 827 1914 Nisi
884 1840 1291 1914 contendant
1338 1837 1709 1912 adversarii
1768 1836 2286 1912 concubinatum
2334 1864 2456 1912 seu
2507 1838 2640 1914 for-

427 1955 748 2029 nicariam
819 1954 1355 2029 coniunctionem
1425 1953 1851 2026 innocentem
1907 1978 1987 2026 ac
2060 1954 2415 2027 innocuam
2485 1979 2638 2028 esse

426 2069 804 2143 habendam
827 2125 843 2155 ,
906 2085 1110 2167 atque
1158 2094 1200 2141 a
1239 2068 1549 2141 vitiorum
1597 2093 1807 2142 censu
1856 2067 2212 2141 delendam
2238 2125 2255 2154 ‚
2305 2069 2636 2144 fateantur

428 2209 706 2257 necesse
743 2198 846 2256 est
888 2182 996 2256 vel
1030 2182 1253 2267 inviti,
1295 2181 1505 2279 legem
1543 2181 1763 2270 illam,
1802 2208 1980 2282 quae
2012 2182 2421 2257 christianos
2453 2184 2637 2258 cives

422 2299 491 2370 in
542 2298 1045 2372 fornicationem
1096 2296 1439 2396 publicam
1489 2297 1782 2385 inducit,
1825 2298 1953 2371 hoc
1988 2298 2138 2396 ipso
2187 2298 2505 2371 inducere
2537 2301 2634 2372 in-

419 2431 517 2488 ter
539 2415 722 2488 cives
748 2412 1067 2489 moralem
1095 2412 1611 2512 corruptionem.
1654 2413 1806 2499 Quo
1838 2438 1997 2487 vero
2030 2413 2248 2511 magis
2284 2430 2640 2510 augeretur

418 2555 740 2603 numerus
788 2555 1050 2615 eorum,
1094 2528 1211 2628 qui
1246 2527 1470 2602 alieno
1504 2528 1861 2615 scandalo,
1914 2544 2032 2602 aut
2077 2528 2383 2629 exemplo
2433 2528 2636 2603 illecti

416 2644 748 2719 eiusmodi
785 2643 1060 2742 nuptias
1097 2643 1374 2729 inirent,
1407 2668 1488 2717 eo
1515 2644 1727 2718 maior
1757 2644 1885 2716 erit
1917 2642 2447 2742 delinquentium
2474 2644 2638 2718 mul-

415 2760 629 2834 titudo
651 2820 667 2847 ‚
723 2786 804 2833 ac
852 2759 1136 2858 proinde
1186 2785 1445 2834 morum
1497 2759 1918 2859 publicorum
1969 2759 2359 2860 depravatio
2391 2819 2408 2849 ,
2461 2786 2638 2860 quae

417 2875 504 2948 ab
554 2902 634 2948 ea
682 2875 830 2972 lege
878 2878 1199 2973 originem
1253 2876 1564 2951 traheret.

567 2990 767 3062 Porro
818 2989 988 3084 legis
1040 3016 1122 3063 ac
1171 2990 1575 3088 legislatoris
1609 3017 1858 3066 munus
1896 3018 2018 3065 seu
2051 2992 2347 3066 officium
2382 3008 2486 3066 est
2518 2991 2638 3064 bo-

420 3126 547 3173 nos
598 3126 818 3175 mores
864 3127 1292 3198 promovere,
1335 3105 1594 3192 fovere,
1651 3132 1729 3181 ac
1780 3108 1851 3178 in
1902 3106 2143 3180 melius
2184 3107 2426 3203 iugiter
2472 3104 2637 3176 diri-

561 3367 665 3430 (to)
694 3370 767 3419 De
785 3367 1080 3419 eiuscemodi
1102 3369 1286 3431 nuptiis
1301 3406 1317 3431 ,
1342 3369 1609 3434 liberisque
1641 3371 1755 3423 iude
1788 3372 2051 3435 progenitis
2070 3385 2185 3425 vere
2205 3372 2383 3424 cecinit
2403 3370 2638 3423 Horatius

420 3449 505 3498 lib.
530 3451 616 3499 ln.
637 3448 719 3500 od.
742 3450 827 3498 v1.

802 3549 826 3572 «ι
857 3527 1117 3578 Foecunda
1135 3528 1306 3593 culpae
1328 3530 1526 3579 saecula
1565 3531 1763 3595 nuptias

864 3608 1079 3658 Primum
1102 3609 1449 3672 inquinavere,
1480 3613 1528 3660 et
1554 3623 1733 3675 genus,
1765 3614 1814 3661 et
1845 3609 2044 3662 domos:

988 3690 1091 3738 noo
1126 3688 1260 3740 sonte
1291 3688 1514 3740 derivata
1536 3689 1706 3741 clades

1109 3770 1165 3818 lu
1199 3769 1405 3832 patriam
1426 3767 1765 3834 populumque
1792 3769 2035 3822 nur-itm.

864 3850 970 3898 Non
994 3848 1071 3898 his
1091 3850 1320 3899 iuventus
1341 3851 1451 3899 orta
1476 3850 1756 3913 parentibus

864 3927 1036 3978 iniecit
1060 3941 1245 3991 aequor
1275 3928 1510 3992 sanguiue
1540 3929 1761 3992 Punico,

991 4008 1330 4072 Pyrrhumque
1349 4010 1400 4059 et
1421 4009 1665 4072 ingentem
1689 4010 1868 4061 cecidit

1104 4089 1432 4152 Antiochum,
1468 4090 1891 4155 Hannibalemque
1921 4091 2082 4142 dirum
2089 4129 2181 4142 .....

864 4171 1112 4219 Damnosn
1132 4168 1254 4230 quid
1280 4181 1379 4220 non
1398 4170 1650 4220 imminuit
1666 4170 1806 4222 dies?

869 4249 1013 4297 Aetas
1032 4248 1314 4309 parentum,
1332 4249 1470 4311 peior
1491 4249 1625 4311 avis,
1649 4248 1766 4298 tulit

983 4328 1082 4377 Nos
1115 4327 1399 4391 nequiores,
1437 4341 1553 4378 mox
1590 4328 1795 4378 daturos

1108 4407 1393 4472 Progeniem
1422 4407 1759 4461 vitiosorum.»
