3276 5083
896 438 1032 486 cn.
1071 439 1112 507 .¹·
1151 438 1230 489 ιιι
1275 439 1537 490 narnia.
1574 438 1798 487 civius
1828 438 2095 488 aarum.
2452 416 2581 485 241

1251 624 1662 682 ARTlCULUS
1700 625 1764 678 V.

544 828 975 888 Mattimonium
1018 824 1188 883 civile
1225 830 1433 883 natura
1462 838 1567 882 sua
1603 821 1787 882 tendlt
1817 821 1893 881 ad
1935 824 2159 882 ruinam
2202 821 2456 882 ramulae

1286 926 1345 979 et
1380 919 1690 978 societatis.

540 1133 750 1206 Grave
797 1131 1069 1230 quidem
1121 1146 1226 1205 est
1264 1130 1444 1231 quod
1496 1130 1933 1204 enunciamus
1966 1185 1983 1215 ‚
2038 1145 2107 1201 at
2155 1129 2224 1202 id
2276 1154 2407 1202 non
2459 1155 2605 1226 gra·

399 1248 565 1320 tuito
613 1247 930 1320 affirmari
976 1247 1199 1345 palam
1251 1247 1388 1320 fiet.
1431 1248 1635 1319 Nemo
1674 1245 1852 1318 enim
1898 1242 2169 1340 negabit
2201 1242 2268 1315 id
2309 1244 2380 1316 in
2411 1243 2605 1317 sami-

399 1359 532 1433 liae
579 1388 658 1434 ac
697 1362 1036 1434 societatis
1085 1360 1590 1434 dissolutionem
1632 1358 1899 1431 tandem
1935 1384 2237 1455 vergere,
2278 1357 2462 1457 quod
2495 1385 2605 1458 po-

400 1475 658 1548 tissime
696 1474 877 1548 laxat
922 1474 1188 1549 vincula
1239 1489 1379 1546 tum
1429 1472 1753 1559 familiae,
1798 1488 1936 1546 tum
1974 1472 2313 1546 societatis
2338 1529 2353 1558 ‚
2401 1472 2607 1571 quod·

403 1614 535 1687 que
559 1615 639 1661 ea
666 1590 876 1675 fovet,
909 1615 1085 1690 quae
1118 1588 1461 1689 paullatim
1496 1587 1931 1660 domesticam
1956 1585 2403 1685 socialemque
2436 1612 2608 1660 oom-

399 1727 635 1800 pagem
688 1701 1109 1777 labefactant.
1154 1702 1237 1775 At
1271 1728 1429 1776 vero
1471 1700 1539 1772 id
1573 1700 1658 1773 de
1693 1700 2113 1773 matrimonio
2160 1700 2340 1773 civili
2392 1716 2610 1774 osten·

398 1815 634 1888 demus
661 1873 676 1902 ,
728 1816 1048 1915 inspectis
1098 1815 1410 1916 pessimis
1450 1815 1598 1887 eius
1641 1812 1985 1887 effectibus
2011 1869 2027 1898 ‚
2068 1829 2207 1886 tum
2240 1814 2607 1886 universim

400 1932 469 2002 in
519 1930 904 2027 religionem
929 1987 945 2016 ,
1003 1930 1071 2001 in
1121 1930 1554 2003 domesticam
1619 1928 2093 2027 publicamque
2154 1928 2608 2002 auctoritatem

399 2058 465 2116 et
512 2045 580 2114 in
631 2070 885 2129 mores,
936 2058 1073 2116 tum
1116 2044 1508 2116 nominatim
1556 2044 1626 2114 in
1678 2042 1985 2138 coniugia
2044 2042 2228 2140 ipsa,
2292 2058 2495 2142 atque
2538 2043 2609 2113 in

403 2157 655 2254 prolem
703 2182 786 2229 ex
834 2158 922 2230 iis
973 2175 1406 2255 procreatam.

547 2269 643 2344 Ac
695 2270 909 2370 primo
959 2269 1230 2369 quidem
1281 2271 1399 2371 qui
1451 2272 1629 2347 serio
1677 2298 1815 2346 rem
1865 2272 2234 2372 perpendat
2249 2312 2273 2358 ς
2324 2271 2614 2345 inficiari

403 2408 533 2456 non
586 2384 830 2481 poterit
873 2382 1162 2458 validius
1211 2382 1549 2458 vinculum
1576 2442 1592 2471 ‚
1638 2410 1770 2486 quo
1818 2399 2077 2460 tenetur
2133 2386 2419 2460 societas
2468 2386 2619 2459 sive

399 2496 796 2585 domestica,
834 2496 1211 2574 cuiusmodi
1246 2514 1350 2572 est
1380 2498 1633 2574 familia
1656 2558 1673 2586 ‚
1716 2499 1860 2596 sive
1896 2499 2187 2600 publica,
2235 2499 2618 2576 cuiusmodi

399 2619 505 2686 est
536 2612 833 2713 politica,
866 2638 1020 2686 esse
1059 2612 1466 2712 religionem.
1502 2616 1585 2687 Et
1620 2641 1774 2688 oum
1805 2615 1892 2689 de
1926 2642 1998 2688 re
2030 2631 2266 2713 agatur
2288 2614 2357 2686 in
2390 2616 2606 2714 praxi,

403 2754 535 2802 non
591 2743 812 2804 autem
868 2727 1223 2802 theoretice
1276 2746 1344 2803 et
1391 2730 1462 2801 in
1513 2729 1850 2804 abstracto
1884 2786 1900 2816 ‚
1957 2730 2302 2828 religionis
2347 2729 2623 2802 nomine

403 2842 656 2916 nullam
707 2842 908 2917 aliam
958 2858 1220 2943 praeter
1268 2845 1467 2917 unice
1527 2847 1753 2919 veram
1820 2845 2280 2942 significamus
2302 2900 2318 2931 ‚
2384 2843 2615 2918 cuius-

409 2956 591 3029 modi
625 2972 730 3030 est
759 2956 1048 3031 ecclesia
1080 2957 1431 3031 catholica.
1459 2957 1715 3032 Caeteri
1749 2983 1982 3032 omnes
2005 2974 2260 3044 caetus,
2288 2958 2405 3057 qui
2427 2958 2623 3034 vario

404 3070 674 3143 nomine
710 3070 1135 3170 appellantur
1166 3069 1252 3143 ab
1285 3071 1570 3145 ecclesia
1611 3071 1943 3145 catholica
1983 3071 2219 3159 divisi,
2276 3097 2410 3146 non
2459 3087 2618 3143 sunt

406 3180 539 3253 nisi
587 3180 929 3279 religionis
970 3183 1195 3257 larvae
1225 3240 1242 3271 ‚
1303 3183 1663 3256 simulacra
1713 3209 1791 3258 ao
1839 3184 2349 3259 adinventiones
2398 3182 2617 3256 homi-

405 3318 565 3365 num
599 3350 615 3379 ,
679 3295 795 3393 qui
854 3319 930 3369 se
977 3295 1303 3369 adversus
1354 3294 1705 3370 ecclesiam
1757 3296 2004 3368 Christi
2061 3295 2477 3380 extulerunt,
2535 3316 2625 3365 ac

406 3406 778 3506 perduelles
829 3409 1117 3484 suerunt.
1165 3411 1400 3510 ltaque
1432 3426 1685 3483 certum
1725 3426 1831 3484 est
1864 3410 2161 3482 divinam
2196 3406 2623 3504 religionem‚

408 3519 731 3618 quamdiu
764 3524 966 3619 viget,
1008 3538 1308 3625 potenter
1353 3543 1551 3620 agere
1583 3524 1651 3594 in
1694 3524 2040 3597 hominum
2076 3537 2362 3598 mentem
2395 3546 2476 3594 ac
2506 3544 2618 3594 vo·

405 3633 753 3708 luntatem.
813 3636 995 3710 Talis
1057 3654 1165 3711 est
1210 3638 1355 3710 eius
1404 3637 1652 3724 virtus,
1710 3652 1786 3710 ut
1833 3663 1966 3711 non
2017 3636 2233 3710 solum
2283 3660 2434 3707 cum
2484 3631 2619 3705 alia

410 3746 694 3821 conferri
741 3748 1017 3823 minime
1065 3751 1282 3850 possit
1306 3807 1321 3835 ‚
1380 3750 1500 3824 sed
1548 3751 1731 3849 quod
1777 3750 1925 3823 eius
1976 3748 2287 3848 supplere
2327 3746 2614 3821 defectui

412 3877 617 3961 queat
656 3861 827 3934 nihil
879 3866 1271 3962 reperiatur.
1315 3865 1472 3964 Ipsa
1522 3865 1669 3938 sola
1722 3863 2066 3938 hominum
2118 3863 2377 3936 animos
2428 3860 2618 3935 cohi·

409 3973 553 4062 bet,
606 3975 760 4073 ipsa
809 3975 952 4049 sola
1002 3977 1235 4051 intima
1283 3979 1431 4069 eius
1476 3977 1841 4077 penetralia
1889 3975 2229 4076 pervadit,
2269 4002 2350 4049 ac
2383 3977 2576 4050 sinus
2595 4033 2610 4062 ‚

412 4089 842 4190 imtimosque
875 4089 1087 4164 ambit
1124 4119 1429 4168 recessus
1472 4118 1741 4180 omnes;
1788 4118 1974 4166 amor
2006 4118 2088 4166 ac
2118 4093 2315 4166 timor
2345 4093 2617 4166 immen-

412 4229 562 4276 sum
611 4221 920 4279 exercent
967 4205 1316 4305 imperium
1359 4207 1429 4280 in
1481 4206 1827 4279 hominum
1874 4205 2176 4294 decreta,
2224 4205 2505 4282 consilia
2553 4218 2622 4278 et

413 4317 728 4394 actiones.
777 4318 1009 4394 Cetera
1057 4336 1239 4395 extra
1291 4321 1674 4418 religionem
1724 4321 2080 4397 constituta
2121 4347 2254 4395 non
2304 4318 2620 4395 cohibent

2462 4449 2526 4498 ιο
