3276 5083
536 456 783 507 cAr.1v.
810 456 890 505 nr
916 454 1151 504 Ancum.
1180 453 1309 503 rno-
1324 454 1480 505 rear.
1507 454 1584 504 nr
1609 455 1800 505 nra.
1826 453 1952 505 civ.
1983 455 2124 504 Aur.
2151 456 2220 503 ιι.
2381 430 2510 503 381

317 576 519 649 relate
568 573 655 647 ad
706 573 931 646 omnia
982 587 1383 671 temporum,
1438 570 1735 646 locorum
1786 598 1867 645 ac
1915 596 2352 673 personarum
2405 574 2526 647 ad-

313 693 563 765 iuncta.
619 688 961 788 Siquidem
1012 688 1070 761 si
1124 713 1230 761 res
1279 687 1370 759 sit
1417 686 1635 774 mala,
1694 687 1981 775 iniusta,
2039 687 2394 761 inhonesta
2446 714 2525 762 ac

316 805 547 891 noxia,
604 803 969 877 absurdum
1018 801 1222 901 plane
1270 801 1437 875 foret
1485 801 1571 874 ad
1624 801 1905 874 aliorum
1956 802 2336 900 exemplum
2383 828 2531 902 pro-

315 945 577 993 vocare.
625 919 1003 1017 Numquam
1041 916 1284 1014 poterit
1315 915 1645 988 eiusmodi
1679 914 2058 1015 exemplum
2096 915 2189 988 rei
2227 932 2530 989 naturam

317 1034 690 1105 immutare.
746 1032 816 1103 Si
868 1030 1079 1130 aliqui
1127 1046 1424 1102 amentes
1475 1054 1555 1101 ac
1603 1028 1800 1101 deliri
1837 1029 1906 1100 in
1943 1056 2019 1103 se
2054 1030 2238 1130 ipsos
2290 1057 2531 1104 manus

317 1148 761 1223 consciverint
784 1205 799 1233 ‚
857 1172 935 1219 se
981 1144 1479 1218 excaecaverint
1501 1200 1517 1230 ,
1560 1144 1631 1215 in
1685 1169 2008 1243 praeceps
2061 1170 2134 1218 se
2182 1145 2524 1230 dederint,

319 1262 584 1334 nemine
620 1260 1060 1346 reclamante,
1102 1258 1326 1333 afferri
1362 1284 1446 1331 ne
1480 1258 1658 1331 serio
1709 1275 1940 1355 posset
1989 1258 2268 1333 istorum
2319 1285 2535 1333 exem-

318 1377 502 1475 plum
538 1376 623 1448 ad
660 1376 808 1449 illas
842 1376 1139 1449 actiones
1187 1374 1729 1449 cohonestandas
1783 1374 2367 1474 sanciendasque?
2403 1377 2531 1462 Qui

319 1493 593 1565 rationis
645 1510 862 1565 rectae
913 1491 1184 1565 ductum
1253 1505 1653 1590 sequenteS,
1712 1490 2102 1588 praesertim
2155 1491 2529 1579 admoniti,

320 1633 404 1680 ne
450 1607 603 1680 illos
654 1607 1029 1692 imitentur,
1073 1605 1159 1677 ab
1207 1631 1436 1678 eorum
1490 1631 1698 1704 pravo
1748 1605 2052 1704 exemplo
2101 1606 2428 1681 imitando
2462 1630 2537 1682 se

317 1746 393 1793 se
443 1720 867 1805 abstineant,
924 1720 1153 1794 nescio
1203 1745 1291 1791 an
1343 1717 1620 1791 minoris
1672 1718 2071 1791 aestimandi
2124 1721 2282 1793 sint.
2327 1722 2535 1795 Immo

316 1837 471 1936 quis
523 1864 656 1910 non
711 1836 958 1910 habeat
1005 1836 1102 1907 uti
1149 1833 1430 1907 stolidas
1477 1833 1772 1932 pecudes
1809 1833 2001 1920 illas,
2041 1860 2217 1933 quae
2251 1861 2401 1907 cum
2435 1836 2539 1907 vi-

316 1951 537 2024 derint
590 1951 915 2050 pecudem
971 1950 1257 2047 primam
1311 1951 1378 2019 in
1432 1948 1757 2047 abyssum
1808 1976 1882 2022 se
1933 1950 2258 2047 proiicere
2284 2008 2300 2037 ,
2357 1950 2536 2024 illico

323 2065 503 2137 illam
565 2080 982 2163 sequuntur,
1039 2088 1118 2135 ac
1168 2062 1452 2161 proinde
1503 2088 1577 2135 se
1626 2062 2009 2136 collidunt?
2063 2064 2244 2135 ldem
2294 2064 2404 2137 dic
2452 2066 2539 2139 de

322 2178 433 2266 iis,
474 2179 591 2280 qui
627 2179 1133 2274 indignarentur
1165 2178 1233 2248 in
1272 2175 1460 2263 illos,
1502 2176 1618 2275 qui
1654 2177 1740 2248 de
1783 2177 2079 2276 periculo
2129 2179 2315 2276 ipsos
2365 2204 2539 2252 com-

321 2293 837 2367 monefacerent.

468 2409 649 2481 Talis
684 2434 883 2507 porro
922 2424 1027 2481 est
1069 2407 1168 2481 lex
1206 2407 1291 2481 de
1323 2408 1658 2505 coniugiis
1710 2434 1891 2481 mere
1943 2408 2256 2483 civilibus
2279 2466 2294 2495 ‚
2336 2436 2539 2510 quam

323 2522 647 2598 hactenus
682 2524 1094 2598 ostendimus
1131 2524 1657 2624 protestantismi
1698 2525 2040 2598 inventum
2068 2583 2083 2612 ,
2119 2523 2426 2624 publicae
2459 2552 2540 2599 ac

324 2639 617 2737 privatae
665 2639 999 2712 honestati
1038 2640 1437 2713 contrariam
1463 2696 1478 2724 ‚
1521 2638 1817 2711 familiae
1852 2639 2331 2738 societatisque
2364 2640 2541 2713 bono

324 2752 675 2826 adversam
709 2811 724 2840 ‚
784 2752 1089 2853 impiam,
1145 2754 1562 2852 tyrannicam
1587 2811 1603 2839 ‚
1666 2752 1971 2850 religioni
2009 2752 2378 2827 catholicae
2413 2755 2544 2825 ini-

323 2869 561 2940 micam
594 2926 610 2952 ,
667 2894 745 2940 ac
793 2867 1088 2967 denique
1138 2868 1268 2940 sub
1316 2868 1497 2942 omni
1558 2884 1869 2968 respectu
1933 2868 2201 2942 noxiam
2252 2886 2320 2943 et
2367 2871 2541 2943 anti-

324 2980 687 3078 politicam.
750 2982 937 3067 Quae
995 3008 1145 3056 cum
1210 2984 1302 3055 ita
1361 2984 1496 3070 sit,
1554 2983 1794 3083 ecquid
1863 2984 2117 3057 confert
2163 2985 2538 3087 exemplum

325 3095 467 3168 sive
517 3094 800 3191 gallicae
850 3096 991 3170 sive
1048 3097 1349 3195 belgicae
1414 3098 1864 3195 legislationis
1915 3100 2002 3173 ad
2053 3127 2200 3174 eam
2249 3100 2542 3175 cohone-

325 3210 693 3284 standam?
725 3212 792 3282 Si
830 3211 1174 3307 regionum
1213 3212 1474 3285 illarum
1526 3214 2079 3313 pseudo-politici
2115 3215 2405 3311 graviter
2435 3241 2543 3289 er-

327 3342 553 3398 rarunt
604 3352 750 3398 eam
803 3326 1218 3427 adoptando,
1277 3326 1538 3401 illorum
1589 3355 1775 3403 error
1823 3356 2256 3429 praemonere
2315 3330 2538 3429 potius

322 3440 521 3514 debet
568 3441 927 3539 prudentes
980 3442 1395 3538 legislatores
1418 3500 1433 3529 ,
1490 3459 1565 3515 ut
1611 3444 1699 3516 ab
1748 3445 1983 3517 eodem
2036 3462 2335 3518 caveant.

470 3554 775 3643 Accedit,
831 3558 1009 3657 quod
1064 3557 1393 3657 legislatio
1459 3557 1702 3656 gallica
1764 3560 1977 3657 legem
2033 3561 2211 3634 hanc
2262 3561 2542 3659 adopta-

321 3671 490 3744 verit
529 3697 679 3745 cum
731 3672 1057 3747 ferverent
1103 3673 1338 3748 civiles
1386 3690 1603 3748 motus
1640 3701 1718 3750 ac
1753 3676 2129 3750 seditiones
2168 3676 2301 3749 sub
2338 3678 2535 3749 finem

320 3785 533 3884 elapsi
572 3787 820 3858 saeculi
865 3791 1038 3883 (57),
1080 3815 1232 3862 cum
1270 3790 1494 3862 omnia
1528 3789 1824 3863 bumana
1853 3817 1934 3864 ac
1960 3791 2203 3865 divina
2239 3792 2385 3864 iura
2421 3818 2538 3865 sus

461 4000 565 4062 (57)
597 3998 674 4048 cr.
711 4002 802 4051 Les
831 3999 981 4051 codes
1006 4001 1255 4063 francof-5
1284 4004 1589 4055 collaltones
1609 4017 1709 4056 sur
1735 4004 1809 4056 les
1832 4007 1997 4056 texte-s
2033 4004 2258 4068 officials
2286 4019 2374 4068 par
2395 4006 2544 4057 Louis

322 4079 530 4142 Tripter.
557 4080 694 4130 Paris
715 4085 851 4131 185⁴.
876 4082 943 4132 ibi
968 4083 1054 4134 liv.
1080 4093 1122 4134 t.
1141 4086 1274 4136 Titre
1294 4086 1570 4150 cloquiemc
1587 4085 1664 4137 du
1683 4089 1919 4151 καινίσαι
1936 4086 2166 4138 habetur:
2189 4090 2542 4138 constitution

314 4156 587 4221 francam
607 4159 675 4210 du
700 4166 821 4212 5-14.
843 4165 976 4226 Sept.
1000 4167 1133 4215 1781.
1154 4166 1257 4216 titr.
1282 4167 1300 4215 1
1346 4187 1369 4208 a
1396 4169 1461 4217 La
1485 4166 1551 4217 lot
1572 4180 1633 4217 ne
1653 4168 1907 4218 caustum
1929 4169 1976 4219 le
1995 4169 2207 4232 nnariage
2228 4182 2326 4231 quc
2347 4182 2540 4219 cornute

320 4241 537 4290 conti-act
557 4241 725 4291 civita»
744 4241 982 4305 cbapsll.
1004 4247 1101 4294 Des
1120 4244 1388 4296 formalitcs
1406 4245 1437 4294 a
1457 4246 1505 4296 la
1524 4247 1752 4297 celebrat.
1770 4247 1836 4297 du
1855 4248 2068 4311 mariage
2088 4250 2180 4299 art.
2200 4255 2301 4299 165.
2324 4270 2347 4291 c·
2363 4252 2431 4300 Lo
2444 4263 2543 4298 ma·

319 4319 449 4444 :linge
483 4322 814 4460 aga-celebre
850 4323 1220 4387 publtqucment
1258 4325 1439 4376 elevant
1480 4325 1923 4379 l'offlcier'eivildu
1947 4327 2177 4380 donttcile
2198 4329 2262 4378 de
2291 4329 2421 4379 l’une
2458 4329 2545 4378 des

354 4410 445 4446 eux
600 4413 716 4449 wau
