3276 5083
596 472 929 524 mamus
965 472 1199 528 mmsr.
1236 477 1545 530 com-nm.
1588 480 1732 532 Aur.
1765 480 1861 531 ιιι.
1896 480 2130 533 Anauni.
2175 481 2400 532 rasos.
2513 458 2643 532 161

422 593 546 691 qui
583 594 972 680 assisteret,
1013 611 1282 695 accepta
1330 599 1475 669 sive
1522 596 1608 670 ab
1659 595 1808 683 ilio,
1862 598 2007 672 sive
2056 597 2146 671 ab
2191 599 2530 674 ordinario
2563 602 2651 674 ad

424 706 500 778 id
557 706 865 780 facultate
897 710 1076 804 (47).

575 822 763 908 Quae
798 849 949 896 eum
995 824 1088 897 ita
1122 851 1198 899 se
1230 824 1558 914 habeant,
1604 851 1889 926 pronum
1922 842 2028 900 est
2065 826 2377 925 colligere
2407 851 2489 901 ex
2523 829 2653 903 hac

424 937 669 1035 agendi
705 938 1175 1039 sentiendique
1209 939 1463 1013 ratione
1504 940 2014 1014 tridentinorum
2048 956 2308 1042 patrum
2327 998 2345 1029 ,
2390 967 2507 1017 eos
2532 968 2653 1042 pro

400 1068 604 1144 certo
641 1051 970 1133 habuisse
1006 1055 1041 1123 1
1061 1110 1077 1124 .
1100 1054 1525 1129 matrimonia
1559 1054 1983 1130 clandestina
2005 1080 2165 1129 vera
2189 1056 2403 1131 fuisse
2426 1082 2654 1132 sacra·

418 1182 649 1239 menta
666 1222 683 1253 ‚
716 1180 785 1238 et
807 1165 1050 1240 exinde
1075 1181 1277 1242 totam
1304 1183 1517 1241 ortam
1552 1168 2017 1246 difficultatem
2035 1227 2051 1258 ,
2087 1197 2248 1244 num
2274 1187 2505 1272 posset
2531 1196 2656 1248 nec

422 1306 509 1354 ne
558 1279 849 1355 ecclesia
897 1279 1014 1354 illa
1063 1282 1362 1368 irritare3
1421 1285 1489 1354 2.
1529 1285 1677 1358 Non
1718 1284 2046 1382 distingui
2094 1286 2167 1357 in
2200 1301 2538 1374 concreto,
2576 1303 2653 1360 ut

420 1396 649 1482 aiunt,
701 1411 1189 1469 sacramentum
1234 1423 1276 1471 a
1318 1413 1660 1472 contractu
1704 1400 1776 1470 in
1817 1398 2153 1497 coniugiis
2205 1399 2505 1474 fidelium
2527 1457 2544 1488 ‚
2588 1416 2655 1474 et

423 1509 579 1583 ideo
600 1566 616 1595 ,
654 1509 753 1582 uti
781 1510 1085 1583 nonnulli
1121 1511 1494 1586 inferebant
1520 1570 1536 1600 ,
1578 1539 1712 1586 non
1749 1539 1951 1614 posse
1985 1512 2338 1587 ecclesiam
2390 1515 2653 1589 irritare

419 1640 828 1698 contractum
847 1681 863 1712 ,
904 1625 1072 1724 quin
1107 1627 1398 1700 irritaret
1432 1643 1739 1702 naturam
1767 1629 2203 1715 sacramenti;
2241 1632 2308 1701 3.
2336 1654 2653 1728 praesen-

310 1819 316 1824 ,
419 1740 582 1814 tiam
619 1740 993 1815 sacerdotis
1028 1767 1163 1814 non
1203 1743 1454 1841 requiri
1501 1742 1587 1817 de
1626 1743 2027 1818 necessitate
2062 1744 2496 1830 sacramenti,
2529 1745 2650 1820 sed

417 1880 499 1929 ex
535 1855 866 1929 ecclesiae
917 1856 1374 1930 tantummodo
1415 1857 1896 1958 dispositione,
1938 1858 2239 1958 alioquin
2283 1885 2650 1960 numquam

417 1968 866 2069 disceptatum
893 1968 1136 2044 fuisset
1155 1985 1379 2043 utrum
1406 1971 1696 2058 scribae,
1730 1987 1846 2045 aut
1870 1972 2238 2048 sacerdotis
2261 1987 2443 2047 esset
2467 1998 2654 2072 prae-

415 2084 636 2159 sentia
683 2084 1161 2183 praeferenda3
1216 2087 1281 2156 4.
1318 2085 1495 2158 hano
1539 2086 1987 2185 praesentiam
2030 2087 2282 2185 requiri
2310 2103 2386 2160 ut
2409 2088 2605 2161 testis
2625 2144 2643 2173 ‚

417 2214 500 2271 ut
529 2198 748 2286 aiunt,
787 2199 1186 2298 qualificati,
1244 2225 1380 2298 quo
1430 2199 1702 2273 fraudes
1753 2214 2345 2298 praecaverentur,
2402 2200 2497 2271 ita
2544 2214 2642 2287 ut,

418 2336 504 2386 eo
542 2311 743 2386 etiam
775 2311 1170 2399 reluctante,
1202 2312 1585 2409 coniugium
1613 2311 1921 2385 validum
1957 2312 2083 2399 sit,
2127 2311 2187 2385 si
2213 2326 2475 2385 caetera
2496 2336 2652 2385 con·

415 2442 692 2502 currant
724 2453 765 2500 a
802 2426 1166 2501 tridentino
1204 2428 1661 2527 praescripta;
1716 2430 1784 2499 5.
1820 2425 2157 2527 adeoque,
2198 2426 2379 2526 quod
2413 2450 2651 2501 conse-

411 2569 633 2645 quens
670 2560 805 2633 est,
842 2570 1061 2647 neque
1102 2544 1512 2619 sacerdotem
1547 2570 1703 2620 esse
1734 2544 2030 2641 coniugii
2065 2541 2443 2617 ministrum
2465 2599 2482 2630 ,
2526 2567 2650 2617 nec

409 2659 644 2748 verba,
665 2685 845 2760 quae
868 2659 956 2734 ab
981 2684 1060 2733 eo
1085 2658 1538 2759 proferuntur:
1570 2660 1716 2759 qu
1738 2686 1853 2734 vos
1879 2661 2220 2757 coniunqo,
2241 2682 2398 2732 esse
2430 2682 2649 2733 sacra·

410 2774 618 2847 menti
669 2773 976 2848 sormam.

557 2888 787 2962 Talem
811 2915 1009 2989 porro
1026 2889 1536 2964 tridentinorum
1564 2905 1826 2991 patrum
1854 2904 2143 2963 mentem
2169 2888 2383 2963 fuisse
2401 2944 2418 2976 ,
2452 2913 2646 2987 prae-

412 3019 513 3077 ter
546 3012 664 3091 ea,
704 3016 883 3103 quae
932 3002 1135 3077 allata
1185 3020 1377 3092 sunt,
1419 3004 1703 3078 mirifice
1736 3003 2169 3078 confirmatur
2202 3029 2283 3075 ex
2319 3003 2493 3102 ipsis
2528 3027 2648 3101 op-

413 3118 942 3217 pugnationibus
1006 3117 1196 3191 Pauli
1261 3118 1479 3217 Sarpii
1504 3175 1519 3206 ,
1576 3118 1696 3217 qui
1748 3116 1834 3189 de
1883 3143 2068 3190 more
2115 3141 2198 3189 ex
2245 3113 2471 3189 alieno
2530 3138 2649 3188 ore

411 3232 755 3307 decretum
807 3232 1241 3307 tridentinum
1293 3232 1589 3330 maligno
1624 3231 1823 3306 dente
1857 3232 2095 3331 carpit.
2139 3230 2406 3303 Etenim
2426 3286 2443 3317 ,
2487 3228 2648 3303 scri·

409 3347 513 3422 bit
559 3349 742 3448 ipse,
798 3348 1175 3448 complures
1211 3372 1344 3422 non
1381 3348 1755 3445 intelligere
1803 3349 2081 3446 quinam
2131 3344 2527 3420 definiretur
2567 3368 2649 3416 ea

421 3463 888 3558 (clandestina
936 3464 1299 3562 coniugia)
1357 3464 1571 3538 fuisse
1620 3489 1780 3537 vera
1828 3477 2278 3548 sacramenta,
2322 3476 2391 3533 et
2425 3476 2648 3533 tamen

410 3577 768 3653 ecclesiam
801 3579 1038 3655 eadem
1082 3605 1348 3679 semper
1378 3579 1772 3653 detestatam
1809 3579 2057 3665 fuisse,
2108 3603 2260 3651 cum
2313 3576 2457 3649 fieri
2514 3598 2648 3654 non

417 3695 639 3796 possit
682 3712 754 3769 ut
801 3695 1089 3771 ecclesia
1138 3712 1556 3770 sacramenta
1603 3696 1998 3781 detestetur;
2057 3693 2293 3767 nolens
2344 3690 2651 3765 animad-

413 3826 673 3887 vertere
710 3811 1065 3887 ecclesiam
1108 3838 1242 3885 non
1281 3826 1700 3885 sacramenta
1734 3811 1804 3882 in
1842 3836 1918 3884 se
1937 3866 1953 3897 ,
1996 3808 2117 3883 sed
2152 3806 2397 3881 malam
2434 3806 2652 3881 susci-

555 4069 658 4131 (47)
686 4069 795 4119 Lib.
824 4070 1002 4119 xxm.
1025 4081 1134 4133 cap.
1159 4071 1243 4121 vi.
1264 4081 1316 4119 n.
1342 4070 1539 4121 ¹7.}loc
1560 4068 1723 4132 ipsum
1746 4067 2107 4130 argumentum,
2136 4063 2270 4128 quod
2292 4063 2569 4115 desumitur
2588 4076 2650 4115 ex

411 4149 607 4200 concilii
633 4149 889 4200 tridentini
912 4149 1035 4200 actis
1052 4149 1116 4199 ad
1135 4148 1490 4201 ostendendum
1509 4185 1524 4211 ,
1545 4150 1712 4213 patres
1741 4148 1856 4198 ilios
1890 4147 2031 4209 longe
2054 4145 2269 4196 abfuisse
2292 4159 2322 4195 a
2335 4145 2573 4195 sententia
2592 4143 2655 4192 dc

414 4229 671 4280 sacerdote
691 4230 984 4280 sacramenti
1013 4228 1312 4279 matrimonii
1334 4229 1576 4292 ministro,
1599 4228 1708 4279 fuse
1736 4241 1796 4278 ac
1822 4223 1966 4277 docte
1988 4226 2174 4278 evolvit
2199 4225 2493 4277 Benedictus
2517 4220 2647 4274 xiv.

416 4307 467 4357 iu
479 4308 566 4359 cit.
584 4310 729 4359 Brevi
743 4309 806 4359 sd
823 4308 1090 4359 Antonium
1108 4309 1393 4372 archiepisc.
1409 4310 1654 4371 Gonnum,
1677 4306 1812 4371 quod
1835 4305 2073 4371 reperitur
2092 4306 2143 4356 in
2159 4304 2428 4369 appendice
2446 4301 2508 4352 ad
2529 4302 2654 4352 eius·

416 4386 528 4438 dem
550 4388 799 4451 pontilicis
822 4387 1094 4439 Baliarium
1115 4388 1195 4439 ed.
1220 4390 1394 4440 venet.
1421 4392 1556 4439 1784.

2504 4494 2562 4545 ti
