3276 5083
538 458 677 506 mr.
705 458 751 504 1.
780 456 922 505 Am·-
953 456 1046 504 ιιι.
1074 456 1153 504 m:
1180 456 1387 505 vsmr.
1414 456 1588 506 saon.
1612 455 1800 505 nnn.
1825 456 1906 506 nx
1930 457 2184 506 rsus.
2209 456 2411 506 raum.
2523 433 2609 505 45
2653 518 2654 521 Ἴ

386 590 573 674 patet
621 573 803 647 haud
856 596 1121 671 paucos·
1137 588 1412 646 'veteres
1460 572 1765 671 Apostoli
1829 572 2031 645 verba
2085 574 2480 673 exposuisse
2528 573 2615 649 de

384 690 706 786 coniugio
728 747 743 775 ,
802 705 1137 787 quatenus
1187 705 1300 761 aut
1348 705 1503 761 ante
1553 687 1804 760 Christi
1840 687 2195 760 adventum
2231 704 2464 787 typum
2500 706 2615 786 ge?

390 805 586 878 rebat
630 804 889 876 futurae
938 804 1425 877 coniunctionis
1460 802 1708 875 Christi
1761 796 1913 875 cum
1954 801 2271 888 ecclesia,
2297 818 2429 876 'aut
2464 822 2618 902 post

392 921 541 994 eius
587 919 946 992 adventum
965 974 983 1003 ‚
1026 917 1331 991 eamdem
1375 917 1907 991 coniunctionem
1955 942 2036 991 ac
2085 917 2479 1016 mysterium
2511 919 2616 990 in-

389 1032 798 1106 carnationis
851 1031 918 1102 in
978 1056 1051 1104 se
1082 1047 1596 1129 repraesentat,
1654 1031 1848 1104 cuius
1899 1031 2166 1128 signum
2216 1057 2306 1116 ac,
2346 1031 2616 1131 symbo*

385 1147 523 1219 lum
571 1163 725 1232 est,
785 1162 851 1218 et
900 1145 1173 1244 quidem
1225 1145 1461 1219 efficax
1512 1145 1766 1242 gratiae
1817 1144 1904 1219 ad
1955 1146 2185 1218 munia
2233 1144 2611 1244 implenda,

385 1288 568 1360 quae
601 1261 852 1334 ibidem
883 1258 1243 1359 Apostolus
1295 1260 1694 1357 coniugibus
1730 1258 2119 1332 christianis
2166 1260 2609 1357 commendat.

392 1378 627 1475 Neque
675 1376 783 1448 his
836 1375 1140 1474 patribus
1191 1375 1306 1447 alii
1356 1373 1830 1460 adversantur,
1903 1374 2021 1471 qui
2065 1373 2617 1457 >benedictionem
2660 1470 2663 1474 Δ

392 1492 701 1563 seu-vim
751 1488 1497 1587 gratiae-conserendae
1552 1489 1885 1585 coniugiis
1936 1487 2453 1571 christianorum
2479 1562 2486 1571 ,
2511 1508 2616 1561 re*

388 1621 620 1703 petunt
679 1630 762 1676 ex
810 1602 1285 1691 benedictione¹
1332 1630 1372 1675 a
1418 1602 1701 1702 ‘Christo
1728 1601 2010 1691 ¹adiecta
2060 1602 2134 1672 in·
2182 1602 2436 1700 nuptiis
2473 1602 2619 1707 'Ca-

386 1745 512 1791 nae
545 1720 774 1813 (118).
826 1740 835 1793 i

531 1831 729 1903 Nulla
764 1832 971 1928 igitur
1007 1832 1260 1904 ratione
1293 1833 1509 1906 omitti
1542 1831 1748 1904 debet*
1781 1848 2241 1929 argumentum
2290 1829 2614 1915 biblicum

386 1945 569 2044 quod
621 1944 783 2018 licet
828 1971 948 2043 per
998 1972 1110 2032 se,
1167 1959 1241 2017 ut
1283 1946 1705 2031 monuimus,
1765 1946 1991 2033 minus
2041 1944 2279 2032 efficax
2326 1945 2413 2018 ad
2465 1966 2620 2044 pro-

385 2059 685 2132 bandum
739 2058 956 2132 videri
1009 2060 1258 2156 possit,
1317 2086 1452 2158 quo
1504 2086 1713 2134 sensu
1761 2060 2215 2133 tridentinum·
2260 2058 2622 2133 affirmavit

390 2172 785 2271 Apostolum
848 2175 916 2247 in
975 2175 1263 2248 adducto
1332 2191 1512 2247 textu
1583 2177 1900 2247 innuisse¹
1936 2174 2280 2247 Christum
2337 2174 2620 2269 gratiam

396 2289 721 2374 conferre,
761 2315 929 2387 quae
965 2315 1258 2363 amorem
1311 2290 1681 2361 naturalem
1732 2288 2114 2386 perficeret,
2166 2288 2622 2385 coniugesque

394 2401 872 2489 sanctificaret;
915 2405 971 2476 si
1011 2403 1450 2477 nihilominus
1502 2418 1841 2501 spectetur
1889 2424 2150 2489 sensusj
2175 2400 2620 2489 traditionalis

388 2517 493 2591 vel
546 2545 587 2590 a
638 2517 875 2616 primis
925 2517 1250 2592 ecclesiae
1316 2516 1595 2590 seculis*
1632 2532 1774 2588 tum
1823 2516 1894 2588 in
1945 2514 2486 2592 sacramentariis
2535 2538 2617 2608 ac

394 2632 752 2721 ritualibus
802 2632 995 2705 libris
1021 2690 1036 2720 ,
1098 2650 1236 2706 tum
1287 2660 1328 2705 a
1378 2631 2013 2730 rom.‚pontificibus
2064 2657 2144 2705 ac
2185 2655 2278 2705 ss.·
2313 2630 2619 2728 patribus

388 2748 646 2846 passim
672 2805 687 2833 ,
746 2763 945 2846 atque
994 2747 1079 2819 ab
1131 2746 1602 2846 interpretibus
1654 2746 2004 2820 catholicis
2041 2763 2375 2846 receptus,
2416 2761 2621 2846 atque

389 2888 469 2934 ex
509 2862 853 2936 communi
907 2861 1460 2935 scholasticorum
1509 2862 1949 2948 consensione
1971 2921 1987 2948 ,
2045 2863 2162 2960 qui
2212 2861 2375 2935 huic
2426 2862 2622 2952 inniti

392 2976 599 3048 textui
646 2975 924 3073 paulino
975 2991 1463 3049 consueverunt
1510 2975 1594 3047 ad
1646 2975 2064 3048 statuendam
2111 2976 2459 3049 veritatem
2515 3001 2618 3048 sa-

393 3091 711 3163 cramenti
748 3090 1179 3175 matrimonii,
1213 3091 1348 3163 vim
1383 3089 1836 3164 omnimodam
1870 3089 1956 3162 ad
1995 3088 2417 3187 probandum
2437 3115 2624 3187 pau-

390 3204 568 3278 linus
623 3219 845 3277 textus
880 3205 1155 3279 obtinet.
1191 3205 1434 3277 Saltem
1470 3220 1727 3278 veteres
1753 3230 1998 3294 2omnes
2021 3263 2037 3292 ,
2080 3205 2198 3303 qui
2231 3206 2624 3276 sacramenti

388 3344 617 3391 vocem
668 3318 798 3390 hoc
851 3319 920 3388 in
972 3334 1150 3392 textu
1193 3317 1277 3389 ab
1317 3318 1634 3416 Apostolo
1687 3317 2059 3390 adhibitam
2110 3332 2515 3390 censuerunt
2547 3317 2616 3388 in
2666 3342 2680 3358 ·

396 3456 601 3503 sensu
650 3432 1051 3505 sacramenti
1104 3456 1339 3528 presse
1390 3432 1641 3529 sumpti
1676 3431 1763 3502 de
1797 3432 1990 3527 signo
2035 3457 2228 3505 sacro
2260 3448 2325 3503 et
2357 3429 2616 3503 efficaci

395 3547 683 3640 gratiae,
743 3546 1014 3619 totidem
1065 3561 1227 3618 sunt
1273 3545 1786 3645 locupletissimi
1817 3562 2042 3638 ¹testes
2081 3545 2383 3620 veritatis
2409 3544 2624 3630 ¹huius

545 3770 675 3832 (118)
708 3770 853 3827 Quod
871 3770 1062 3820 calmet
1084 3771 1367 3820 Commeat.
1392 3769 1442 3819 in
1464 3770 1514 3819 h.
1541 3771 1635 3821 loc.
1659 3771 2006 3822 animadvertit
2025 3770 2264 3821 scribens:
2294 3788 2320 3814 ι
2337 3769 2629 3834 coniugium

389 3845 525 3898 Adae
553 3850 604 3897 et
636 3851 768 3897 Evae
795 3851 939 3911 typus
969 3848 1076 3898 erat
1109 3848 1324 3910 coniugii
1360 3848 1485 3898 inter
1526 3851 1688 3898 lesum
1719 3851 1972 3900 Christum
2000 3851 2049 3899 et
2080 3847 2361 3909 eeclesiam
2382 3848 2478 3897 hoc
2512 3860 2629 3898 vero

387 3927 513 3978 inter
540 3930 704 3978 lesum
732 3928 983 3979 christum
1016 3929 1067 3978 et
1096 3927 1353 3978 ecclesiam
1382 3927 1538 3978 forma
1569 3928 1671 3988 est,
1705 3931 1853 3992 atque
1883 3928 2132 3991 exemplar
2154 3927 2314 3990 illius,
2337 3926 2471 3990 quod
2503 3927 2632 3979 inter

388 4006 741 4057 Christifideles
785 4007 1006 4058 habetur.
1044 4009 1152 4057 Hoc
1187 4007 1412 4057 Salvator
1460 4006 1524 4057 ad
1569 4010 1859 4058 sacramenti
1915 4007 2199 4069 dignitatem
2244 4007 2441 4068 evexit,
2487 4005 2631 4069 eique

389 4086 596 4148 gratiam
617 4099 759 4136 suam
784 4085 986 4147 tribuit,
1007 4086 1087 4136 vel
1104 4099 1219 4136 cum
1241 4084 1403 4135 adfuit
1431 4085 1617 4149 nuptiis
1641 4085 1832 4148 Canae,
1865 4086 1940 4136 vel
1976 4098 2089 4134 cum
2120 4084 2289 4137 docuit
2319 4088 2407 4135 aut
2438 4098 2527 4149 per
2556 4097 2628 4147 ae,

388 4167 475 4215 ant
498 4165 749 4228 apostotos
782 4178 900 4216 suos
935 4164 1153 4216 fidelium
1184 4165 1468 4228 coniugium
1505 4163 1768 4227 imaginem
1797 4177 1901 4215 ease
1939 4165 2386 4217 unionis-eiusdem
2411 4177 2527 4216 cum
2553 4177 2628 4214 ec·

384 4245 593 4294 desit.»

534 4323 614 4374 cr.
633 4324 784 4374 ctiam
804 4324 1028 4376 'Pitinum
1048 4324 1156 4386 hic,
1177 4338 1270 4375 nec
1290 4337 1390 4375 uon
1410 4323 1592 4374 Btblta
1608 4325 1847 4375 maxima
1865 4326 2084 4387 p.10.1›e
2099 4325 2150 4375 la
2163 4326 2299 4388 Haye
2311 4326 2432 4380 tom,
2445 4323 2620 4374 xvm.

384 4404 435 4452 ta
460 4405 512 4453 h.
530 4404 628 4455 loc.
647 4404 754 4455 sive
776 4406 1104 4456 controvers.
1123 4403 1274 4466 Met.
1309 4406 1553 4456 controv.
1576 4405 1815 4457 XXVII.
1840 4406 2295 4460 Dematrtmonto.
