3276 5083
696 423 830 491 155
960 475 965 482 .
1116 444 1235 494 us.
1271 445 1317 493 1.
1352 442 1525 492 secr.
1558 443 1605 492 1.
1643 442 1721 492 nn
1757 442 2018 494 unuln.
2052 441 2483 492 saeuum-ro.

686 560 1155 635 adnotavimus
1177 617 1192 646 ,
1251 559 1531 633 refertur
1562 558 1650 631 ad
1687 559 2008 632 rationem
2046 548 2459 658 exprimendi
2496 583 2897 634 consensum

696 675 840 749 sive
887 675 1113 749 verbis
1140 733 1155 762 ,
1198 676 1342 749 sive
1376 672 1688 760 nutibuS,
1730 674 2062 747 interdum
2113 674 2311 747 etiam
2365 700 2484 774 per
2540 673 2799 749 litteras
2844 691 2913 748 et

696 817 817 890 per
877 807 1394 890 procuratorem.
1428 788 1748 876 Demum,
1804 789 1984 888 quod
2048 806 2308 863 amovet
2367 814 2630 862 omnem
2694 789 2911 863 ambi-

694 906 1012 1004 guitatem
1062 923 1168 978 est
1215 920 1433 978 textus
1484 903 1629 1002 ipse
1680 903 1985 990 concilii,
2028 930 2148 977 seu
2184 902 2461 1000 Eugenii
2499 902 2603 974 IV.
2647 904 2768 1002 qui
2813 904 2912 976 in·

694 1020 894 1121 cipit:
919 1022 1274 1120 Septimum
1300 1035 1393 1092 est
1417 1033 1891 1093 sacramentum
1913 1020 2313 1091 matrimonii
2324 1047 2346 1103 ‚·
2370 1044 2528 1115 ergo
2554 1019 2911 1092 concilium

695 1153 872 1210 certe
918 1137 1317 1208 sacramenti
1364 1162 1637 1209 causam
1690 1135 2025 1233 explicare
2059 1133 2366 1206 intendit.

844 1250 1302 1322 Tridentinum
1354 1277 1485 1324 non
1537 1251 1761 1322 minus
1814 1249 2168 1348 perspicue
2203 1248 2328 1321 hos
2364 1249 2634 1323 cosdem
2672 1276 2913 1324 sensus

702 1364 1043 1464 patefacit.
1077 1365 1339 1438 Etenim
1372 1365 1733 1439 concilium
1771 1364 1948 1437 istud
1984 1364 2360 1451 constituit,
2402 1365 2747 1438 Christum
2776 1393 2915 1440 ma·

701 1479 1086 1554 trimonium
1112 1536 1128 1565 ‚
1187 1479 1368 1577 quod
1419 1479 1506 1552 ab
1556 1478 1749 1552 initio
1795 1479 1977 1551 Deus
2029 1494 2183 1551 ante
2233 1494 2579 1577 peccatum
2633 1479 2919 1552 instituit

703 1594 874 1667 inter
937 1609 1437 1693 protoparentes
1506 1595 1601 1667 uti
1684 1595 1962 1691 figuram
2031 1592 2293 1665 suturae
2371 1593 2620 1667 Christi
2702 1596 2916 1694 ipsius

703 1733 855 1779 cum
906 1708 1190 1781 ecclesia
1239 1709 1766 1796 coniunctionis,
1823 1708 2139 1809 quodque
2187 1708 2648 1782 continuatum
2697 1725 2805 1783 est
2852 1711 2920 1781 in

708 1820 956 1922 populo
1006 1822 1125 1895 Dei
1179 1837 1516 1922 tamquam
1569 1850 1797 1896 merus
1849 1822 2175 1895 naturalis
2236 1837 2655 1908 contractus,
2713 1824 2924 1921 gratia

707 1962 834 2011 sua
883 1936 1283 2024 adornasse,
1341 1953 1541 2037 atque
1593 1938 1686 2011 ita
1736 1953 2227 2011 sacramentum
2267 1936 2534 2011 secisse.
2567 1938 2731 2011 Cum
2772 1965 2924 2038 pro-

710 2052 868 2125 inde
896 2067 1155 2150 praeter
1179 2053 1429 2149 gratiae
1455 2053 1912 2127 accessionem
1940 2051 2109 2123 nihil
2139 2051 2447 2124 Christus
2474 2053 2925 2127 immutaverit

714 2169 783 2241 in
835 2168 1088 2269 nuptiis
1139 2167 1561 2254 christianis,
1620 2194 2040 2268 consequens
2089 2182 2194 2240 est
2243 2167 2395 2240 illos
2446 2168 2759 2256 eosdem,
2810 2169 2922 2269 qui

710 2285 901 2385 prius
950 2284 1220 2385 nuptias
1278 2284 1762 2359 contrahebant
1816 2284 1965 2357 sine
2021 2282 2439 2356 sacerdotum
2507 2283 2918 2368 ministerio,

711 2399 838 2472 hos
890 2401 1076 2499 ipsos
1126 2398 1195 2470 in
1248 2425 1419 2473 nova
1470 2399 1618 2498 lege
1669 2398 2165 2472 matrimonium
2205 2396 2371 2469 illud
2406 2396 2704 2484 efficere,
2746 2398 2924 2497 quod

711 2514 1039 2589 adnexam
1089 2543 1168 2588 ex
1221 2541 1296 2589 se
1343 2516 1494 2615 ipso
1545 2515 1827 2613 gratiam
1882 2514 2107 2588 habet.
2150 2514 2280 2587 Seu
2329 2513 2511 2614 quod
2564 2513 2742 2587 idem
2785 2529 2916 2599 est,

711 2629 979 2702 eosdem
1032 2630 1496 2703 contrahentes
1546 2656 1701 2702 esse
1754 2628 2099 2702 ministros
2134 2630 2530 2702 sacramenti
2569 2629 2731 2702 dum
2774 2628 2926 2726 legi-

714 2745 875 2816 time
923 2743 1054 2816 sibi
1125 2744 1405 2816 invicem
1474 2745 1792 2844 praebent
1856 2770 2256 2817 consensum
2292 2802 2307 2833 ,
2363 2744 2479 2844 qui
2547 2761 2739 2818 erant
2803 2745 2925 2816 mi-

713 2858 907 2930 nistri
962 2873 1338 2931 contractus
1389 2859 1761 2955 coniugalis
1815 2859 1966 2933 sine
2015 2858 2388 2932 sacerdotis
2441 2858 2817 2932 interventu
2850 2884 2926 2931 ac

716 2971 1203 3046 benedictionis
1255 2973 1654 3046 necessitate
1676 3030 1692 3060 ,
1733 2998 1908 3072 quae
1943 3000 2075 3046 non
2114 2973 2425 3046 adiicitur
2460 2972 2593 3045 nisi
2630 2999 2710 3046 ex
2748 2998 2928 3072 prae-

716 3104 907 3187 cepto
940 3085 1268 3161 ecclesiae
1300 3087 1386 3159 ad
1423 3087 1740 3160 maiorem
1777 3086 2295 3173 solemnitatem,
2336 3103 2401 3159 et
2435 3112 2519 3159 ne
2553 3086 2925 3160 clanculum

717 3202 1107 3276 celebretur.
1140 3201 1350 3275 Verba
1401 3201 1667 3275 concilii
1717 3203 1856 3274 iam
1884 3202 2196 3303 superius
2248 3201 2591 3288 dedimus,
2631 3227 2711 3275 ac
2752 3201 2926 3274 idem

716 3335 1180 3417 argumentum
1233 3318 1832 3417 superstruximuS.

863 3433 1184 3521 Rursum,
1242 3432 1418 3505 idem
1471 3432 1826 3505 concilium
1880 3431 2235 3505 anathema
2283 3431 2450 3504 dicit
2485 3432 2608 3517 iis,
2650 3432 2769 3530 qui
2816 3459 2929 3506 ne-

718 3550 1022 3647 gaverint
1078 3547 1499 3621 matrimonia
1560 3547 2011 3631 clandestina,
2078 3565 2434 3647 antequam
2499 3547 2586 3620 ab
2647 3548 2930 3621 ecclesia

721 3665 1179 3751 irritarentur,
1238 3664 1450 3737 fuisse
1499 3688 1653 3735 vera
1701 3680 1770 3736 et
1823 3678 1976 3735 rata
2033 3662 2478 3737 matrimonia.
2517 3665 2718 3736 Porro
2768 3688 2931 3736 usus

721 3780 1037 3879 loquendi
1089 3782 1158 3854 in
1208 3779 1492 3855 ecclesia
1543 3795 1759 3853 aetate
1794 3778 2134 3852 tridentini
2170 3779 2490 3879 postuiat,
2532 3795 2606 3852 ut
2640 3779 2768 3852 hac
2803 3779 2932 3851 sor-

725 3893 906 3967 mula
972 3896 1470 3993 disignarentur
1528 3893 1951 3967 matrimonia
2018 3908 2214 3993 prout
2275 3912 2433 3968 sunt
2493 3909 2924 3968 sacramenta.

724 4010 891 4080 Nam
943 4010 1210 4108 insigne
1260 4026 1362 4087 est
1412 4009 1540 4083 hac
1587 4008 1673 4083 de
1722 4035 1792 4081 re
1826 4009 2194 4082 Innocentii
2235 4010 2352 4082 ΙΙΙ.
2395 4011 2745 4083 Decretum
2781 4035 2926 4108 cap.

727 4123 1016 4209 Quanto,
1076 4125 1144 4194 in
1196 4152 1331 4224 quo
1365 4125 1728 4199 discrimen
1754 4183 1769 4210 ,
1809 4122 1992 4224 quod
2037 4123 2385 4199 intercedit
2418 4124 2589 4198 inter
2628 4123 2934 4221 coniugia

728 4240 794 4311 in
847 4237 1241 4312 infidelitate
1289 4255 1652 4326 contracta,
1711 4264 2021 4342 quaeque
2070 4267 2189 4340 per
2243 4240 2743 4316 conversionem
2779 4239 2935 4312 alte-

726 4355 974 4428 rutrius
1024 4353 1329 4450 coniugis
1379 4354 1544 4428 solvi
1585 4355 1917 4428 interdum
1954 4373 2276 4455 possunt,
2316 4373 2382 4431 et
2409 4356 2720 4452 coniugia
2753 4354 2933 4428 chri·-
