3276 5083
630 454 768 503 cn.
792 454 879 503 iv.
914 453 991 501 na
1021 452 1256 502 Anaua.
1287 452 1402 500 ruo
1440 452 1596 501 ιιιιιε
1623 452 1702 500 ns
1730 451 1918 500 nun.
1941 452 2070 500 civ.
2098 451 2236 500 ιιιι.
2267 451 2310 497 ι.
2480 428 2612 496 369

415 598 500 643 ne
557 571 963 669 impietatem
1013 568 1233 642 dicam
1261 626 1276 655 ,
1335 582 1561 667 utpote
1612 566 1904 639 absurda
1936 625 1952 652 ,
2009 591 2140 638 non
2192 581 2409 663 potest
2466 589 2615 638 esse

413 711 539 759 nec
579 711 898 785 umquam
948 686 1076 758 erit
1121 710 1369 784 scopus
1422 683 1622 780 legis.
1671 683 1800 768 Qui
1846 683 1972 755 hoc
2022 681 2477 781 imprudentes
2528 682 2617 753 ef-

414 801 657 873 futiunt
681 858 697 887 ,
742 801 1108 899 procedunt
1141 826 1222 872 ex
1257 814 1511 873 secreto
1548 798 1862 871 atheismi
1904 797 2176 896 practici
2227 796 2610 882 dictamine,

412 941 454 986 a
504 941 636 1014 quo
685 915 882 988 unice
932 931 1275 1012 reguntur.

556 1030 870 1104 Admissa
922 1031 1125 1104 semel
1176 1046 1403 1130 optata
1456 1031 1879 1130 separatione
1927 1048 2114 1105 satus
2164 1057 2205 1103 a
2254 1029 2609 1126 religione,

413 1149 707 1245 regimen
758 1149 827 1219 in
883 1148 1370 1247 despotismum
1436 1148 1818 1222 absolutum
1886 1164 2395 1224 converteretur.
2462 1147 2618 1218 Sine

410 1263 558 1337 basi
611 1290 690 1337 ac
740 1263 1172 1337 fundamento
1220 1264 1503 1338 societas
1547 1290 1682 1363 quo
1724 1279 2059 1361 regeretur
2076 1289 2098 1350 ·,
2151 1263 2494 1348 evaderet,
2539 1287 2618 1334 ac

407 1378 620 1465 cives,
660 1378 777 1478 qui
816 1405 949 1452 non
999 1379 1289 1479 amplius
1331 1380 1401 1450 in
1453 1378 1749 1452 absurda
1787 1378 1904 1451 illa
1945 1378 2304 1478 hypothesi
2343 1403 2423 1450 ex
2461 1402 2620 1450 con-

411 1491 693 1564 scientia
757 1491 1335 1594 obtemperarent,
1391 1492 1661 1565 nonnisi
1710 1493 1776 1565 vi
1827 1491 2154 1565 materiali
2204 1491 2620 1564 'contineren-

410 1621 558 1693 tur,
599 1633 679 1680 ac
713 1607 782 1678 in
816 1607 1041 1680 omnia
1089 1607 1423 1694 facinora,
1466 1612 1642 1706 quae
1692 1607 1964 1706 impune
2014 1622 2276 1705 patrare
2310 1631 2385 1679 se
2420 1630 2619 1703 posse
2717 1598 2730 1615 ’

407 1736 792 1820 sperarent,
844 1738 1097 1795 tantum
1134 1748 1267 1796 non
1303 1721 1780 1795 dilaberentur.
1827 1723 2028 1794 Porro
2056 1720 2381 1822 quidnam
2426 1720 2619 1793 fieret

405 1835 493 1908 de
541 1836 656 1909 tali
711 1837 1079 1911 societate?

553 1950 828 2023 Accedit
863 1951 1044 2048 quod
1082 1968 1377 2050 potestas
1412 1950 1711 2049 politica,
1735 1977 1912 2051 quae
1945 1977 2018 2024 se
2047 1949 2133 2024 ab
2160 1949 2446 2024 ecclesia
2476 1951 2620 2024 vin-

410 2062 710 2149 dicaret,
765 2078 840 2135 ut
889 2063 1444 2161 independentem
1495 2088 1570 2136 se
1619 2064 2097 2148 constitueret,
2154 2062 2240 2135 de
2291 2064 2464 2136 facto
2511 2090 2620 2136 ec—

412 2175 621 2249 lesiae
659 2177 1115 2250 dominaretur
1153 2203 1438 2277 eamque
1471 2176 1602 2249 sibi
1638 2176 2020 2251 subiiceret.
2054 2177 2220 2249 Cum
2254 2177 2435 2250 enim
2467 2203 2620 2250 ven·

413 2306 549 2362 tum
616 2291 813 2364 fuerit
861 2291 947 2364 ad
998 2291 1397 2365 divisionem
1469 2292 1846 2389 temporalis
1886 2305 1947 2363 et
1992 2291 2363 2388 spiritualis
2400 2347 2419 2377 ,
2486 2290 2617 2365 sibi

408 2406 635 2479 omnia
682 2405 1088 2491 vindicaret,
1145 2432 1320 2505 quae
1369 2406 1694 2479 exteriora
1744 2422 1901 2480 sunt
1932 2431 2012 2479 ac
2055 2405 2185 2478 sub
2235 2431 2477 2480 sensus
2508 2431 2621 2479 ca-

411 2520 616 2608 dunt,
674 2520 977 2621 adeoque
1026 2520 1156 2595 sibi
1212 2521 1319 2595 ius
1369 2538 1706 2620 arrogaret
1748 2522 1816 2593 in
1863 2547 2183 2621 personas
2208 2579 2223 2608 ‚
2282 2521 2353 2593 in
2402 2521 2611 2610 bona,

412 2636 479 2707 in
533 2636 962 2737 disciplinam
991 2697 1007 2726 ,
1049 2664 1129 2711 ae
1172 2639 1240 2709 in
1281 2638 1429 2738 ipsa
1471 2654 1887 2711 sacramenta
1912 2696 1928 2726 ,
1970 2653 2164 2737 prout
2200 2637 2423 2711 medio
2457 2662 2619 2711 aevo

410 2752 607 2851 primi
656 2756 1104 2850 separatismi,
1160 2769 1235 2825 ut
1281 2768 1555 2837 vocant,
1605 2753 1982 2826 inventores
2035 2752 2258 2852 reipsa
2308 2752 2435 2825 sub
2487 2752 2614 2825 hoc

411 2867 853 2964 separationis
922 2882 1263 2966 praetextu
1332 2867 1477 2938 iura
1542 2866 1766 2939 omnia
1820 2866 1886 2938 in
1939 2892 2131 2940 sacra
2190 2865 2609 2966 principibus

416 2977 793 3052 tribuebant
823 2983 999 3075 (38).

562 3128 660 3190 (³8)
686 3130 897 3179 Historia
910 3134 1083 3182 slatus
1100 3136 1442 3195 separatiseac
1461 3134 1680 3197 exposita
1695 3135 1930 3197 reperitur
1944 3134 1993 3183 in
2010 3133 2329 3197 scriptoribus
2342 3146 2469 3184 saec.
2483 3137 2614 3186 xiv.

412 3208 462 3255 et
484 3208 587 3256 xv.
609 3209 696 3271 qui
724 3212 925 3272 egerunt
948 3209 1010 3260 de
1032 3212 1285 3274 utriusque
1310 3212 1557 3275 potestatis
1576 3212 2023 3262 limitibus.verum
2041 3211 2277 3262 celebrior
2292 3212 2610 3275 omniumque

408 3286 595 3349 primus
617 3286 741 3336 inter
770 3300 854 3338 eos
888 3287 980 3339 suit
1006 3288 1296 3339 Guiiieimus
1321 3291 1611 3341 Occhamus.
1636 3292 1728 3341 liic
1751 3291 1801 3340 iu
1823 3290 1948 3340 libro
1980 3291 2236 3354 inscripto:
2265 3293 2340 3340 De
2355 3293 2615 3354 potestate

407 3365 755 3416 ecclesiastica
786 3370 837 3417 et
862 3368 1158 3431 saeculari,
1193 3370 1426 3432 (vulgato
1447 3381 1476 3419 a
1497 3370 1718 3420 Goldasti
1763 3374 1833 3420 De
1870 3370 2178 3420 monarchia
2210 3374 2329 3419 tom.
2354 3371 2394 3419 1.
2423 3383 2530 3433 pag.
2563 3377 2618 3420 1³

409 3447 580 3507 seqq.)
604 3458 750 3508 quem
770 3447 966 3511 scripsit
988 3449 1158 3496 contra
1178 3448 1478 3497 Bonisacium
1502 3449 1633 3498 vni.
1657 3461 1746 3511 pro
1771 3448 1993 3512 Phiiippo
2014 3448 2249 3510 Pulchro,
2272 3449 2426 3511 prima
2448 3450 2498 3498 et
2517 3461 2617 3498 am·

411 3524 567 3588 pliora
603 3526 890 3577 lineamenta
923 3527 1059 3577 dedit
1088 3527 1231 3578 istius
1264 3527 1531 3578 doctrinae.
1555 3527 1806 3590 Siquidem
1831 3527 1882 3576 in
1914 3540 1973 3577 eo
2000 3527 2172 3577 statuit
2204 3527 2428 3591 principii
2464 3527 2619 3577 instar

406 3609 787 3668 separationem
823 3607 1080 3671 utriusque
1114 3607 1392 3672 potestatis,
1423 3620 1630 3670 querum
1661 3608 1816 3658 altera
1850 3606 2152 3671 imperalis
2173 3607 2263 3669 sit,
2287 3619 2413 3669 quae
2436 3606 2513 3656 ius
2535 3606 2618 3656 ha·

408 3683 521 3735 beat
541 3698 685 3748 super
706 3688 1019 3750 temporatim
1047 3688 1200 3738 altera
1222 3687 1544 3752 spiritualis,
1570 3700 1698 3750 quae
1719 3686 1957 3738 contineri
1977 3685 2151 3737 debeat
2171 3687 2299 3737 iutra
2322 3686 2441 3736 flues
2459 3698 2618 3736 rerum

408 3763 753 3828 spiritualium.
780 3767 870 3816 Sed
902 3768 969 3816 ita
999 3767 1198 3831 exponit
1232 3769 1351 3816 fines
1384 3768 1497 3829 hos,
1522 3770 1577 3818 ut
1597 3767 1830 3818 ecclesiae
1851 3766 2037 3817 nullam
2060 3767 2209 3816 aliam
2234 3765 2616 3817 iurisdictionem

403 3844 589 3894 tribuat
608 3846 797 3908 praeter
817 3857 942 3906 eam,
967 3859 1092 3909 quae
1118 3847 1183 3896 sit
1206 3846 1299 3896 sori
1323 3847 1518 3896 interni.
1543 3850 1614 3897 En
1647 3846 1753 3896 eius
1776 3845 1951 3897 verba.
1939 3865 1950 3877 ·
1989 3866 2013 3891 α
2032 3847 2136 3896 Iam
2159 3845 2298 3895 vobis
2320 3848 2394 3895 est
2413 3859 2498 3910 per
2520 3848 2620 3910 epi-

403 3925 580 3974 stolam
620 3925 758 3974 Pauli
793 3926 1013 3988 superius
1045 3939 1349 3991 responsum,
1379 3939 1492 3977 cum
1524 3926 1722 3977 scribit.
1745 3927 1879 3991 quod
1906 3928 2081 3977 omnis
2110 3925 2620 3990 pontifexexhomt·

407 4005 564 4056 nibus
602 4008 928 4070 assumptus,
957 4019 1055 4070 pro
1088 4006 1382 4057 hominibus
1415 4008 1759 4058 constituitur
1789 4010 1846 4058 tn
1877 4009 1968 4066 its,
2000 4018 2136 4072 quae
2165 4009 2291 4056 sunt
2323 4005 2395 4057 ad
2425 4009 2620 4066 Deum,

403 4092 466 4138 ut
496 4086 700 4150 usserat
726 4085 865 4137 dona
894 4089 945 4136 cc
969 4085 1233 4149 sacrificia
1256 4100 1353 4152 pro
1371 4089 1628 4153 peccaetu
1651 4088 1766 4138 etin
1790 4087 1851 4137 iis
1871 4086 2049 4137 habent
2069 4099 2158 4137 nos
2176 4098 2365 4150 regere,
2389 4086 2619 4138 videlicet

408 4178 543 4229 qaae
559 4167 686 4216 sunt
712 4163 786 4215 ad
810 4167 1003 4215 Dcum:
1020 4164 1105 4215 sed
1120 4165 1182 4215 ad
1196 4165 1452 4216 ecclesiam
1473 4178 1569 4215 non
1590 4165 1801 4229 pertinet
1821 4165 1970 4227 iniis,
1991 4178 2117 4228 quae
2136 4165 2255 4215 soris
2275 4166 2409 4227 sunt,
2430 4165 2617 4229 aliquid

411 4244 628 4296 iudicare
645 4244 663 4306 (
682 4245 715 4294 Ι.
730 4259 774 4295 c.
795 4257 902 4308 pag.
922 4251 993 4294 15.
1016 4243 1098 4293 lin.
1123 4252 1174 4294 31
1199 4245 1373 4308 seq.).=·
1352 4245 1521 4294 -Hiuc
1542 4244 1689 4294 infert
1709 4244 1963 4295 eccloeiam
1984 4245 2061 4294 ius
2087 4257 2184 4294 non
2205 4243 2383 4294 habere
2400 4244 2617 4294 iudican-

412 4324 459 4370 di
484 4324 545 4374 de
566 4325 839 4375 actionibus
860 4323 1129 4374 moralibus
1147 4323 1399 4372 hominum
1420 4323 1513 4373 nisi
1535 4326 1589 4373 tn
1601 4322 1732 4385 soro
1748 4323 2124 4374 sacramentali
2139 4322 2233 4385 (ib.
2249 4337 2298 4386 p.
2317 4322 2624 4385 14.lin.³5.),

406 4402 536 4465 quod
558 4405 825 4467 temporale
851 4403 1084 4468 principis
1102 4415 1198 4452 non
1223 4403 1271 4451 in
1295 4404 1391 4452 alio
1410 4402 1719 4454 subordinari
1753 4402 1896 4453 debet
1919 4402 2184 4466 spirituali,
2208 4415 2356 4466 qnam
2372 4404 2422 4453 iu
2443 4403 2620 4452 submi·

2457 4506 2526 4558 2⁴
