3276 5083
501 462 641 510 cu».
672 460 718 508 ι.
745 458 889 508 Aur.
914 458 1009 507 m.
1035 457 1115 507 n
1138 457 1345 507 vum.
1370 456 1547 507 saun.
1576 456 1766 506 um.
1786 455 1866 506 ux
1893 457 2075 507 τευ.
2097 457 2155 507 s.
2177 457 2378 507 unu.
2501 434 2585 506 Π

362 595 553 652 reant
587 634 605 664 ‚
661 577 966 675 mysterii
1011 600 1170 649 voce
1219 573 1607 672 significant
1634 631 1653 661 ‚
1708 573 1888 673 quod
1941 574 2052 647 isti
2104 592 2590 650 sacramentum

359 709 640 781 vocant3
683 696 748 764 3.
784 717 918 766 non
962 689 1097 765 alia
1133 690 1219 765 de
1256 716 1463 765 censa
1505 692 1574 763 in
1618 688 1904 787 allegato
1936 705 2118 762 textu
2150 691 2451 766 viderent
2482 718 2592 767 sa·-

364 825 779 885 cramentum
806 808 875 879 in
903 807 1215 904 coniugio
1250 806 1661 892 christiano,
1693 831 1895 906 quam
1921 832 2003 879 ex
2026 830 2189 880 voce
2221 807 2587 896 materiali,

365 950 547 1025 quae
593 924 661 996 in
710 948 792 997 eo
839 922 1156 1008 occurrit,
1208 939 1275 995 et
1324 948 1457 997 non
1510 922 1734 1020 potius
1786 948 1868 996 ex
1914 922 2152 995 intima
2184 922 2278 995 rei
2314 938 2586 1010 natura,

363 1057 567 1139 atque
604 1065 686 1112 ex
728 1039 933 1113 totius
975 1038 1298 1112 orationis
1343 1038 1555 1125 serie;
1603 1040 1668 1109 4.
1702 1038 1993 1138 denique
2037 1038 2235 1112 toties
2281 1037 2591 1113 catholici

356 1156 790 1231 admitterent
826 1170 1318 1229 sacramentum
1353 1180 1586 1252 presse
1619 1154 1872 1229 dictum
1895 1211 1911 1241 ‚
1952 1155 2216 1254 quoties
2252 1155 2320 1226 in
2357 1153 2593 1229 Bibliis

356 1297 488 1345 vox
511 1272 906 1343 sacramenti
937 1269 1287 1366 reperitur,
1309 1269 1488 1368 quod
1520 1286 1739 1342 tamen
1767 1295 1972 1368 quam
1999 1269 2244 1343 salsum
2271 1271 2385 1357 sit,
2412 1285 2596 1371 patet

363 1412 448 1459 ex
480 1411 562 1458 eo
594 1385 772 1484 quod
816 1409 934 1458 sex
976 1383 1111 1456 alia
1153 1400 1568 1458 sacramenta
1616 1398 2021 1481 agnoscant,
2064 1385 2231 1483 quin
2273 1411 2593 1484 umquam

367 1499 486 1573 tali
520 1500 784 1573 nomine
818 1499 889 1571 in
916 1498 1275 1597 Scripturis
1311 1525 1392 1572 ea
1425 1499 1788 1585 donentur;
1820 1516 1961 1571 tum
1987 1525 2067 1571 ex
2094 1525 2173 1574 eo
2199 1498 2407 1599 quod,
2439 1499 2594 1574 licet

362 1613 615 1713 pluries
657 1631 793 1686 tam
831 1613 899 1684 in
933 1613 1139 1687 veteri
1175 1639 1380 1712 quam
1416 1611 1485 1683 in
1520 1639 1694 1686 novo
1730 1612 1994 1686 foedere
2042 1615 2437 1685 sacramenti
2465 1638 2592 1687 vox

361 1729 740 1803 inveniatur
781 1729 1007 1823 (120),
1035 1728 1349 1825 nuspiam
1375 1744 1598 1807 tamen
1623 1728 1934 1811 catholici
1965 1755 2044 1802 ex
2082 1729 2166 1803 iis
2202 1728 2413 1804 ullum
2438 1729 2595 1804 alle-

369 1859 614 1942 garunt
646 1842 869 1917 locum
904 1844 989 1915 ad
1026 1843 1464 1918 evincendum
1501 1862 1983 1919 sacramentum
2024 1846 2293 1945 proprie
2341 1846 2593 1920 dictum

366 1958 741 2056 designari.

508 2074 701 2159 Quae
749 2073 1024 2173 quidem
1075 2074 1392 2148 adnotare
1439 2075 1794 2160 constitui,
1835 2092 1910 2147 ut
1943 2075 2255 2149 catholici
2301 2075 2592 2173 theologi

364 2189 567 2284 longe
614 2187 842 2260 absint
886 2187 975 2261 ab
1024 2188 1352 2262 eiusmodi
1406 2205 1796 2262 novatorum
1846 2190 2088 2285 agendi
2141 2191 2430 2275 ratione,
2472 2214 2597 2263 nec

366 2302 603 2374 sinant
625 2326 701 2375 se
727 2303 960 2377 irretiri
989 2303 1290 2402 ipsorum
1316 2301 1603 2401 laqueis,
1635 2326 1789 2375 cum
1819 2326 2064 2379 nervus
2091 2301 2585 2400 probationum,

365 2415 626 2516 quihus
655 2416 807 2490 fidei
833 2416 1148 2513 dogmata
1181 2416 1641 2503 adstruuntur,
1675 2416 1744 2487 in
1771 2440 1977 2488 sensu
2005 2414 2434 2514 potissimum
2462 2410 2599 2490 tra-

362 2530 679 2606 ditionali
729 2530 1241 2606 constituendus
1290 2530 1381 2604 sit
1411 2588 1427 2619 ,
1484 2529 1633 2604 sine
1681 2525 1819 2630 quo
1854 2530 2237 2630 Scripturas
2269 2529 2338 2603 in
2372 2531 2596 2606 varios

367 2673 613 2721 sensus
650 2645 853 2721 facile
896 2645 1281 2745 detorqueri
1330 2662 1664 2745 possunt,
1721 2647 1814 2719 ita
1863 2663 1937 2721 ut
1982 2646 2093 2720 vix
2143 2647 2280 2720 vim
2331 2668 2596 2724 omnem

369 2788 502 2837 non
562 2763 896 2837 amittant.
957 2763 1123 2834 Tum
1187 2761 1387 2834 etiam
1450 2776 1526 2834 ut
1585 2785 1720 2835 non
1785 2762 1955 2842 adeo
2023 2785 2174 2838 sese
2235 2761 2601 2862 praebeant

365 2876 682 2950 difficiles
742 2876 813 2947 in
873 2874 1213 2949 nonnullis
1281 2874 1789 2973 probationibus
1848 2876 2284 2951 admittendis
2348 2893 2595 2976 urgeri*

365 2991 643 3091 disque,
704 3017 885 3091 quae
940 2991 999 3065 si
1060 2990 1415 3063 haereticis
1475 3005 1743 3090 praesto
1812 3007 2075 3078 essent,
2148 2990 2302 3065 illas
2370 3009 2602 3067 eontra

372 3130 497 3179 nos
545 3106 835 3178 maxime
883 3121 1231 3202 urgerent,
1274 3121 1723 3204 canerentque
1755 3105 2197 3206 triumphum.
2229 3105 2401 3178 Dum
2429 3128 2598 3181 nou—

369 3219 536 3292 nulli
585 3220 881 3317 theologi
932 3219 1063 3293 suh
1108 3219 1380 3294 criticae
1426 3219 1802 3294 severitatis
1854 3217 2129 3294 obtentu
2151 3278 2166 3307 ,
2221 3244 2340 3306 eas
2392 3221 2602 3318 negli-

367 3352 556 3431 gunt,
590 3351 708 3410 aut
732 3351 1059 3435 respuunt
1093 3334 1332 3422 etiam,
1377 3335 1641 3409 interim
1673 3336 1785 3408 vix
1824 3360 1961 3409 non
1997 3336 2086 3408 ab
2125 3335 2426 3433 ipsorum
2461 3360 2599 3409 ma·

370 3448 572 3521 nibus
595 3507 611 3533 ‚
648 3465 725 3521 ut
757 3450 851 3522 ita
883 3449 1105 3523 dicam
1131 3506 1147 3535 ,
1193 3449 1511 3522 veritates
1558 3448 1932 3522 catholicae
1977 3448 2334 3538 elabuntur
2365 3451 2591 3544 (121).

518 3689 647 3750 (12⁰)
676 3689 802 3744 τοῦ.
826 3692 932 3740 xu.
973 3694 1047 3740 17.
1081 3692 1206 3742 Dan.
1238 3691 1300 3740 ιι.
1337 3694 1414 3742 47.
1444 3690 1633 3744 coloss.
1659 3693 1699 3741 1.
1729 3695 1807 3742 27.
1837 3691 1877 3742 1.
1905 3691 2034 3742 Tim.
2061 3693 2147 3742 in.
2178 3698 2251 3742 ιο.
2276 3695 2427 3753 Apoe.
2453 3691 2492 3742 1.
2520 3698 2596 3746 20,

356 3765 480 3816 itan
516 3769 662 3817 xvn.
687 3771 736 3818 7.
759 3769 882 3819 etin
903 3768 1008 3832 ipsa
1024 3767 1166 3832 epist.
1188 3766 1254 3817 ad
1275 3769 1450 3831 Ephes.
1469 3770 1510 3818 1.
1530 3777 1578 3820 9.
1599 3773 1649 3820 et
1673 3772 1762 3820 111.
1787 3777 1831 3820 a.

514 3847 648 3907 (121)
679 3847 917 3911 Exn-plo
956 3847 1022 3898 sit
1062 3848 1167 3910 ipsc
1206 3849 1427 3908 vasquez
1446 3883 1462 3909 ,
1507 3848 1594 3911 qui
1633 3847 1752 3899 dum
1784 3849 1847 3899 ad
1885 3849 2232 3900 adstruendam
2274 3848 2599 3912 dogmaticam
2709 3895 2712 3900 .

362 3926 657 3976 manati
676 3926 977 3977 matrimonii
1000 3927 1259 3977 veritatem
1282 3925 1476 3976 nullum
1496 3927 1688 3977 invmit
1715 3928 1767 3977 iu
1798 3928 2056 3992 scripturis
2082 3928 2602 3991 testunonium3‘dum

363 4004 642 4054 testimonis
677 4019 721 4054 s.
746 4005 1001 4068 Augustini
1028 4005 1196 4055 omnis
1227 4003 1450 4068 ταμίη
1485 4005 1605 4055 dum
1635 4006 1918 4058 testimonia
1955 4007 2148 4069 seponit
2187 4009 2363 4058 Leonis
2408 4020 2562 4072 pupae
2584 4044 2599 4068 ,

362 4082 730 4146 curysoemmi,
761 4086 813 4152 et
842 4083 1173 4147 Ambrosiam,
1211 4084 1383 4149 utpote
1414 4085 1502 4147 qni
1541 4097 1604 4135 ex
1634 4083 1742 4135 cius
1777 4087 2038 4148 exsternata
2078 4097 2176 4137 non
2208 4087 2473 4151 loquantur
2502 4087 2600 4137 uisi

361 4161 760 4216 &mio
796 4165 961 4216 latiori
995 4165 1351 4228 monnone
1379 4167 1725 4229 moqitonem
1758 4166 1910 4215 totam
1941 4168 2140 4218 revoat
2172 4166 2239 4218 ad
2267 4180 2423 4232 pauca
2453 4179 2599 4231 quae·

361 4239 480 4292 dnm
503 4243 813 4307 tubo-iu,
848 4257 1060 4308 quemn
1087 4243 1292 4309 aliquod
1323 4244 1636 4310 desumptum
1673 4246 1749 4296 est
1782 4256 1847 4295 ex
1874 4247 2044 4310 spuria
2073 4248 2285 4300 Evsristi
2319 4246 2600 4307 Decretsss,

361 4320 573 4372 alta-um
602 4320 669 4372 sd
698 4335 925 4373 remuon
946 4322 1095 4385 tacit,
1126 4323 1402 4376 cuiusmodi
1433 4327 1508 4376 est
1537 4324 1663 4376 iliud
1692 4323 2602 4391 &Siriciipspoeinepistadlihne-

366 4399 1121 4465 namt-meonensanstnqm
1142 4405 1398 4455 estsermo
1420 4403 1485 4453 de
1504 4404 1965 4468 sponsalibus‚uon
1987 4404 2596 4458 ntandei-ammonio:
