3276 5083
790 408 928 458 cAr.
970 407 1016 456 1.
1064 408 1142 457 nr:
1194 406 1459 457 unam.
1503 405 1729 457 emus
1780 407 2049 456 unum.
2093 408 2232 456 Aur.
2278 407 2322 455 1.
2540 382 2675 454 215

448 528 594 600 Non
627 524 875 625 poterit
909 524 1182 622 adigere
1216 522 1538 598 ecclesiae
1588 524 1933 597 ministros
1955 582 1970 611 ‚
2004 540 2078 597 ut
2103 525 2238 598 illis
2265 541 2682 599 sacramenta

446 640 956 724 administrent,
1014 663 1234 736 neque
1281 653 1358 709 ut
1396 636 1862 712 ecclesiastica
1915 638 2259 737 sepultura
2308 638 2674 723 donentur,

447 756 568 854 qui
620 753 854 828 saltem
905 769 981 825 ut
1030 752 1283 852 publici
1334 769 1715 852 peccatores
1760 779 1839 827 ac
1889 753 2402 852 impoenitentes
2436 780 2517 826 ex
2553 754 2681 828 hac

448 868 587 940 vita
635 866 1002 952 decedunt;
1045 866 1251 940 multo
1286 893 1442 939 vero
1476 866 1699 940 minus
1750 866 1969 940 civilis
2018 868 2380 942 auctoritas
2417 867 2681 942 efficere

449 982 728 1082 poterit,
785 999 859 1054 ut
907 980 1235 1054 eiusmodi
1285 983 1622 1081 suppositi
1650 983 1993 1079 <coniuges
2029 1010 2162 1055 non
2199 983 2573 1056 moriantur
2612 984 2679 1057 in

449 1113 626 1171 statu
676 1096 946 1169 lethalis
982 1097 1265 1197 peccati,
1309 1097 1612 1195 adeoque
1646 1124 1686 1168 a
1722 1098 1860 1170 Deo
1911 1114 2250 1170 aeternum
2288 1097 2671 1197 puniantur.

591 1209 903 1309 Denique
957 1209 1139 1282 nulla
1201 1209 1498 1283 bumana
1549 1226 1846 1309 potestas
1897 1236 1978 1285 eo
2028 1237 2245 1309 usque
2295 1211 2673 1310 perveniet,

446 1343 523 1400 ut
554 1325 843 1399 ecclesia
877 1324 1019 1398 suis
1048 1325 1116 1396 in
1144 1324 1405 1398 actibus
1442 1352 1576 1398 non
1612 1341 1867 1425 spectet
1900 1324 2233 1397 eiusmodi
2272 1326 2681 1398 coniunctio—

451 1467 606 1514 nem
656 1440 751 1513 uti
803 1440 1106 1513 fictitiam
1156 1457 1222 1513 et
1273 1439 1557 1526 nullam,
1614 1457 1817 1539 atque
1867 1456 2219 1540 propterea
2253 1441 2322 1512 in
2360 1440 2474 1525 iis,
2506 1465 2679 1539 quae

450 1557 539 1628 ad
599 1557 812 1629 forum
863 1582 1058 1629 suum
1111 1556 1445 1655 pertinent
1476 1614 1491 1641 ‚
1548 1582 1680 1629 non
1732 1555 2022 1657 applicet
2070 1556 2253 1653 leges
2306 1582 2348 1629 a
2397 1582 2472 1628 se
2518 1582 2679 1631 con·-

450 1671 744 1744 stitutas.
780 1670 1047 1743 Nullum
1082 1697 1187 1743 ex.
1222 1697 1321 1768 gr.
1356 1670 1643 1745 ecclesia
1698 1670 1907 1744 filium
1960 1697 2041 1744 ex
2092 1671 2404 1769 coniugio
2456 1670 2676 1744 solum

449 1785 629 1860 civili
678 1802 1094 1885 procreatum
1136 1786 1220 1858 ad
1267 1812 1492 1859 sacros
1535 1786 1952 1886 promovebit
1982 1786 2293 1873 ordineS‚
2337 1801 2565 1885 utpote
2599 1812 2676 1858 ex

451 1901 800 1998 illegitimo
852 1916 1070 1973 ortum
1122 1901 1588 1986 matrimonio,
1646 1919 1711 1974 et
1763 1902 1854 1973 ita
1904 1902 1989 1975 de
2037 1902 2302 1975 ceteris.

596 2017 808 2113 Igitur
851 2014 1036 2088 nulla
1075 2015 1363 2089 suboriri
1416 2032 1633 2115 potest
1681 2015 2038 2101 dubitatio,
2095 2016 2274 2114 quod
2325 2017 2442 2115 qui
2494 2016 2674 2089 civili

455 2145 710 2203 tantum
761 2146 919 2204 sunt
958 2129 1620 2229 copulati‘coniugio
1671 2128 2047 2202 habeantur
2095 2145 2169 2200 ut
2218 2129 2467 2227 publici
2520 2154 2678 2201 con-

454 2243 817 2331 cubinarii,
862 2259 1065 2343 atque
1106 2244 1342 2343 poenis
1384 2243 1729 2318 canonicis
1764 2243 2075 2328 obnoxii,
2118 2259 2313 2340 prout
2355 2242 2425 2319 in
2465 2268 2679 2314 enun-

452 2359 740 2432 ciatione
778 2359 981 2433 buius
1019 2358 1278 2433 articuli
1320 2359 1831 2432 affirmavimus.
1871 2361 2153 2457 Insuper
2196 2356 2377 2430 nulla
2431 2358 2678 2457 pariter

451 2473 779 2549 dubitatio
831 2474 1059 2561 subit,
1116 2488 1511 2572 potestatem
1562 2472 1829 2547 civilem
1882 2498 2245 2572 numquam
2300 2498 2502 2570 posse
2555 2472 2678 2543 im-

453 2590 706 2688 pedire,
738 2591 1099 2689 quominus
1136 2585 1292 2663 illae
1326 2591 1749 2665 incurrantur
1772 2647 1786 2675 ‚
1820 2589 2084 2663 etiamsi
2121 2590 2185 2662 vi
2224 2605 2493 2662 externa
2526 2614 2679 2662 con-

452 2705 698 2777 nitatur
745 2704 1073 2778 obsistere
1125 2703 1591 2778 nonnullarum
1645 2703 2041 2778 executioni.

1280 2971 1691 3029 ARTlCULUS
1731 2971 1803 3025 ΙΙ.

525 3196 961 3258 Matrimonium
988 3196 1159 3257 civile
1178 3203 1390 3256 natura
1416 3211 1523 3256 sua
1548 3197 1860 3272 opponitur
1900 3195 2259 3255 Matrimonii
2300 3195 2604 3256 christiani

979 3293 1506 3370 indissolubilitati‚
1548 3292 1818 3369 favetque
1855 3292 2131 3353 divortio.

600 3524 910 3597 Doctrina
959 3523 1291 3598 catholica
1337 3539 1443 3597 est
1470 3548 1489 3609 ⁷,
1513 3555 1536 3573 ··
1559 3521 1829 3597 foedera
1883 3520 2207 3621 nuptialia
2257 3519 2466 3594 semel
2516 3544 2676 3593 con·-

459 3654 791 3711 summata
815 3663 1180 3738 numquam
1201 3637 1270 3708 in
1289 3632 1661 3711 christiana
1688 3638 1834 3734 lege
1859 3639 2083 3736 quoad
2107 3636 2446 3712 vinculum
2475 3662 2677 3736 posse

455 3750 732 3825 dissolvi
770 3783 783 3826 :
849 3780 1051 3853 quam
1118 3753 1391 3853 quidem
1448 3753 1820 3827 doctrinam
1871 3753 1967 3825 uti
2018 3752 2427 3852 exploratam
2478 3778 2677 3826 assu-

455 3870 728 3956 mimus,
769 3896 1051 3969 eamque
1085 3895 1207 3944 suo
1248 3869 1392 3943 loco
1432 3863 1950 3944 vindicabimus.
1996 3869 2136 3942 Iam
2185 3893 2341 3942 vero
2391 3868 2678 3952 indisso·

453 3983 769 4057 lubilitati
824 3985 985 4057 huic
1030 3984 1458 4059 omnimodae
1502 4002 1704 4084 atque
1754 4000 2114 4084 perpetuae
2164 3985 2457 4082 coniugii
2498 3984 2678 4057 chri·-

450 4100 656 4173 stiani
707 4100 1102 4175 adversatur
1150 4100 1643 4175 matrimonium
1698 4100 2099 4198 simpliciter
2145 4099 2364 4173 civile.

581 4216 756 4289 Sane
781 4215 1231 4290 omnimodam
1260 4201 1634 4290 firmitatem
1661 4214 2123 4314 adsequuntur
2156 4214 2673 4290 christianorum

453 4329 791 4402 connubia
841 4356 920 4403 ex
972 4330 1397 4428 apertissimo
1446 4330 1693 4403 Christi
1747 4329 2053 4404 oraculo:
2100 4328 2286 4417 Quod
2320 4331 2495 4403 Deus
2529 4356 2677 4402 con-
