3276 5083
641 477 772 548 198
1029 496 1151 546 m.
1196 496 1243 545 1.
1285 494 1459 544 sacr.
1502 495 1551 543 1.
1596 492 1677 543 ne
1727 492 1991 543 numu.
2036 489 2465 541 sncainnnro.

637 622 780 695 sive
832 619 1207 708 naturalis,
1249 644 1456 719 quum
1510 646 1629 719 per
1677 643 1824 694 eam
1849 634 2250 717 ‚tamquam
2288 640 2411 715 per
2444 613 2725 686 formam
2760 639 2873 686 ac-

645 735 992 809 cedentem
1030 735 1115 808 ad
1151 736 1523 821 materiam,
1565 748 1862 808 transeat
1896 745 2274 806 contractus
2300 728 2389 802 ad
2425 726 2876 802 conditionem

638 878 717 926 ac
770 852 1168 949 dignitatem
1219 852 1621 924 sacramenti
1674 876 1793 951 per
1843 849 2113 923 modum
2164 845 2396 919 unius.

792 968 968 1040 Sane
1023 966 1390 1040 Drouinius
1442 965 1607 1038 Cani
1660 964 2029 1039 sententiae
2077 962 2365 1036 maxime
2414 959 2725 1033 addictus
2791 960 2878 1034 de

642 1081 924 1155 materia
975 1107 1054 1153 ac
1105 1079 1315 1154 forma
1364 1076 1710 1154 disserens
1763 1077 2156 1153 sacramenti
2210 1073 2661 1161 matrimonii,
2717 1100 2874 1147 cum

640 1196 1107 1297 praemisisset
1140 1196 1480 1270 materiam
1518 1195 1723 1267 huius
1758 1192 2155 1268 sacramenti
2194 1217 2346 1265 esse
2371 1188 2872 1263 matrimonium

641 1313 864 1413 ipsum
891 1369 907 1400 ,
968 1327 1166 1411 prout
1214 1328 1319 1384 est
1366 1325 1747 1384 contractus
1799 1306 2019 1382 civilis
2073 1324 2139 1380 et
2186 1304 2524 1403 legitimus
2552 1362 2569 1392 ,
2609 1305 2740 1377 hac
2775 1330 2876 1376 ra-

640 1428 819 1500 tione
869 1426 938 1499 id
991 1427 1234 1501 evincit
1275 1455 1289 1497 :
1356 1456 1389 1494 «
1438 1424 1611 1497 Illud
1672 1423 1855 1497 enim
1923 1421 2320 1496 sacramenti
2385 1421 2664 1493 materia
2714 1437 2818 1493 est
2850 1477 2867 1505 ‚

644 1542 851 1642 quod,
894 1540 1106 1616 forma
1142 1541 1497 1614 accedente
1520 1598 1534 1625 ‚
1568 1540 1646 1612 fit
1670 1535 2504 1636 sacramentum....Atqui
2540 1537 2877 1610 matrimo-

646 1657 830 1729 nium
882 1673 1215 1755 quatenus
1266 1671 1645 1729 contractus
1695 1654 1914 1729 civilis
1963 1669 2067 1728 est
2115 1669 2181 1727 et
2230 1653 2569 1751 legitimus
2594 1710 2610 1739 ‚
2671 1651 2875 1725 adve-

650 1771 869 1845 niente
920 1770 1288 1845 sacerdotis
1332 1769 1618 1870 mystica
1668 1769 2133 1843 benedictione
2168 1769 2242 1842 fit
2286 1784 2863 1841 sacramentum...

647 1888 738 1960 ita
786 1886 1137 1961 verissime
1185 1885 1433 1959 dicitur
1491 1909 1895 1960 consensum
1961 1900 2268 1958 mutuum
2337 1881 2870 1957 contrahentium

646 2001 872 2076 verbis
921 2001 1063 2075 sive
1112 2001 1328 2099 signis
1380 2000 1673 2075 externis
1723 2000 2135 2075 declaratum
2159 2058 2174 2087 ‚
2217 2026 2369 2074 esse
2399 1999 2606 2072 huius
2649 2022 2873 2071 sacra-

649 2118 853 2192 menti
889 2118 1236 2191 materiam
1258 2175 1273 2203 ,
1305 2116 1411 2190 vel
1448 2117 1646 2216 quasi
1681 2116 2027 2189 materiam
2054 2174 2069 2203 ,
2111 2141 2289 2216 quae
2323 2114 2570 2188 deinde
2603 2113 2689 2186 ad
2726 2138 2877 2210 gra-

651 2234 786 2309 tiae
821 2234 1323 2334 productionem
1362 2231 1730 2307 sacerdotis
1764 2231 1970 2307 verba
2004 2232 2292 2331 mystica
2326 2229 2726 2330 proferentis
2753 2228 2880 2301 mi-

650 2350 927 2424 nisterio
979 2348 1412 2423 foecundatur
1452 2350 1680 2444 (21).»
1714 2347 1903 2434 Quae
1944 2346 2218 2446 quidem
2267 2345 2569 2420 doctrina
2620 2343 2875 2444 duplici

650 2467 850 2540 modo
898 2464 1176 2562 intelligi
1229 2479 1480 2564 potest3
1524 2480 1665 2536 tum
1700 2463 1881 2566 quod
1916 2489 2039 2563 per
2070 2461 2602 2536 benedictionem
2655 2485 2877 2535 sacer-

652 2581 832 2654 dotis
882 2597 1224 2678 tamquam
1287 2581 1567 2653 formam
1618 2594 2001 2653 contractus
2052 2579 2327 2653 materia
2377 2578 2752 2665 efficiatur,
2805 2591 2882 2650 ut

652 2710 732 2767 e'x
767 2711 1053 2792 utraque
1088 2710 1578 2768 sacramentum
1613 2709 1921 2791 exurgat,
1963 2712 2077 2768 aut
2110 2694 2260 2782 fiat,
2301 2710 2635 2794 quatenus
2669 2692 2879 2767 forma

656 2808 890 2882 intime
939 2807 1288 2881 materiam
1341 2823 1674 2906 penetret,
1731 2808 2119 2910 efficiatque
2167 2835 2318 2883 cum
2369 2836 2449 2883 ea
2498 2835 2879 2883 sacramen·

657 2913 803 2996 tum
849 2922 1129 3019 gratiam
1181 2922 1601 3022 producens;
1652 2939 1788 2996 tum
1841 2924 2021 3023 quod
2074 2945 2444 3000 consensus
2493 2924 2675 2997 unde
2723 2950 2878 2998 con-

655 3053 907 3113 tractus
944 3038 1266 3135 emergit,
1306 3054 1466 3113 tunc
1510 3066 1710 3112 suum
1747 3039 1951 3113 robur
1984 3066 2063 3114 ac
2097 3039 2478 3114 firmitatem
2515 3056 2872 3124 mutuetur,

655 3178 809 3227 cum
842 3151 905 3226 ei
942 3152 1201 3227 accedit
1231 3152 1607 3227 benedictio
1631 3210 1648 3239 ,
1689 3169 1754 3227 et
1788 3155 2064 3227 materia
2114 3154 2191 3226 fit
2238 3155 2660 3228 sacramenti.
2706 3154 2879 3241 Qua·

656 3268 763 3341 vis
814 3266 1069 3341 ratione
1118 3266 1562 3366 intelligatur,
1604 3267 1774 3341 illud
1825 3285 2041 3342 ratum
2093 3268 2434 3368 fixumque
2481 3287 2614 3356 est,
2673 3295 2879 3370 penes

660 3379 866 3458 huius
902 3385 1272 3458 sententiae
1306 3400 1626 3483 patronos
1653 3400 2064 3461 contractum
2088 3402 2155 3460 et
2179 3403 2669 3461 sacramentum
2696 3387 2878 3460 iden-

661 3502 930 3600 tificari‚
988 3501 1084 3574 ita
1130 3517 1205 3574 ut
1252 3499 1421 3573 alter
1467 3501 1554 3573 ab
1603 3500 1810 3575 altero
1861 3528 1993 3575 non
2045 3501 2496 3599 distinguatur
2530 3503 2598 3574 in
2645 3504 2877 3576 coniu-

661 3618 771 3714 gio
821 3618 1214 3693 christiano.

808 3733 1038 3831 ltaque
1098 3747 1305 3806 totum
1355 3732 1534 3832 quod
1598 3733 2039 3831 interponitur
2089 3733 2447 3806 discrimen
2500 3734 2671 3808 inter
2717 3758 2830 3805 eos
2856 3788 2871 3819 ,

666 3845 783 3944 qui
820 3848 1229 3922 contendunt
1259 3848 1725 3923 contrahentes
1761 3873 1913 3922 esse
1941 3847 2284 3922 ministros
2317 3848 2709 3923 sacramenti
2743 3871 2876 3918 ma-

666 3959 996 4068 trimonii,
1043 3980 1111 4036 et
1158 3989 1308 4051 eoa,
1364 3964 1480 4063 qui
1536 3979 1837 4065 pugnant
1885 3988 2005 4064 pro
2043 3965 2388 4039 sacerdote
2426 3965 2498 4037 in
2539 3991 2618 4039 eo
2660 3960 2877 4037 consi-

667 4075 821 4162 stit,
879 4077 1058 4175 quod
1119 4078 1215 4150 illi
1274 4077 1482 4153 velint
1535 4081 1845 4154 virtutem
1910 4079 2455 4156 sacramentalem
2515 4105 2557 4152 a
2613 4077 2880 4151 Christo

669 4190 1035 4264 immediate
1096 4219 1460 4269 connexam
1523 4197 1735 4272 fuisse
1800 4196 1931 4294 ipsi
1997 4195 2395 4281 contractui,
2469 4194 2576 4267 isti
2647 4192 2883 4266 malint

815 4442 913 4506 (2¹)
946 4444 1020 4492 De
1043 4455 1099 4493 re
1121 4446 1548 4496 sacramentaria
1569 4444 1655 4495 lib.
1678 4448 1736 4495 x.
1760 4457 1811 4507 q.
1833 4451 1878 4494 3.
