3276 5083
665 406 755 475 24
880 429 925 469 .·
1046 426 1165 475 m:
1210 427 1255 474 1.
1299 425 1468 476 ster.
1512 427 1557 474 1.
1598 425 1678 473 ns
1728 424 1988 475 numm
2032 423 2481 474 stanneum..
2545 462 2552 469 .

660 545 908 643 gratiae
945 541 1349 616 nubentibus
1385 569 1424 613 a
1463 542 1602 614 Deo
1642 542 1837 615 datae
1869 541 1973 614 vel
2017 542 2280 615 dandae
2333 542 2408 613 fit
2449 540 2697 614 menn‘o
2750 567 2887 615 una

662 686 816 733 cum
865 684 1024 732 voce
1081 660 1231 757 ipsa
1282 659 1702 741 sacramenti,
1761 655 1864 730 vel
1907 671 2121 729 aetate
2178 656 2327 754 ipsa
2374 670 2643 728 exarata
2692 672 2882 743 sunt,

664 802 801 875 qua
849 775 1069 873 coepit
1115 773 1686 847 'scholasticorum
1754 771 2015 871 epocha
2038 829 2054 857 ,
2119 770 2223 845 vel
2291 769 2492 869 paulo
2541 771 2884 845 anteriori.

667 891 847 964 Haec
875 905 1097 963 autem
1124 914 1276 961 cum
1305 903 1815 961 asservarentur.
1843 887 1913 958 in
1950 886 2264 960 omnibus
2298 884 2600 960 ecclesiis
2635 912 2715 961 ac
2747 912 2894 962 mo÷

665 1006 1010 1091 nasteriis,
1066 1020 1134 1077 et
1182 1004 1423 1101 iugiter
1472 1002 1982 1088 adhiberentur,
2049 1001 2234 1076 nulla
2283 1001 2556 1075 ratione.
2586 1017 2896 1100 poterant

666 1147 707 1192 a
759 1118 1307 1193 scholasticorum
1359 1116 1611 1189 n'otitia
1650 1116 1961 1191 subduci.
2023 1117 2256 1215 ltaque
2312 1116 2726 1214 exploratum
2788 1133 2894 1190 est

668 1235 917 1332 optime
969 1240 1370 1332 cempertam
1407 1230 1854 1305 'scholasticis
1905 1229 2116 1304 fuisse
2137 1242 2144 1249 ’
2165 1255 2389 1304 veram
2438 1228 2761 1304 ecclesiae
2807 1231 2894 1303 de

666 1365 1084 1421 sacramento
1135 1347 1537 1420 matrimonii
1587 1346 1992 1431 doctrinam,
2050 1346 2214 1443 quin
2266 1369 2543 1419 necesse
2578 1345 2751 1444 ipsis
2787 1348 2894 1419 su-

660 1464 791 1537 erit
822 1464 908 1536 ad
943 1463 1147 1537 illam.
1180 1461 1309 1534 sibi
1360 1459 1909 1560 comparandam,
1965 1485 2304 1556 graecam,
2361 1476 2484 1538 aut.
2529 1462 2887 1559 syriacam,

666 1596 782 1652 aut
810 1557 1247 1651 chaldaicam
1297 1575 1613 1675 linguam.
1645 1576 1994 1650 addiscere
2011 1633 2027 1661 ‚
2082 1591 2149 1648 et
2198 1576 2590 1673 euchologia
2623 1603 2895 1675 graeco.—

669 1719 841 1779 rum,
862 1709 978 1765 aut
989 1692 1419 1767 lorientalium
1447 1691 1817 1766 oonsulere.
1834 1691 2151 1789 Adeoque
2174 1690 2261 1764 ad
2286 1716 2404 1764 eos
2427 1691 2631 1765 veluti
2657 1692 2745 1767 ad
2761 1719 2897 1767 ma-

670 1812 831 1879 num'
864 1806 1130 1879 devenit
1178 1805 1478 1879 doctrina
1527 1821 1793 1903 patrum
1819 1820 1889 1877 et
1910 1803 2233 1877 ecclesiae
2267 1831 2516 1878 sensus·
2541 1821 2608 1878 et
2642 1808 2892 1904 praxis.

815 1922 1004 1994 Nunc
1037 1920 1105 1992 id
1143 1922 1369 2020 ipsum
1419 1919 1906 1994 ostendendum
1957 1935 2061 1993 est
2092 1945 2134 1992 a
2159 1921 2526 2016 posteriori,
2567 1918 2786 1996 allatis
2823 1923 2893 1994 in

669 2034 965 2111 medium
1001 2036 1251 2133 apertis
1286 2034 1582 2132 ipsorum
1634 2033 2070 2120 testimoniis,
2111 2032 2291 2131 quod
2325 2033 2592 2132 quidem
2628 2033 2753 2105 hoc
2784 2058 2896 2107 or-

651 2140 827 2226 'dine
852 2149 1381 2250 pmesiabimus:
1406 2155 1444 2222 ‘1
1466 2207 1477 2218 .
1497 2149 1867 2222 doctrinam
1895 2146 2444 2227 scholasticorum
2472 2148 2896 2246 circa-septe-

666 2267 929 2339 narium
950 2275 1539 2339 {sacramentorum
1558 2288 1910 2339 numerum
1954 2287 2321 2361 eorumque
2355 2278 2662 2343 naturam
2694 2288 2899 2362 expo—

662 2360 942 2457 nemus:
970 2381 1035 2453 2.
1054 2380 1131 2453 ,in
1160 2377 1545 2476 particulari
1572 2402 1653 2449 ac
1678 2375 2067 2479 nominatim
2092 2375 2178 2451 de
2204 2373 2567 2449 christiano
2591 2377 2897 2473 coniugio

671 2495 738 2567 id
783 2496 1006 2593 ipsum
1028 2493 1450 2578 ,efficiemus3
1494 2517 1630 2566 non
1682 2491 1953 2590 quidem
1986 2491 2284 2570 omnium
2319 2516 2406 2568 ac
2434 2491 2852 2591 singulorum
2874 2551 2891 2579 ,

672 2608 856 2706 quod
899 2607 1102 2706 nimis
1146 2606 1475 2705 prolixum
1527 2632 1607 2678 ac
1657 2605 1893 2684 inutile
1939 2606 2105 2686 foret
2130 2665 2146 2694 ,
2187 2607 2855 2707 sed-praecipuorum
2876 2667 2892 2695 ,

671 2731 913 2824 eorum,
930 2721 1322 2818 praesertim
1348 2721 1464 2819 qui
1493 2719 1622 2794 hac·
1653 2721 1722 2791 in
1749 2746 1820 2820 re
1843 2709 2315 2820 quoquomodo
2332 2747 2544 2828 aveto
2563 2722 2899 2802 ablusisse

676 2835 1108 2935 perhibentur
1123 2893 1140 2923 ,
1183 2862 1241 2923 a⁸
1259 2834 1728 2912 scholasticae
1753 2835 2137 2934 primordiis
2180 2837 2266 2910 ad
2313 2838 2576 2912 Petrum
2613 2838 2899 2916 Paluda-

675 2975 837 3022 num
887 2975 1106 3048 usque
1154 2949 1536 3024 testimonia
1584 2948 1840 3051 aliquot
1888 2951 2183 3048 insignia
2228 2952 2715 3030 describemus.
2758 2953 2900 3032 Hac

675 3045 929 3137 ratione
965 3061 1173 3150 veluti*
1205 3062 1292 3137 ob
1324 3061 1553 3137 oculos
1578 3064 1661 3136 in·
1679 3063 1906 3138 tabula
1944 3064 2497 3142 scholasticorum
2531 3051 2898 3142 doctrinam

672 3195 739 3256 et
768 3177 1149 3261 traditionis
1198 3177 1757 3258 continuationem
1801 3205 1843 3251 a
1881 3179 2184 3277 patribus
2226 3181 2582 3256 deductam
2599 3181 2901 3254 :habebi-

666 3318 827 3376 ,mus
877 3318 1095 3392 usque
1143 3291 1229 3364 ad
1278 3291 1628 3366 dimidium
1682 3293 1820 3366 sere
1871 3295 2214 3374 sec.,XlV.
2264 3298 2440 3392 (72).
2521 3369 2524 3372 ,
2734 3310 2742 3317 ’

666 3461 669 3466 -
770 3451 783 3458 „
823 3405 1355 3505 ltaqueprimus
1397 3408 1524 3506 qui
1575 3433 1729 3481 sese
1778 3407 1970 3481 offert
2016 3426 2120 3483 est
2167 3410 2362 3508 Hugo
2411 3439 2452 3484 a
2501 3439 2558 3486 s.
2600 3412 2891 3498 victore,

676 3522 791 3618 qui
830 3505 1212 3620 ‘praecessit
1261 3537 1476 3595 aetate
1526 3548 1583 3594 s.
1626 3522 2033 3596 Bernardum
2077 3527 2251 3619 (73).
2285 3525 2411 3598 Hic
2446 3552 2641 3624 porro
2675 3529 2744 3599 in
2779 3553 2888 3625 op.

678 3635 998 3735 inscripto
1046 3635 1457 3710 Eruditiom's
1516 3637 1930 3735 Theoloqicae
1964 3639 2034 3711 in
2070 3656 2258 3714 tract.
2312 3641 2414 3712 lv.
2459 3667 2608 3740 cap.
2662 3643 2714 3713 1.
2764 3643 2901 3739 agit

678 3750 774 3820 De
817 3754 1239 3823 sacramentis
1274 3754 1345 3823 in
1377 3752 1701 3848 qeneralt',
1760 3755 2233 3854 constituitque
2281 3781 2358 3828 ea
2411 3773 2666 3855 septem
2715 3782 2888 3840 esse,

679 3863 1058 3963 dequibus
1109 3865 1496 3964 singillatim
1549 3883 1906 3964 pertractat
1952 3885 2091 3964 tum
2145 3870 2210 3941 in
2263 3869 2390 3944 hoc
2441 3888 2580 3945 tum
2616 3872 2686 3944 in
2720 3873 2899 3947 inse-

678 3979 1037 4077 quentibus
1088 3981 1508 4069 tractatibus,
1569 4008 1693 4054 nec
1745 4008 1878 4057 non
1930 3985 1997 4055 in
2049 3983 2255 4057 altero
2303 4012 2412 4083 op.
2449 3987 2629 4088 quod
2665 4003 2770 4060 est
2802 3988 2897 4057 De

824 4203 924 4266 (72)
957 4204 1050 4254 Hic
1071 4204 1200 4255 enim
1228 4205 1339 4268 pius
1357 4207 1658 4271 insignisque
1690 4207 1945 4272 theologus
1974 4209 2032 4256 0.
2058 4209 2115 4257 Ρ.
2137 4206 2241 4258 vita
2259 4207 2456 4260 functus
2484 4210 2559 4259 est
2588 4221 2667 4258 an.
2697 4212 2832 4260 1³42.

822 4282 922 4345 (73)
951 4285 1075 4334 Nam
1104 4285 1248 4347 lingo
1272 4284 1555 4336 Victorinus
1586 4287 1860 4337 extremum
1895 4285 2025 4336 diem
2063 4285 2241 4339 clausit
2275 4288 2356 4340 die
2384 4296 2455 4341 ιι.
2485 4287 2606 4338 febr.
2630 4301 2710 4338 an.
2739 4291 2895 4348 Πίος

678 4375 719 4411 ⁸.
746 4374 863 4413 vero
888 4362 1169 4413 Bemardus
1198 4361 1279 4413 die
1300 4368 1377 4415 20.
1394 4367 1585 4424 august.
1612 4371 1748 4415 115³.
