3276 5083
1055 571 1414 640 sacrm
1469 571 1881 642 ALTERA

831 716 991 869 DEs
1028 780 1703 919 MATRJMoNlo
1773 779 2120 869 clan.

709 1061 891 1135 CAP.
937 1063 1209 1136 1.-—-1›r
1258 1086 1629 1137 urnmonn
1689 1085 1911 1135 cmus
1968 1084 2235 1135 mrum.

371 1256 527 1331 Αιιτ.
573 1258 623 1329 1.
723 1259 1218 1332 Matrimonium
1252 1259 1489 1345 civile,
1535 1259 1650 1331 ubi
1693 1258 2105 1358 publicatum
2142 1258 2386 1331 esttri-

810 1373 1155 1465 dentinum
1184 1372 1568 1461 concilium,
1605 1389 1842 1446 natura
1878 1399 2002 1446 sua
2038 1372 2249 1471 turpis
2285 1387 2388 1444 est

812 1489 1293 1563 concubinatus
1312 1547 1329 1575 ,
1352 1505 1430 1579 ⁴et
1447 1489 1863 1588 quicumque
1894 1487 2038 1567 solo
2077 1486 2388 1583 coniugio

813 1602 993 1676 civili
1024 1602 1297 1677 interae
1326 1602 1660 1677 coniuncti
1704 1602 1906 1675 vitam
1951 1616 2198 1698 agunt,
2238 1625 2391 1699 poe-

816 1719 923 1791 nis
972 1716 1059 1791 ab
1110 1717 1394 1792 ecclesia
1426 1715 1582 1790 latis
1618 1733 1847 1790 contra
1888 1715 2190 1815 publicos
2238 1740 2391 1788 con-

676 1918 683 1927 ·
812 1832 1193 1907 cubinarios
1250 1831 1518 1906 obnoxii
1568 1848 1728 1904 sunt
1736 1886 2335 1903 ...................
2351 1860 2384 1899 υ
2444 1830 2579 1901 205

375 1943 529 2019 ΑΜ.
573 1947 657 2018 ll.
724 1946 1215 2020 Matrimonium
1282 1947 1480 2020 civile
1546 1961 1785 2018 natura
1844 1973 1968 2018 sua
2033 1946 2392 2044 opponitur

816 2060 1219 2135 matrimonii
1254 2059 1604 2134 christiani
1640 2058 2250 2147 indissolubilitati,
2293 2060 2392 2131 fa-

712 2192 749 2199 “·
810 2190 1058 2273 'vetque
1102 2174 1390 2248 ‘divortio
1410 2231 2334 2247 .............................
2350 2203 2384 2241 n
2443 2174 2581 2245 215

376 2290 532 2365 Aur.
577 2291 694 2364 111.
729 2290 1217 2365 Matrimonium
1283 2289 1480 2364 civile
1542 2305 1783 2363 natura
1844 2315 1968 2362 sua
2036 2289 2393 2388 opponitur

818 2403 1220 2478 matrimonii
1250 2404 1598 2477 christiani
1625 2404 1892 2490 unitati,
1925 2404 2228 2503 favetque
2252 2428 2394 2475 ma-

825 2519 1038 2594 teriali
1067 2545 1145 2594 ac
1170 2517 1366 2618 legali
1408 2517 1828 2620 polygamiae
1839 2572 2340 2592 ................
2354 2550 2391 2590 ι
2447 2518 2584 2592 224

377 2633 532 2708 Αιιτ.
577 2635 681 2706 lv.
722 2634 1212 2709 Matrimonium
1270 2633 1468 2708 civile
1531 2650 1768 2706 natura
1831 2660 1955 2707 sua
2005 2633 2396 2708 adversatur

819 2749 1130 2850 publicae
1180 2750 1511 2824 honestati
1567 2748 1959 2848 inducitque
1995 2748 2064 2820 in
2099 2765 2395 2848 apertam

820 2893 1077 2940 morum
1128 2862 1566 2965 corruptelam
1581 2919 2340 2936 ........................
2356 2892 2391 2933 ι
2450 2863 2587 2937 233

381 2975 537 3052 Aur.
578 2979 651 3050 V.
718 2979 1205 3052 Matrimonium
1271 2978 1467 3052 civile
1527 2994 1764 3051 natura
1831 3005 1955 3052 sua
2023 2977 2237 3053 tendit
2306 2976 2394 3051 ad

824 3094 1085 3166 minam
1139 3094 1430 3168 familiae
1472 3111 1539 3168 et
1583 3094 1922 3170 societatis
1935 3151 2338 3166 .............
2354 3121 2389 3162 ι
2449 3095 2575 3165 241

524 3312 707 3385 ctu).
743 3315 830 3387 11.
862 3339 943 3389 nr.
976 3340 1347 3392 urrunnu
1381 3342 1605 3393 civius
1641 3341 1895 3393 omma
1929 3340 2005 3392 n·
2041 3339 2412 3391 rnoenzssu.

384 3527 539 3604 Αιτ.
583 3529 635 3601 1.
734 3530 962 3629 Neque
998 3530 1066 3603 in
1100 3530 1589 3621 ecclesiastica,
1620 3558 1840 3632 neque
1876 3532 1945 3604 in
1972 3531 2237 3605 ethnica
2280 3557 2400 3604 an-
2455 3603 2460 3608 ,

825 3644 1132 3744 tiquitate
1180 3647 1576 3722 matrimonii
1620 3647 1843 3722 civilis
1886 3648 2072 3744 origo
2111 3645 2394 3719 inveniri

827 3775 1042 3859 potest
1066 3815 2345 3834 ........................................
2360 3790 2394 3830 n
2454 3762 2590 3831 256

385 3873 540 3950 Αιτ.
584 3873 669 3945 ΙΙ.
738 3873 957 3946 Prima
983 3875 1167 3974 origo
1195 3876 1596 3951 matrimonii
1628 3877 1849 3950 civilis
1882 3877 2055 3949 inter
2089 3875 2404 3949 christia-

824 4014 947 4063 nos
981 4016 1024 4064 a
1059 3990 1596 4089 protestantismo
1636 3991 1993 4092 repetenda
2027 4007 2129 4066 est
2140 4048 2344 4063 .......
2360 4019 2396 4059 υ
2455 3991 2591 4061 267

386 4102 541 4178 ΑΜ.
583 4105 699 4176 111.
733 4104 1132 4179 Matrimonii
1169 4105 1388 4181 civilis
1422 4105 1723 4181 dilatatio
1749 4122 1817 4181 et
1841 4132 2239 4206 progressus
2266 4130 2403 4177 ma-

826 4248 959 4318 gna
996 4246 1077 4294 ex
1121 4239 1305 4321 parte
1355 4223 1830 4298 incredulismo
1856 4280 1872 4311 ,
1918 4223 2405 4296 communismo

824 4353 883 4408 eff
937 4337 1318 4414 socialismo
1366 4338 1646 4412 debetur
1700 4340 1932 4438 eisque
1982 4339 2157 4412 favet
2165 4396 2340 4410 ......
2358 4367 2391 4406 »
2452 4337 2587 4408 279
