3276 5083
710 420 849 493 368
1115 443 1238 493 m.
1280 442 1329 491 ι.
1372 439 1544 491 sscr.
1587 440 1852 491 unm.
1896 440 1976 491 ns
2011 436 2274 492 nram.
2317 438 2534 492 curru.

706 575 1113 635 contractum
1149 582 1340 632 mere
1376 556 1644 632 civilem
1678 558 1828 633 sine
1867 574 2284 633 sacramento
2317 557 2659 633 celebrare
2699 575 2942 658 optata

707 674 1041 772 coniugia.
1077 673 1254 770 Ergo
1278 688 1346 748 et
1367 671 1538 747 haec
1562 672 1772 747 altera
1798 698 1957 772 pars
1983 671 2443 772 hypotheseos
2468 673 2756 770 gratuita
2778 690 2886 748 est
2904 730 2928 761 ,

706 815 788 865 ac
835 789 1033 891 plane
1066 788 1262 862 falsa.
2969 886 2974 891 λ

854 903 1151 977 Tandem
1186 901 1427 977 falsam
1472 928 1627 977 esse
1673 903 1938 977 tertiam
1988 925 2260 1003 quoque
2309 903 2642 1002 assumpti
2675 918 2937 1004 partem

708 1024 802 1095 ita
847 1019 1288 1095 ostendimus.
1346 1019 1724 1119 Numquam
1774 1031 2007 1118 potest'
2031 1043 2185 1092 esse
2216 1042 2462 1118 scopus
2499 1018 2696 1117 legis,
2742 1017 2934 1118 quod

708 1135 1027 1238 aequitati
1071 1192 1088 1223 ,
1159 1133 1566 1234 divinaeque
1633 1133 1766 1231 legi
1834 1158 2109 1234 prorsus
2171 1148 2519 1232 repugnat.
2577 1132 2935 1207 Eiusmodi

708 1267 930 1327 autem
963 1266 1068 1325 est
1095 1264 1235 1323 tum
1270 1248 1796 1348 independentia
1853 1248 2200 1349 potestatis
2249 1248 2470 1321 civilis
2515 1274 2559 1322 a
2609 1247 2939 1346 religione

707 1367 856 1440 sive
894 1364 982 1438 ab
1023 1362 1308 1439 ecclesia
1340 1420 1357 1451 ,
1409 1380 1552 1437 tum
1589 1361 1935 1460 obligatio,
1974 1388 2179 1463 quam
2216 1362 2484 1451 dicunt,
2527 1379 2741 1438 status
2774 1387 2936 1462 erga

707 1485 889 1556 cives
940 1480 1115 1555 hanc
1161 1478 1754 1578 independentiam
1802 1478 2217 1553 vindicandi.

850 1595 1200 1693 Repugnat
1233 1618 1315 1667 ac
1349 1592 1651 1694 implicat
1692 1593 2209 1694 independentia
2244 1595 2599 1693 potestatis
2630 1593 2853 1668 civilis
2889 1619 2934 1666 a

708 1709 1030 1807 religione
1076 1708 1222 1784 sive
1267 1706 1355 1782 ab
1396 1708 1686 1783 ecclesia
1706 1765 1721 1794 ,
1761 1724 1838 1783 ut
1870 1734 1951 1781 ex
1987 1709 2115 1784 hoc
2151 1709 2371 1808 capite
2403 1710 2591 1810 prius
2625 1707 2932 1783 exordia·

708 1848 861 1896 mur
877 1880 894 1911 ,
926 1823 1160 1897 eadem
1195 1823 1452 1897 ratione
1474 1849 1610 1922 qua
1635 1838 1968 1923 repugnat
1993 1839 2060 1897 et
2090 1823 2390 1924 implicat
2409 1822 2933 1923 independentia

708 1938 1011 2038 corporis
1045 1936 1333 2013 alicuius
1365 1938 1654 2013 viventis
1681 1938 1769 2012 ab
1793 1939 2042 2027 anima,
2061 1964 2237 2038 quae
2261 1938 2430 2012 illud
2456 1937 2802 2024 informat,
2834 1937 2934 2013 vi·

707 2052 959 2141 vificat,
991 2054 1161 2152 regit
1185 2078 1265 2127 ac
1300 2054 1703 2127 moderatur.
1736 2053 2096 2154 Receptum
2122 2070 2227 2129 est
2260 2053 2443 2153 apud
2480 2050 2935 2154 pseudo-poli-

710 2166 878 2243 ticos
915 2168 1257 2267 adagium,
1294 2167 1475 2268 quod
1502 2167 1772 2241 ecclesia
1796 2169 1982 2240 sitin
2004 2181 2181 2241 statu
2197 2196 2220 2254 ;
2259 2192 2385 2240 nos
2425 2166 2710 2240 libenter
2750 2165 2931 2240 istud

708 2283 1161 2372 admittimus3
1193 2283 1559 2358 dummodo
1584 2300 1808 2356 tamen
1835 2283 1931 2357 ita
1953 2282 2365 2380 intelligatur
2386 2339 2405 2372 ,
2444 2282 2628 2382 quod
2662 2281 2933 2355 ecclesia

706 2398 797 2470 sit
833 2400 907 2470 in
945 2412 1156 2483 statu,
1215 2412 1411 2497 prout
1458 2396 1687 2470 anima
1747 2412 1843 2469 est
1901 2399 1974 2469 in
2033 2423 2291 2495 corpore
2327 2453 2346 2483 ,
2415 2424 2456 2471 a
2514 2422 2652 2497 qua
2711 2411 2929 2470 status

710 2512 1092 2614 dependere
1124 2514 1398 2588 omuino
1429 2512 1631 2588 debet
1662 2512 1859 2614 eique
1892 2511 2162 2588 subiici.
2196 2514 2453 2588 Statum
2496 2537 2571 2587 se
2608 2511 2933 2613 indepen-

712 2628 981 2703 dentem
1022 2628 1289 2703 efficere
1315 2627 1423 2702 ‘ab
1473 2628 1797 2715 ecclesia,
1859 2627 1945 2702 ab
1994 2654 2240 2729 eaque,
2298 2645 2372 2703 ut
2418 2629 2642 2717 aiunt,
2684 2655 2760 2703 se
2789 2629 2933 2702 vin-

710 2742 938 2817 dicare
979 2743 1258 2842 perinde
1306 2759 1486 2818 esset
1526 2770 1605 2817 ac
1644 2742 2325 2842 seindependentem
2367 2744 2672 2845 profiteri
2711 2770 2793 2818 ac
2822 2768 2932 2817 se—

707 2874 1017 2957 paratum
1042 2883 1084 2931 a
1106 2858 1246 2933 Deo
1271 2858 1601 2933 ecclesiae
1641 2883 1762 2933 seu
1795 2883 1991 2932 verae
2026 2857 2373 2956 religionis
2406 2876 2714 2948 auctore,
2748 2859 2929 2960 quod

707 2983 886 3047 certe
933 2973 1469 3074 pseudo-politici
1514 3000 1747 3049 omnes
1789 2974 1990 3048 simul
2032 2975 2284 3074 sumpti
2336 3000 2705 3077 numquam
2758 2973 2932 3050 obti-

712 3089 966 3163 nebunt
989 3147 1006 3177 ,
1058 3116 1210 3164 cum
1261 3090 1643 3189 dependere
1691 3118 1731 3164 a
1779 3091 1919 3165 Deo
1968 3106 2310 3191 tamquam
2360 3117 2404 3165 a
2452 3116 2765 3193 supremo
2796 3091 2934 3165 Do-

710 3204 896 3280 mino
953 3204 1269 3281 omnibus
1335 3205 1725 3280 hominibus
1776 3231 1856 3278 ac
1905 3203 2338 3280 societatibus
2403 3204 2766 3280 essentiale
2805 3205 2922 3279 sit.

706 3320 811 3394 *De
847 3320 1021 3418 sacto
1063 3321 1297 3421 utique
1343 3346 1421 3394 se
1466 3321 1810 3395 vindicare
1843 3347 1885 3395 a
1918 3321 2058 3395 Deo
2098 3335 2239 3394 tum
2292 3321 2600 3395 homines
2641 3318 2922 3419 singuli,

712 3451 855 3508 tum
881 3436 1234 3510 societates
1270 3461 1389 3537 per
1419 3436 1781 3511 voluntatis
1818 3436 2319 3536 perversitatem
2356 3452 2695 3537 poterunt,
2728 3437 2937 3509 immo

705 3549 839 3625 heu
868 3550 1149 3624 nimium
1178 3567 1273 3625 tot
1298 3552 1445 3625 suis
1473 3551 1841 3626 sceleribus
1861 3579 1939 3626 ac
1955 3551 2168 3625 libera
2193 3551 2525 3627 sentiendi
2549 3550 2935 3651 agendique

704 3666 960 3742 ratione
984 3691 1138 3741 sese
1160 3693 1202 3741 a
1225 3667 1366 3740 Deo
1399 3668 1778 3755 vindicant,
1836 3684 1945 3742 ast
1992 3669 2134 3740 iure
2185 3693 2585 3768 numquam;
2627 3668 2935 3766 adeoque

702 3783 923 3858 serius
980 3782 1169 3860 ocius
1218 3784 1287 3855 in
1339 3783 1462 3856 Dei
1522 3810 1763 3858 manus
1829 3783 2128 3857 incident
2175 3780 2261 3856 ad
2311 3782 2459 3856 eius
2507 3782 2933 3857 subeundum

704 3899 1315 4000 experiendumque
1350 3898 1674 3973 iudicium
1716 3902 1892 3996 (37).
1942 3900 2177 3998 ltaque
2221 3896 2554 3973 eiusmodi
2604 3898 2888 3973 stultitia
2911 3957 2926 3984 ,

860 4175 960 4238 (³7)
993 4176 1246 4227 Praeclare
1266 4188 1364 4226 nou
1388 4176 1554 4227 minus
1577 4174 1793 4240 prudens
1817 4186 1967 4238 quatu
1993 4176 2162 4224 sancta
2191 4173 2405 4224 foemina
2439 4172 2607 4224 iudith
2640 4172 2895 4236 inquiebat
2921 4191 2934 4219 ε

705 4276 730 4300 ιι
750 4258 854 4307 Vae
875 4255 1007 4319 genti
1032 4257 1300 4320 insurgenti
1338 4269 1487 4322 super
1522 4269 1674 4320 genus
1698 4267 1893 4306 meum:
1918 4254 2157 4304 Dominus
2179 4256 2310 4305 enim
2333 4253 2643 4318 omnipotens
2663 4251 2938 4302 vindicabit

701 4337 754 4387 in
772 4336 868 4400 eis,
890 4338 948 4387 tn
971 4334 1057 4387 dte
1078 4334 1264 4387 indicit
1290 4336 1531 4388 visitabit
1551 4335 1695 4397 illos,
1715 4334 1854 4386 dabit
1874 4335 2004 4385 enim
2025 4334 2184 4397 ignem
2204 4336 2256 4385 et
2276 4346 2466 4385 vermes
2482 4333 2531 4384 iu
2549 4346 2723 4385 carnes
2738 4345 2935 4393 mrum,

701 4419 761 4467 ut
786 4415 993 4468 urantur
1011 4416 1061 4466 et
1080 4414 1294 4466 mutiunt
1316 4428 1475 4479 usque
1499 4415 1552 4466 iu
1579 4414 1968 4477 sempiternum(
1988 4414 2116 4463 xvi.
2139 4418 2216 4464 ιο.
2243 4418 2320 4464 21.
2345 4411 2394 4474 )»
