3276 5083
671 419 756 487 18
1050 439 1275 488 m..1.·
1305 437 1475 488 ster.
1520 438 1587 485 ι.-4
1611 437 1691 486 m:
1713 474 1719 481 .
1743 438 2026 488 urium:
2053 435 2490 487 smmum-os

670 612 699 625 ,,
764 618 767 625 ,
808 554 936 628 Sed
984 570 1087 627 ut,
1111 554 1308 627 finem
1344 555 1476 626 iam
1514 553 1673 626 huic
1708 555 1874 628 satis
1911 553 2204 652 prolixae
2231 554 2718 652 disceptationi
2763 554 2892 627 im-

662 695 1024 770 ponamus,
1044 678 1052 741 ζ
1074 696 1155 743 ex
1196 670 1522 743 hactenus
1569 669 1766 744 dictis
1795 686 2069 744 ,constat
2101 670 2447 742 veritatem
2483 671 2885 744 sacramenti

661 785 1086 861 matrimonii:
1113 783 1373 858 ostendi
1424 810 1506 856 ex
1562 792 1884 883 perpetua
1934 782 2261 858 ecclesiae
2300 782 2606 858 doctrina
2625 842 2640 870 ,
2687 800 2893 884 atque

660 927 770 973 ex.
790 901 941 998 ipsa
986 901 1187 974 etiam
1228 899 1687 974 'ecclesiastica
1735 900 2274 1000 interpretatione
2304 899 2661 974 verborum
2697 899 2889 973 Pauli

662 1013 915 1112 Ephes.
957 1014 1032 1085 V.

1534 1182 1859 1256 carm·
1904 1198 2018 1253 ιι.

1084 1372 1087 1377 ·
1129 1375 1207 1424 ns
1260 1374 1630 1425 numnam
1683 1372 2037 1423 onustum
2090 1370 2407 1422 umtsrno·

1528 1553 1942 1610 ARTICULUS
1983 1552 2027 1606 l.

1440 1725 1851 1809 Quaestionis
1903 1714 2103 1821 oriqo.

810 1931 1017 2004 Nemo
1076 1946 1179 2003 est
1245 1928 1624 2027 disciplinis
1686 1929 2079 2026 theologicis
2130 1930 2232 2003 vel
2283 1930 2702 2005 mediocriter
2743 1933 2892 2006 jini-

663 2060 905 2132 uatus,
965 2045 1083 2145 qui
1134 2040 1267 2119 non
1318 2044 1684 2144 perspiciat
1746 2060 2041 2145 quantae
2098 2047 2442 2143 gravitatis
2496 2048 2581 2119 sit
2625 2064 2892 2120 contro-

660 2161 882 2241 versia
931 2187 1135 2260 quam
1176 2160 1564 2257 agitandam
1586 2202 1589 2207 ·
1613 2161 2023 2260 suscipimus
2046 2219 2061 2247 ‚
2128 2160 2228 2233 de.
2261 2163 2665 2236 matrimonii
2700 2163 2890 2235 chri-2

660 2278 875 2355 stiani
905 2277 1235 2355 ministro.
1265 2276 1617 2376 Siquidem
1642 2292 1734 2350 ex·
1749 2304 1888 2375 quo
1912 2278 2132 2375 caepit
2158 2277 2227 2347 in
2253 2277 2540 2351 ecclesia
2564 2277 2895 2353 catholica

661 2391 1031 2491 disceptari
1067 2393 1398 2492 quaestio,
1441 2392 1909 2468 contrahentes
1958 2418 2044 2464 ne
2067 2430 2072 2435 ·
2092 2390 2327 2464 haberi
2379 2392 2894 2466 deberent-con-

662 2506 906 2604 iugalis
956 2507 1357 2582 sacramenti
1409 2506 1742 2593 ministri,
1798 2506 2360 2605 quemadmodum
2409 2507 2736 2582 hactenus
2787 2535 2894 2581 re-

664 2638 929 2719 ceptum
977 2637 1153 2705 erat,
1214 2648 1299 2692 an
1350 2647 1508 2694 vero
1558 2621 1918 2706 sacerdoe,
1972 2621 2153 2696 illico
2210 2649 2292 2695 ex
2354 2624 2704 2721 posteriori
2765 2623 2895 2697 hac

666 2736 1001 2812 sententia
1069 2735 1393 2832 originem
1459 2735 1650 2810 duxit
1706 2735 1994 2809 exitialis
2055 2762 2133 2809 ac
2191 2738 2495 2812 inaudita
2543 2738 2894 2813 hactenus

665 2849 1008 2923 distinctio
1069 2850 1240 2924 inter
1282 2865 1710 2924 ,contractum
1775 2866 1866 2923 et.
1903 2869 2391 2927 sacramentum
2442 2853 2511 2924 in
2562 2854 2893 2950 coniugiis

662 2964 1182 3040 christianorum
1208 3024 1222 3050 ,
1286 2992 1368 3039 ac
1420 2964 1769 3064 paullatim
1817 2969 2219 3039 matrimonii
2265 2970 2483 3040 civilis
2536 2969 2890 3068 profanum

664 3105 906 3156 nomen
956 3098 1296 3158 inventum
1345 3099 1468 3155 est.

805 3194 1151 3293 Originem
1200 3196 1404 3269 huius
1456 3198 1944 3270 controversiae
1971 3199 2235 3297 repetit
2281 3199 2678 3272 Benedictus
2714 3199 2883 3269 XIV.

662 3312 751 3384 inf
766 3311 1198 3388 celeberrimo
1240 3338 1441 3410 opere
1472 3312 1571 3385 De
1606 3311 1866 3412 synodo
1901 3312 2298 3387 dioecesana
2330 3316 2427 3409 (1)
2470 3341 2511 3386 a
2537 3312 2889 3387 Guilielmo

662 3432 983 3528 episcopo
1011 3427 1410 3527 parisiensi,
1440 3429 1562 3527 qui
1593 3430 1661 3500 in
1691 3454 1815 3502 suo
1844 3445 2126 3502 tractatu
2158 3431 2256 3501 De
2280 3456 2558 3501 sacram.
2590 3431 2881 3500 matrim.

661 3569 721 3616 c.
765 3570 856 3618 lx.
889 3544 1299 3641 distinguere
1332 3546 1522 3617 visus
1564 3561 1670 3615 est
1711 3545 2032 3617 rationem
2069 3560 2451 3618 contractus
2489 3570 2532 3616 a
2566 3543 2889 3640 dignitate

666 3661 1100 3745 sacramenti,
1159 3659 1481 3759 illamque
1515 3659 1603 3730 ab
1640 3658 1767 3731 hac
1818 3660 2224 3760 quandoque
2272 3658 2598 3758 separari.
2642 3659 2786 3732 Hac
2820 3659 2885 3729 in

665 3909 926 3966 ovicula
949 3910 1236 3962 benedictio
1260 3921 1424 3974 quam
1443 3921 1695 3960 sumnus
1714 3910 1956 3961 sacerdos
1977 3911 2188 3973 imponit
2206 3911 2322 3970 etc.,
2334 3911 2392 3959 ut
2407 3908 2640 3959 admonet
2658 3909 2894 3958 0011th

660 3991 713 4040 ln
748 3990 915 4039 adnot.
944 3990 1008 4039 ad
1026 3991 1156 4041 tuane
1179 3991 1342 4055 epist„
1357 3992 1445 4040 aut
1467 3991 1644 4041 saltem
1661 3989 1814 4039 dubia
1834 4004 1910 4041 res
1932 3994 2039 4052 αις
2074 3989 2255 4039 frustra
2280 3991 2445 4039 autem
2469 3992 2694 4052 vasquez
2723 3990 2893 4037 contra

658 4072 881 4122 veterum
910 4069 1312 4122 docummtomm
1326 4111 1327 4118 1
1343 4070 1678 4122 testimonium
1715 4073 1859 4134 negat
1891 4070 2057 4120 datam
2089 4070 2238 4120 fuisse
2272 4068 2659 4120 benedictionem
2692 4079 2891 4131 sponsa·

658 4150 806 4201 libum
828 4151 999 4200 cetera
1019 4163 1147 4213 quae
1165 4152 1338 4203 adiicit
1355 4153 1628 4203 decretoria
1658 4152 1858 4202 omnino
1872 4188 1887 4212 ‚
1909 4151 2084 4200 saltem
2113 4149 2297 4212 aliqua,
2319 4163 2418 4200 non
2439 4149 2892 4199 videntur-..Verum

662 4229 862 4294 quidem
885 4233 982 4290 est,
1003 4229 1137 4292 quod
1156 4230 1237 4279 hic
1251 4233 1488 4281 mentm
1508 4231 1574 4280 sit
1595 4231 1884 4293 posthumus
1900 4243 1958 4278 ac
1977 4229 2138 4279 solum
2157 4229 2413 4279 inchoatus
2425 4265 2440 4286 .
2463 4228 2649 4290 quique
2665 4225 2894 4277 mundis

659 4311 794 4362 euris
812 4325 846 4360 a
865 4309 1134 4373 vasquezio
1158 4309 1267 4372 ipso
1283 4311 1571 4362 emendatus
1593 4310 1782 4359 suisset.
2692 4341 2700 4350 .
2887 4345 2890 4348 ,

810 4390 880 4453 (ι)
910 4388 1177 4465 ιιὺχνιιι.
1203 4397 1310 4450 cap.
1333 4391 1464 4437 xm.
1489 4401 1540 4436 n.
1572 4396 1612 4437 ι.
1640 4395 1685 4436 2.
