3276 5083
595 396 729 468 216
1002 421 1123 471 m.
1165 423 1210 470 1.
1252 421 1423 471 sacr.
1468 421 1725 471 aarum.
1762 421 1843 470 ns
1878 420 2141 472 urunt.
2176 419 2390 469 cmm.

591 541 813 611 iunxit
863 541 1041 611 homo
1091 566 1218 611 non
1265 554 1554 637 separet,
1611 539 1700 612 ob
1749 563 1895 612 eam
1949 537 2369 637 potissimum
2434 537 2753 613 rationem
2788 598 2804 626 ,

591 652 773 751 quod
824 671 981 726 sunt
1028 667 1457 725 sacramenta.
1516 651 1873 725 Enimvero
1922 651 2236 748 coniugia
2284 667 2581 723 veterum
2605 709 2623 739 ,
2677 652 2813 726 Deo

594 769 745 867 ipso
796 768 1217 867 permittente
1237 825 1253 854 ‚
1311 792 1431 866 per
1481 766 1783 840 libellum
1834 767 2098 865 repudii
2141 767 2548 868 quandoque
2597 768 2816 843 solve·
2875 858 2878 862 Α

593 884 855 955 bantur.
889 884 1033 955 Etsi
1070 898 1292 955 autem
1330 897 1484 955 ante
1516 880 1992 983 Babylonicam
2027 883 2478 982 captivitatem
2511 885 2622 958 vix
2644 942 2661 972 ,
2701 900 2819 958 aut

594 1025 678 1072 ne
711 999 822 1072 vix
857 997 1131 1099 quidem
1168 1024 1316 1071 eam
1355 997 1883 1085 concessionem,
1927 1024 2045 1072 seu
2085 998 2308 1096 potius
2334 999 2815 1096 indulgentiam

594 1113 881 1185 duritiae
927 1112 1153 1185 cordis
1194 1138 1421 1187 eorum
1461 1112 1739 1185 'hebraei
1782 1111 1850 1184 in
1897 1113 2153 1210 praxim
2202 1111 2599 1185 deduxerint
2630 1115 2808 1208 (16);

596 1245 750 1326 post
801 1228 1088 1301 reditum
1142 1244 1362 1301 tamen
1409 1254 1449 1301 a
1498 1228 1884 1327 captivitate
1917 1285 1932 1312 ‚
1998 1227 2399 1326 pedetentim
2448 1228 2540 1300 ita
2589 1227 2810 1301 iudaei

595 1344 932 1443 progressi
968 1358 1124 1417 sunt
1158 1345 1228 1415 in
1265 1343 1773 1443 multiplicando
1807 1342 2134 1427 divortio,
2177 1343 2246 1413 in
2283 1338 2478 1440 peius
2512 1342 2812 1442 quotidie

594 1459 943 1533 ruentibus
994 1459 1329 1545 moribus,
1377 1475 1450 1531 ut
1499 1484 1580 1531 ex
1630 1458 1872 1558 quavis
1923 1455 2270 1530 levissima
2319 1482 2528 1530 causa
2574 1483 2813 1531 uxores

596 1573 1033 1658 dimitterent,
1078 1573 1258 1671 quod
1293 1589 1476 1646 certo
1523 1590 1791 1645 constat
1837 1588 1975 1645 tum
2029 1598 2111 1644 ex
2162 1572 2504 1672 proposita
2553 1598 2594 1644 a
2646 1572 2817 1671 pha-

592 1689 831 1760 risaeis
882 1687 1146 1760 Christo
1197 1689 1622 1786 quaestione,
1682 1705 1820 1761 tum
1857 1714 1938 1760 ex
1975 1687 2241 1761 illorum
2291 1703 2663 1787 temporum
2714 1687 2814 1758 hi-

594 1803 803 1875 storia
843 1805 1020 1898 (17).
1055 1801 1232 1877 Satis
1267 1802 1463 1875 nobis
1516 1802 1626 1877 hic
1678 1805 1768 1877 sit
1817 1802 2376 1890 animadvertere,
2430 1802 2608 1902 quod
2657 1801 2813 1876 licet

597 1916 924 1989 immerito
971 1933 1037 1988 et
1082 1930 1314 1989 contra
1371 1914 1537 2013 legis
1588 1943 1862 1991 sensum
1913 1933 1980 1990 et
2029 1917 2341 2016 spiritum
2391 1933 2663 2014 agerent
2707 1916 2812 1989 iu-

596 2028 771 2105 dsici
824 2031 1162 2118 doctores,
1209 2030 1370 2103 dum
1421 2031 1687 2105 divortii
1733 2057 1976 2106 causas
2036 2032 2206 2105 adeo
2252 2030 2804 2130 multiplicarent,

593 2140 1039 2221 nihilominus
1091 2162 1344 2222 certum
1398 2163 1547 2235 est,
1605 2149 1881 2248 Moysen
1928 2148 2011 2220 ob
2061 2149 2376 2220 duritiam
2425 2148 2640 2220 cordis
2669 2204 2687 2232 ,
2743 2164 2816 2220 ut

591 2263 894 2361 loquitur
942 2262 1252 2336 Christus
1306 2262 1535 2335 Matth.
1576 2263 1749 2333 xlx.
1784 2264 2159 2360 permisisse
2186 2261 2457 2335 iudaeis·
2485 2262 2817 2335 dimittere

597 2403 837 2452 uxores
889 2404 1080 2465 suaS,
1134 2393 1203 2450 et
1252 2376 1558 2476 quidem,
1616 2393 1692 2450 ut
1739 2376 1983 2474 legitur
2031 2378 2227 2449 Deut.
2269 2377 2492 2448 XXIV.
2552 2393 2819 2475 propter

596 2493 889 2592 aliquam
936 2492 1306 2592 foeditatem
1318 2519 1340 2577 ‚·
1380 2490 1539 2565 hinc
1572 2491 1701 2564 sub
1734 2491 1881 2590 lege
1914 2491 2212 2566 mosaica
2260 2491 2645 2590 coniugium
2684 2516 2813 2565 non

593 2624 738 2682 erat
785 2608 1058 2680 omnino
1110 2606 1603 2679 indissolubile.

739 2721 870 2792 Sed
933 2747 1150 2819 neque
1216 2720 1345 2793 hac
1408 2720 1716 2795 fruuntur
1778 2723 2159 2797 omnimoda
2227 2721 2815 2795 indissolubilitate

591 2834 930 2908 connubia
965 2834 1034 2905 in
1073 2833 1459 2908 infidelitate
1512 2853 1886 2925 contracta,
1941 2837 2238 2936 alioquin
2275 2836 2459 2910 nullo
2494 2861 2813 2934 umquam

594 2949 664 3019 in
711 2973 875 3020 casu
927 2945 1222 3045 legitime
1265 2965 1540 3046 possent
1579 2948 1884 3024 dissolvi.
1928 2951 2012 3022 At
2049 2949 2420 3023 infidelium
2472 2950 2813 3024 matrimo-

594 3063 711 3136 nia
760 3062 1039 3136 dissolvi
1093 3064 1497 3164 quandoque
1547 3091 1747 3164 posse
1797 3081 2047 3139 certum
2116 3065 2366 3165 pariter
2425 3080 2528 3138 est
2560 3121 2575 3151 ,
2632 3062 2810 3163 quod

596 3178 665 3251 in
697 3178 1079 3278 insequenti
1127 3178 1299 3254 libro
1339 3179 1854 3254 declarabimus.
1896 3181 2126 3254 Restat
2158 3181 2363 3277 igitur
2393 3195 2470 3252 ut
2501 3178 2813 3252 christia-

597 3320 833 3368 norum
875 3293 1257 3391 coniugium
1292 3295 1427 3366 iam
1462 3311 1995 3370 consummatum
2029 3320 2307 3402 prorsus
2342 3291 2813 3366 indissolubile

596 3408 859 3482 dicatur
891 3424 958 3481 et
993 3408 1082 3481 sit
1113 3407 1200 3481 ob
1235 3408 1449 3482 solam
1495 3409 1817 3482 rationem
1864 3410 2276 3482 sacramenti.
2323 3407 2584 3494 Quibus
2620 3430 2813 3505 prae-

600 3524 853 3610 missis,
906 3548 1189 3621 pronum
1225 3539 1328 3598 est
1361 3523 1674 3620 colligere
1722 3524 2120 3598 enunciatae
2167 3522 2380 3597 thesis
2427 3522 2803 3606 veritatem,

597 3638 855 3712 scilicet
900 3637 1097 3711 civile
1144 3637 1530 3737 coniugium
1580 3638 1929 3714 absolutae
1976 3638 2323 3713 christiani
2374 3636 2671 3734 coniugii
2709 3635 2813 3707 fir·

600 3753 813 3828 mitati
864 3752 1230 3826 adversari..

741 3866 1069 3964 ¹Coniugia
1133 3867 1408 3968 quidem
1455 3893 1637 3943 mere
1682 3867 1911 3943 civilia
1941 3924 1960 3952 ‚
2017 3868 2077 3941 si
2128 3867 2197 3939 in
2248 3892 2325 3940 se
2371 3879 2753 3965 spectentur
2787 3917 2803 3947 ,

601 3999 674 4055 ut
740 3983 935 4057 toties
985 3983 1313 4076 diximus,
1377 4009 1598 4083 neque
1647 3998 2135 4058 sacramentum
2185 3997 2345 4056 sunt
2392 4006 2609 4081 neque
2655 4003 2815 4053 con-

595 4267 602 4291 ¹
746 4203 847 4288 (te)
877 4203 955 4255 cr.
980 4203 1139 4255 Drsch
1163 4207 1249 4257 Du
1271 4199 1482 4278 divorces
1502 4204 1636 4257 dans
1655 4206 1713 4274 ζα
1732 4217 2045 4270 annuaque.
2077 4209 2230 4258 Rome
2265 4209 2400 4257 1840.
2424 4204 2598 4255 Ρνέηι.
2627 4206 2819 4267 speque

593 4285 963 4428 Ψῗῗιξὶηὲἑ.
992 4364 1217 4418 seconde
1245 4366 1440 4430 speque
1461 4379 1579 4429 pag.
1607 4373 1671 4417 et
1696 4378 1834 4428 seqq.
