3276 5083
747 407 883 456 cu.
918 406 1006 455 iv.
1042 406 1121 455 nr.
1156 404 1392 457 Anaua.
1421 376 1537 455 mio
1564 404 1722 455 mas
1746 406 1826 455 ns
1851 405 2040 456 iura.
2067 403 2280 456 civim.
2490 386 2625 457 335

1261 560 1680 617 ARTICULUS
1717 561 1761 614 1.

420 708 844 785 Expenduntur
872 713 1213 785 argumenta
1251 723 1357 784 pro
1391 707 1515 783 lege
1556 705 1667 767 sub
1693 714 1928 783 aspectu
1955 708 2317 782 potissimum
2359 707 2614 783 politico.

1420 874 1493 972 §-
1553 875 1605 945 1.

719 1026 931 1091 Spiritus
959 1026 1182 1078 cultioris
1212 1026 1386 1077 aetatis
1415 1038 1476 1077 ae
1506 1025 1749 1090 principia
1776 1024 2034 1090 subalpini
2065 1024 2317 1075 Gubernii.

556 1175 657 1249 Ab
692 1202 806 1263 eo,
849 1177 968 1275 qui
1004 1175 1217 1274 legem
1254 1175 1549 1248 comitiis
1593 1175 1978 1275 subalpinis
2030 1175 2418 1275 proposuit,
2467 1173 2634 1248 haee

413 1291 672 1392 prolata
723 1290 1031 1364 fuerunt:
1089 1321 1121 1361 α
1155 1289 1450 1390 Antiqua
1491 1317 1571 1364 ao
1620 1315 1856 1364 recens
1911 1290 2167 1389 patriae
2219 1305 2486 1364 nostrae
2537 1289 2634 1362 le-

408 1407 676 1506 gislatio
712 1406 1196 1507 dependentem
1233 1406 1485 1480 faciunt
1510 1405 1785 1479 omnino
1810 1405 2222 1479 validitatem
2249 1419 2629 1478 contractus

410 1521 633 1596 civilis
670 1512 1073 1596 matrimonii
1111 1548 1151 1593 a
1187 1523 1660 1593 consecratione
1694 1519 2041 1618 reliqiosa,
2085 1518 2153 1591 id
2189 1535 2292 1592 est
2326 1517 2413 1591 ab
2448 1535 2624 1606 actu,

408 1636 475 1708 in
544 1661 680 1737 quo
738 1635 1136 1734 gubernium
1205 1661 1283 1708 ac
1345 1636 1782 1733 magistratus
1849 1633 2104 1715 civile&
2146 1633 2317 1706 nihil
2386 1632 2637 1706 habent

409 1776 784 1825 commune.
845 1751 930 1825 At
976 1777 1133 1826 vero
1180 1750 1310 1824 hoo
1363 1750 1733 1824 consistere
1785 1775 1919 1823 non
1965 1765 2183 1849 potest
2218 1776 2360 1822 cum
2392 1750 2636 1847 spiritu

411 1867 529 1964 qui
565 1882 969 1965 praesentem
1034 1867 1501 1938 humanitatem
1549 1866 1620 1935 in
1675 1866 1795 1937 hac
1845 1864 2113 1937 cultiori
2157 1881 2364 1937 aetate
2424 1865 2635 1963 infor-

408 1996 545 2053 mat
565 2036 584 2064 ,
627 2007 845 2080 neque
880 2008 1043 2053 cum·
1053 1981 1408 2078 principiis
1443 1980 1681 2076 quibus
1715 1994 2008 2051 nostrum
2038 1980 2426 2078 qubernium
2460 1982 2635 2078 reqi-

414 2107 520 2164 tur
560 2095 740 2188 (3).»
766 2093 941 2167 Hinc
980 2119 1218 2167 novam
1264 2093 1478 2190 legem
1510 2093 1859 2193 proponit,
1893 2119 2028 2191 qua
2058 2108 2390 2166 statuatur
2415 2093 2635 2191 primo

412 2205 724 2305 quidem,
781 2225 857 2280 ut
904 2208 1289 2305 coniugium
1342 2204 1577 2280 civiles
1623 2233 1758 2280 non
1820 2206 2066 2279 habeat
2112 2206 2392 2280 effectus
2424 2265 2440 2295 ,
2501 2207 2634 2280 nisi

412 2338 743 2420 quatenus
787 2339 978 2396 actus
1029 2323 1323 2420 coniugii
1382 2323 1450 2393 in
1507 2321 1790 2419 regestis
1841 2321 2273 2419 magistratus
2322 2319 2544 2395 civilis
2595 2348 2636 2395 a

409 2438 957 2512 contrahentibus
995 2438 1495 2526 conscribaturj
1526 2437 1776 2509 deinde
1801 2463 1958 2511 vero
1994 2451 2067 2509 ut
2101 2437 2488 2536 coniugium
2522 2462 2636 2511 co-

415 2579 555 2626 ram
607 2554 788 2628 civili
845 2554 1068 2629 iudice
1119 2554 1441 2630 celebrari
1487 2555 1738 2655 possit,
1791 2581 1998 2654 quum
2042 2553 2356 2652 religiosa
2407 2556 2637 2628 matri-

411 2670 616 2744 monii
667 2672 1080 2745 oonsecratio
1134 2671 1353 2746 locum
1412 2670 1663 2745 habere
1714 2698 1849 2745 non
1902 2671 2212 2771 potuerit.

1331 2868 1708 2967 Responsio.

557 3035 705 3108 Duo
739 3035 943 3133 igitur
977 3037 1348 3110 afferuntur
1381 3038 1630 3110 motiva
1666 3036 1753 3110 ad
1791 3035 2247 3135 abrogandam
2286 3039 2635 3137 antiquam

419 3162 882 3247 recentemque
930 3147 1416 3246 legislationem
1467 3151 1648 3223 circa
1698 3151 2230 3238 matrimonium,
2277 3166 2342 3223 et
2381 3152 2466 3224 ad
2519 3178 2636 3226 no-

414 3288 566 3336 vam
610 3262 1150 3336 substituendam
1201 3262 1453 3360 legem:
1505 3283 1647 3338 tum
1687 3263 2003 3339 videlicet
2040 3268 2313 3364 spiritus
2346 3268 2463 3366 qui
2510 3266 2637 3340 hu-

427 3377 814 3452 manitatem
851 3403 973 3452 seu
1008 3377 1272 3452 civilem
1309 3375 1560 3452 cultum
1603 3394 1819 3451 aetate
1856 3379 1982 3452 hac
2013 3396 2241 3453 nostra
2282 3380 2631 3467 informat,

421 3509 559 3565 tum
569 3496 907 3593 principia
926 3494 1174 3594 quibus
1195 3519 1440 3568 novum
1469 3494 1722 3593 regitur
1745 3492 2174 3595 subalpinum
2202 3494 2628 3593 gubernium.

417 3607 528 3680 Sic
566 3608 769 3681 etiam
810 3609 944 3683 duo
976 3624 1440 3709 proponuntur
1474 3634 1646 3683 nova
1683 3609 1813 3682 hac
1854 3608 2001 3706 lege
2033 3608 2498 3696 deoernenda;
2540 3611 2639 3683 al·-

419 3741 632 3798 terum
657 3782 673 3811 ,
716 3726 897 3825 quod
935 3752 1066 3801 non
1103 3725 1373 3826 possint
1406 3725 1534 3800 frui
1572 3725 1924 3800 effectibus
1958 3725 2272 3802 civilibus
2294 3784 2311 3814 ,
2352 3753 2640 3826 quorum

417 3840 929 3915 matrimonialis
983 3857 1361 3917 contractus
1397 3843 1467 3915 in
1505 3841 1753 3915 tabulis
1802 3859 2099 3916 actorum
2151 3841 2453 3917 civilium
2503 3870 2639 3918 non

421 3955 619 4030 suerit
675 3956 1083 4055 inscriptus3
1140 3957 1420 4031 alterum
1470 3984 1627 4032 vero
1662 4017 1677 4045 ,
1735 3958 1916 4057 quod
1963 3958 2076 4031 hic
2125 3973 2505 4033 contractus
2556 3984 2637 4032 ex

423 4096 496 4144 se
546 4070 690 4144 solo
734 4068 1029 4144 sufficiat
1070 4069 1153 4143 ad
1202 4071 1578 4171 legitimum
1626 4071 2167 4146 constituendum
2209 4072 2630 4171 coniugium,

555 4277 624 4338 (3)
658 4277 995 4330 Par-lamento
1016 4277 1190 4330 sardo.
1208 4280 1427 4329 camera
1461 4277 1547 4329 dei
1583 4277 1839 4343 deputati.
1862 4280 2074 4329 Tornata
2091 4279 2170 4331 dei
2197 4286 2271 4332 12.
2287 4282 2480 4344 Giugno
2503 4287 2636 4332 1852

425 4367 530 4416 pag.
550 4362 656 4408 517.
676 4359 771 4409 ool.
796 4367 841 4410 2.
