3276 5083
640 450 776 520 1⁰8
1053 472 1175 523 m.
1217 474 1265 521 1.
1307 472 1479 522 sscr.
1524 473 1569 523 1.
1597 472 2414 524 caurumsicnunro.

779 590 1089 665 Decimus
1138 607 1243 664 est
1290 590 1553 665 concilii
1606 592 2132 666 constantiensis
2183 591 2312 666 sub
2355 592 2635 667 Martino
2666 592 2742 665 V.
2783 595 2856 666 in

638 707 770 780 fine
817 707 1104 780 concilii.
1143 708 1283 780 lam
1313 733 1473 781 vero
1507 707 1862 782 concilium
1895 709 2397 782 constantiense
2447 707 2619 780 nihil
2672 708 2857 783 aliud

634 823 951 907 continet,
994 823 1173 922 quod
1211 823 1294 895 ad
1334 848 1470 895 rem
1525 840 1818 897 nostram
1870 824 2212 910 referatur,
2273 840 2534 922 praeter
2582 824 2862 898 interro-

633 938 998 1036 gationem,
1042 957 1218 1036 quae
1252 936 1394 1009 fieri
1431 935 1719 1010 debebat
1744 938 1829 1010 de
1854 937 2115 1011 haeresi
2151 938 2527 1036 suspectis:
2567 968 2604 1007 a
2625 939 2862 1012 Utrum

634 1054 899 1139 credat,
942 1052 1123 1152 quod
1156 1052 1568 1126 christianus
1619 1069 2046 1127 contemnens
2097 1053 2587 1153 susceptionem
2638 1079 2864 1128 sacra·

635 1183 1007 1241 mentorum
1059 1167 1617 1254 confirmationis,
1677 1167 1780 1241 vel
1832 1141 2164 1242 extremae
2194 1169 2567 1256 unctioniS,
2609 1185 2729 1241 aut
2758 1195 2863 1242 so·

638 1283 1112 1355 lemnisatioais
1134 1283 1537 1355 matrimonii
1559 1298 1790 1381 peccet
1811 1283 2176 1358 mortaliter
2193 1286 2338 1379 (12)
2357 1313 2421 1354 .»
2435 1284 2504 1355 Si
2527 1284 2691 1384 quid
2708 1309 2863 1384 pro-

636 1396 753 1472 bat
803 1397 1133 1471 eiusmodi
1182 1398 1577 1483 auctoritas,
1634 1397 1885 1496 probat·
1920 1423 2056 1470 non
2101 1424 2258 1471 esse
2304 1400 2860 1474 contemnendam

633 1512 1220 1585 solemnizationem
1246 1511 1648 1586 sacramenti
1677 1512 2117 1598 matrimonii,
2151 1512 2456 1613 nihilque
2481 1530 2851 1612 praeterea.

639 1627 965 1712 Quocirca
1010 1641 1079 1700 et
1129 1626 1241 1700 hic
1288 1644 1508 1700 textus
1558 1644 1664 1700 est
1711 1627 2166 1726 seponendus.

784 1742 1188 1816 Undecimus
1238 1758 1343 1815 est
1388 1742 1749 1816 Clementis
1798 1742 1894 1814 De
1934 1743 2310 1840 privileqiis
2371 1744 2666 1841 reliyiosi
2692 1800 2709 1828 ,
2779 1765 2864 1818 ac

637 1859 963 1957 reperitur
1009 1858 1185 1932 inter
1230 1857 1682 1930 Clementinas
1733 1858 1851 1929 lib.
1893 1859 1968 1930 V.
2026 1859 2130 1931 tit.
2172 1860 2311 1930 vll.
2352 1861 2453 1931 De
2488 1859 2864 1959 privilegiis

634 1995 791 2071 cap.
849 1973 902 2043 1.
958 1972 1276 2070 Reliqiosi
1322 1971 1431 2044 his
1481 1971 1741 2045 v'erbis:
1791 1972 2208 2071 «Religioni,
2248 1974 2366 2073 qui
2402 1974 2695 2061 clericis,
2739 1990 2861 2048 aut

634 2087 828 2162 laicis
892 2073 1381 2161 sacramentum
1443 2087 1775 2160 unctionis
1835 2105 2165 2163 extremae
2184 2145 2199 2175 ,
2255 2087 2360 2163 vel
2410 2089 2862 2162 eucharistiae

636 2205 1021 2278 ministrare
1038 2262 1052 2291 ,
1085 2205 1579 2276 matrimoniave
1610 2205 2066 2287 solemnizare,
2101 2230 2231 2277 non
2258 2204 2489 2277 hahita
2515 2231 2723 2304 supra
2748 2205 2863 2279 his

639 2320 1035 2419 paroecialis
1086 2319 1456 2419 presbyteri
1509 2318 1783 2391 licentia
1835 2317 2112 2417 speciali
2165 2319 2856 2418 praesumpserint...

636 2433 1336 2509 excommunicationis
1373 2434 1714 2507 incurrant
1748 2433 2141 2506 sententiam
2171 2434 2320 2532 ipso
2344 2433 2542 2508 facto.
2558 2463 2593 2503 »
2613 2435 2689 2506 ln
2709 2434 2866 2533 qui-

639 2550 771 2623 bus
805 2549 1027 2623 verbis
1056 2550 1114 2621 si
1141 2550 1299 2648 quis
1332 2548 1494 2622 velit
1527 2549 1879 2646 quidpiam
1915 2548 2445 2647 deprehendere,
2477 2549 2662 2649 quod
2689 2549 2858 2623 Cani

638 2664 1009 2737 sententiae
1033 2663 1255 2736 favere
1281 2664 1607 2749 videatur,
1642 2690 1773 2737 non
1806 2662 1989 2736 aliud
2010 2664 2072 2737 ei
2099 2665 2428 2738 succurrit
2456 2691 2664 2763 quam
2689 2664 2859 2737 illud

634 2780 1124 2850 matrimoniave
1154 2778 1612 2863 solemnizare,-
1636 2794 1707 2852 at
1736 2804 1893 2853 vero
1929 2779 2098 2853 haec
2131 2779 2448 2879 loquendi
2491 2779 2666 2854 ratio
2701 2805 2863 2853 con—

635 2891 908 2964 trarium
946 2891 1167 2990 potius
1198 2892 1501 2966 evincere
1541 2892 1841 2978 videtur,
1886 2893 1945 2965 si
1981 2909 2408 2992 comparetur
2446 2919 2601 2967 cum
2634 2893 2859 2967 verbis

634 3007 1186 3107 praecedentibus
1204 3066 1219 3095 ,
1247 3008 1497 3108 quibus
1536 3007 1910 3107 presbyteri
1945 3035 2100 3082 vere
2133 3009 2452 3082 dicuntur
2482 3010 2857 3080 ministram

636 3140 1053 3199 sacramenta
1086 3139 1416 3197 extremae
1449 3124 1785 3198 unctionis
1820 3141 1886 3198 et
1918 3124 2364 3198 eucharistiae
2384 3181 2401 3210 ,
2438 3139 2666 3197 contra
2700 3148 2864 3197 vero

634 3268 786 3315 cum
841 3266 1061 3314 sermo
1109 3257 1215 3314 est
1259 3241 1346 3313 de
1394 3240 1815 3314 matrimonio
1841 3297 1856 3327 ,
1913 3267 1993 3314 eo
2042 3241 2192 3340 ipso
2242 3240 2424 3338 quod
2476 3238 2861 3314 sacerdotes

634 3356 780 3429 eius
831 3355 1118 3428 ministri
1169 3381 1302 3428 non
1353 3355 1528 3440 sint,
1586 3355 1902 3429 dicuntur
1937 3354 2104 3427 illud
2136 3354 2591 3438 solemnizare,
2637 3380 2763 3426 seu
2795 3356 2861 3427 ei

634 3474 980 3559 assistere,
1025 3487 1097 3543 ut
1132 3469 1474 3570 publicum
1523 3496 1648 3570 per
1696 3496 1923 3544 eorum
1976 3470 2424 3569 praesentiam
2459 3486 2526 3542 et
2558 3467 2864 3542 solemne

632 3588 872 3661 evadat
902 3614 983 3661 ex
1018 3603 1238 3659 mente
1287 3584 1632 3660 ecclesiae.
1670 3587 1844 3683 Ergo
1878 3602 1944 3659 et
1977 3586 2088 3660 hic
2122 3602 2338 3660 textus
2375 3613 2416 3660 a
2447 3609 2657 3660 causa
2692 3583 2857 3658 Cani

637 3701 1069 3801 seponendus
1123 3716 1249 3774 est.

633 3887 741 3937 sive
757 3888 823 3936 sit
843 3888 1169 3939 iuramentum
1182 3925 1196 3950 ,
1220 3887 1325 3938 sive
1344 3900 1441 3937 non
1454 3925 1469 3950 ,
1492 3900 1589 3937 non
1610 3885 1724 3937 licet
1744 3888 1933 3938 mulieri
1954 3888 2036 3937 alii
2059 3888 2266 3948 nubere,
2290 3889 2339 3937 et
2355 3887 2395 3936 si
2419 3888 2661 3951 nupserit,
2681 3888 2732 3936 et
2753 3887 2852 3935 iue-

634 3968 700 4017 rit
720 3969 931 4018 carnaiis
953 3969 1128 4032 copula
1148 3968 1506 4029 subsecuta,ab
1523 3982 1582 4019 eo
1602 3968 1813 4031 separari
1833 3968 2001 4029 debet,
2024 3968 2073 4017 et
2094 3970 2149 4017 ut
2174 3966 2235 4017 ad
2259 3967 2470 4030 primum
2492 3966 2658 4016 redeat
2672 4003 2688 4028 ,
2711 3965 2864 4016 eccie-

633 4046 831 4097 siastica
860 4046 1166 4099 districtione
1192 4047 1532 4112 compenis&
1546 4047 1699 4111 igitur
1720 4047 1884 4111 perfici
1914 4048 2104 4110 poterat
2131 4046 2498 4096 matrimonium
2519 4045 2668 4095 etiam
2687 4057 2859 4095 coram

629 4126 744 4179 solo
763 4129 972 4177 notar-w
987 4129 1039 4177 et
1059 4128 1259 4179 idoneis
1279 4129 1497 4179 testibus
1518 4128 1624 4179 sine
1647 4126 1922 4192 praesentia
1939 4126 2233 4187 sacerdotis,
2256 4127 2390 4189 patet
2409 4138 2470 4176 ex
2490 4127 2652 4175 mente
2671 4126 2867 4188 ponus·

631 4208 705 4259 eis
734 4205 1121 4257 benedictionem
1147 4208 1499 4259 sacerdotalem
1521 4207 1723 4257 minime
1744 4208 1966 4269 spectare
1989 4205 2051 4255 ad
2075 4206 2363 4256 sacramenti
2382 4205 2681 4255 matrimonii
2701 4218 2863 4255 essen·

630 4286 754 4337 tiam
767 4323 781 4348 ‚
794 4296 886 4335 nec
902 4284 1108 4348 proinde
1127 4286 1429 4337 sacerdotem
1448 4299 1556 4337 esse
1575 4285 1722 4335 huius
1744 4284 2034 4335 sacramenti
2059 4285 2355 4336 ministrum.
2372 4284 2450 4335 cr.
2475 4283 2605 4347 apud
2621 4284 2868 4336 nardum.

633 4368 765 4418 Acta
782 4362 969 4416 concil.
990 4363 1112 4413 tomi
1129 4366 1212 4413 vi.
1238 4377 1343 4428 par.
1364 4368 1428 4415 11.
1445 4365 1543 4415 eoi.
1567 4368 1702 4414 1782.

774 4444 878 4508 (12)
908 4443 1046 4510 Apud
1070 4442 1318 4495 Labbeum
1337 4447 1459 4495 tom.
1484 4445 1591 4493 xii.
1609 4441 1827 4493 coiaco.
