3276 5083
500 476 639 524 cir.
671 476 738 521 v.
777 475 854 523 ns
892 474 1127 523 mmm.
1161 472 1471 524 commu.
1502 477 1647 525 iar.
1684 476 1752 525 ιι.
1785 476 2022 526 iacun.
2059 476 2412 527 rmnrrton.
2481 455 2616 524 149

397 593 583 667 modi
637 591 894 664 adiecta
945 607 1134 678 sunt,
1198 617 1371 690 quae
1432 592 1727 690 profecto
1788 593 1871 664 ad
1932 593 2330 667 matrimonii
2392 619 2624 667 essen·-

399 708 566 780 tiam
622 731 752 779 non
803 722 1134 805 spectant.

554 820 968 919 Quapropter
1015 844 1167 892 cum
1218 846 1298 892 ex
1349 819 1460 892 his
1513 819 1927 917 exploratum
1981 821 2071 893 sit
2107 838 2329 918 patres
2367 822 2433 892 in
2472 823 2624 921 ipsa

401 934 698 1021 actione,
754 960 892 1032 qua
940 934 1175 1031 sponsi
1229 949 1533 1007 mutuum
1572 934 1704 1008 sibi
1739 961 2141 1009 consensum
2182 937 2502 1035 praebent
2540 937 2623 1010 de

402 1075 762 1148 corporum
799 1050 1190 1137 traditione,
1233 1066 1437 1132 totam
1473 1052 1871 1124 sacramenti
1907 1050 2111 1124 huius
2149 1052 2467 1125 rationem
2507 1081 2624 1152 po-

302 1157 311 1168 *
400 1190 600 1248 nere,
659 1188 880 1262 neque
928 1162 1113 1235 aliud
1173 1163 1609 1237 intrinsecum
1663 1190 1743 1237 ac
1804 1163 2165 1237 essentiale
2225 1163 2621 1238 elementum

401 1277 784 1376 requirere;
843 1276 1210 1350 inseramus
1262 1302 1536 1351 necesse
1584 1296 1730 1365 est,
1785 1304 1901 1351 eos
1953 1294 2293 1377 spectasse
2351 1279 2621 1353 eosdem

401 1390 1265 1489 contrahentestamquam
1317 1391 1518 1465 huius
1572 1393 1974 1472 sacramenti
2011 1392 2387 1481 ministros,
2431 1415 2624 1495 prout

401 1505 875 1578 constituimus
925 1504 997 1576 in
1048 1505 1255 1579 altero
1305 1532 1579 1580 canone.
1640 1508 2009 1580 luseramus
2046 1524 2388 1607 praeterea
2435 1537 2625 1610 opor-

405 1636 500 1693 tet
531 1646 611 1693 ex
644 1620 1028 1694 eorumdem
1063 1621 1368 1694 doctrina
1402 1623 1809 1695 matrimonii
1847 1622 2358 1697 celebrationem
2402 1653 2624 1700 coram
2660 1673 2670 1678 -

398 1736 755 1809 sacerdote
777 1793 794 1821 ‚
836 1737 955 1835 qui
983 1736 1432 1833 impertiretur
1455 1736 1986 1811 benedictionem
2006 1795 2021 1826 ,
2055 1738 2243 1813 daret
2272 1741 2574 1816 velamen
2601 1801 2616 1829 ‚

398 1850 710 1924 dexteras
763 1850 1065 1948 iungeret
1112 1867 1238 1925 etc.
1280 1877 1359 1925 eo
1410 1868 1788 1950 spectasse,
1847 1870 1921 1926 ut
1970 1854 2130 1927 huic
2163 1857 2342 1929 actui
2391 1858 2627 1931 solem-

401 1967 581 2038 nitas
631 1965 1068 2050 adiiceretur,
1127 1983 1192 2039 et
1237 1981 1314 2038 ut
1361 1966 1647 2042 ecclesia
1696 1968 1939 2041 certior
1991 1968 2177 2043 fieret
2210 1970 2296 2043 de
2331 1971 2625 2068 legitima

400 2094 898 2153 coniunctione.

554 2194 901 2292 Superest,
944 2209 1018 2267 ut
1049 2194 1508 2293 expendamus
1543 2195 1944 2268 documenta
1972 2254 1988 2283 ,
2034 2223 2207 2295 quae
2242 2199 2438 2271 nobis
2472 2226 2627 2298 sup-

413 2306 713 2406 peditant
756 2307 1178 2405 euchologia,
1235 2332 1314 2381 ac
1364 2307 1637 2382 rituales
1689 2308 1843 2381 libri
1899 2310 1968 2380 in
2019 2310 2422 2383 matrimonii
2460 2312 2626 2385 cele-

410 2421 736 2494 bratione.

552 2538 754 2611 Porro
786 2536 1209 2613 orientalium
1245 2554 1311 2611 et
1342 2565 1731 2636 graecorum
1767 2538 2200 2639 euchologia,
2252 2569 2425 2641 quae
2468 2543 2626 2616 refe-

401 2668 642 2726 runtur
690 2680 732 2726 a
781 2653 1018 2726 Goario
1075 2653 1219 2749 (19)
1259 2711 1275 2739 ‚
1332 2680 1374 2727 a
1423 2655 1743 2729 Martenio
1801 2657 1945 2752 (20)
1986 2714 2002 2744 ,
2058 2674 2124 2731 et
2171 2684 2213 2731 a
2273 2659 2627 2731 Renaudo-

402 2770 496 2841 tio
537 2770 685 2864 (21)
715 2826 732 2855 ,
786 2768 1145 2843 ostendunt
1195 2769 1443 2867 pariter
1490 2785 1890 2869 apparatum
1943 2771 2133 2846 illum
2185 2772 2625 2847 solemnitatis

551 3029 655 3090 (19)
688 3027 1056 3101 Εὖχολογὶων,
1091 3030 1202 3078 sive
1247 2985 1457 3079 mittola
1499 3041 1830 3092 yraecorum.
1855 3030 2016 3080 Lutei.
2038 3030 2175 3080 Paris
2213 3035 2347 3081 16⁴7.
2376 3029 2624 3091 officium

397 3127 759 3176 coronationis
780 3138 889 3188 pag.
913 3131 1002 3174 385
1023 3137 1161 3187 seqq.
1179 3138 1290 3174 cum
1315 3125 1443 3176 notis
1463 3125 1684 3176 adnexis

548 3202 651 3266 (20)
683 3207 760 3254 De
785 3206 952 3269 antiq.
979 3203 1157 3254 eccles.
1180 3205 1326 3256 ritib.
1351 3204 1437 3254 lib.
1462 3209 1503 3255 i.
1528 3219 1634 3268 cap.
1659 3208 1743 3255 ΙΧ.
1770 3207 1862 3256 art.
1896 3212 1915 3256 i
1949 3219 2088 3269 seqq.

550 3284 652 3345 (21)
687 3283 988 3347 Per-petulci?
1013 3283 1078 3333 dc
1111 3283 1165 3332 la
1186 3282 1301 3344 soi,
1326 3286 1444 3333 tom.
1471 3286 1532 3334 V.
1560 3284 1675 3334 iivr.
1698 3288 1784 3335 vi.
1806 3285 1890 3335 cb.
1917 3292 1964 3335 2.

551 3363 694 3421 Quod
711 3364 755 3413 si
776 3362 955 3413 alicubi
988 3362 1144 3413 nulla
1164 3376 1221 3413 ac
1242 3366 1400 3413 irrita
1430 3365 1682 3415 declarata
1711 3366 1827 3415 sunt
1857 3366 2168 3416 matrimonia
2196 3366 2517 3428 clandestina,
2540 3381 2623 3417 sen

401 3443 569 3506 potius
588 3443 695 3492 sine
715 3441 984 3492 sacerdotis
1005 3441 1337 3492 benedictione
1355 3442 1505 3506 inita,
1527 3443 1576 3493 id
1598 3457 1659 3493 ex
1674 3445 1909 3508 positiva
1934 3443 2267 3508 dispositione
2292 3458 2377 3495 seu
2416 3446 2518 3507 iege
2551 3450 2624 3496 est

403 3524 609 3583 iactum,
626 3524 681 3572 ni
701 3524 834 3585 patet
850 3534 910 3571 ex
931 3521 1013 3587 iis,
1025 3534 1152 3585 quae
1169 3521 1340 3571 scribit
1353 3521 1626 3573 Sobrieusis
1641 3523 1690 3572 in
1701 3525 2123 3587 Epuomaeonon.
2137 3536 2243 3586 par.
2262 3526 2325 3573 ii.
2337 3537 2443 3587 cap.
2460 3528 2522 3574 ii.
2539 3524 2622 3574 ubi

406 3600 556 3650 refert
573 3604 763 3662 panum
781 3602 990 3661 statuta,
1016 3601 1066 3650 in
1089 3600 1269 3664 quibus
1299 3601 1570 3665 sponsalia
1601 3614 1766 3666 neque
1796 3615 1860 3653 ae
1892 3605 2254 3663 matrimonia,
2282 3617 2408 3667 quae
2438 3609 2626 3667 praeter

402 3679 726 3730 christianum
751 3680 899 3730 ritum
922 3680 1106 3743 absque
1129 3681 1418 3744 presbyteris
1435 3685 1486 3731 et
1505 3682 1709 3732 testibus
1726 3682 2057 3744 celebrantur,
2078 3682 2386 3733 declarantur
2409 3684 2544 3735 irrita
2564 3698 2623 3734 ac

403 3760 559 3811 nulia:
584 3758 761 3811 deiude
774 3774 882 3825 cap.
897 3768 943 3812 3.
957 3760 1142 3811 subdit:
1162 3761 1241 3811 «Si
1261 3762 1374 3825 quis
1388 3761 1438 3810 in
1453 3775 1510 3812 ea
1528 3762 1722 3824 regione
1735 3763 1898 3823 inerit,
1913 3761 1997 3812 ubi
2012 3761 2177 3811 nuilus
2190 3762 2417 3814 sacerdos
2430 3764 2622 3826 existat,

400 3841 622 3905 quinque
637 3844 724 3890 aut
740 3843 954 3904 quatuor
972 3840 1037 3890 ad
1058 3841 1313 3890 minimum
1325 3841 1530 3892 testibus
1548 3841 1798 3904 adhibitis,
1810 3841 2177 3893 matrimonium
2194 3843 2298 3892 tum
2312 3843 2531 3894 contrahi
2551 3843 2626 3895 ias

401 3923 491 3970 est:
502 3920 782 3971 benedictio
796 3923 957 3971 tamen
970 3934 1001 3970 a
1017 3920 1269 3971 sacerdote
1288 3924 1453 3984 postea
1469 3921 1684 3985 suppleri
1700 3921 1858 3971 debet.
1868 3920 2319 3979 »Quemadmodum
2335 3936 2508 3987 nempe
2523 3924 2627 3974 tieri

397 3999 676 4061 consuevit,
698 3999 898 4062 quando
920 3999 969 4048 iu
986 3999 1282 4049 necessitatis
1295 4012 1410 4049 casu
1432 3999 1482 4049 in
1502 3999 1708 4062 privatis
1728 4000 1931 4050 aedibus
1950 3999 2190 4063 baptisma
2208 4000 2625 4063 consertur,cuius

400 4080 708 4129 armoniae
740 4081 910 4142 postea
946 4079 1158 4143 suppleri
1192 4078 1385 4129 debent.
1406 4079 1485 4129 cr.
1510 4086 1858 4129 assemanuum
1883 4080 1930 4129 in
1954 4082 2168 4130 Dissere.
2190 4079 2256 4130 de
2275 4083 2407 4143 syris
2430 4083 2618 4131 nestor.

402 4172 513 4222 pag.
537 4160 819 4209 cccxviii
843 4170 979 4222 seqq.
1007 4162 1058 4207 in
1078 4171 1225 4222 quem
1259 4172 1456 4208 sensum
1494 4159 1824 4209 armeniorum
1853 4160 2124 4210 haereticus
2159 4160 2332 4211 doctor
2362 4160 2623 4222 Gregorius

405 4239 669 4290 Dettietnis
689 4238 740 4288 in
763 4237 848 4289 iib.
863 4240 1125 4301 luten-09.
1145 4238 1211 4289 de
1228 4242 1461 4290 matrim.
1475 4238 1603 4303 apud
1619 4238 1774 4289 ciem.
1788 4238 2028 4290 Galanum
2048 4242 2169 4291 tom.
2186 4243 2252 4291 ii.
2267 4254 2374 4305 pag.
2387 4238 2621 4291 mmeri-

404 4318 503 4369 bit:
531 4319 747 4384 «iincipit
771 4318 1138 4370 matrimonium
1159 4332 1244 4383 per
1264 4321 1535 4383 sponsalia,
1557 4319 1645 4370 sed
1667 4318 1949 4382 conficitur
1979 4334 2078 4386 per
2111 4333 2417 4373 consensum
2452 4319 2624 4371 verbu

406 4410 731 4461 expressum,
751 4398 963 4448 duarum
982 4398 1113 4450 enim
1130 4399 1437 4450 voluntatum
1456 4411 1723 4451 consensus
1739 4399 1934 4450 coniicit
1955 4401 2346 4461 matrimoninm3
2373 4397 2621 4464 perficitur
