3276 5083
677 435 809 505 260
1057 456 1177 504 us.
1222 456 1266 502 1.
1310 454 1479 501 secr.
1524 452 1780 499 1111111111.
1827 452 1903 498 ns
1942 411 2204 499 nuntii..
2239 448 2450 498 civiti.

666 572 750 647 ad
799 572 1041 645 cultum
1095 572 1464 670 pertinent,
1514 567 1931 641 exercebant.
1978 567 2394 665 Quapropter
2437 562 2868 663 spectabatur

666 693 1023 790 imperator
1054 689 1148 758 uti
1183 687 1418 783 genius
1456 684 1753 757 tutelaris
1792 679 2625 781 reipublicae(1).Exinde
2652 682 2858 780 repeti

662 803 906 877 debent
970 818 1226 874 atroces
1294 800 1449 871 illae
1498 827 1576 871 ac
1627 824 1962 897 pugnaces
2017 796 2513 895 persecutiones
2541 854 2556 879 ‚
2614 790 2865 893 quibus

668 918 872 989 iidem
926 915 1420 988 insectabantur
1466 914 1869 985 christianos
1924 938 2054 984 non
2118 910 2333 983 solum
2381 925 2453 980 ut
2504 909 2750 1007 impios
2800 924 2867 980 et

669 1033 1030 1128 sacrilegos
1055 1089 1069 1115 ‚
1110 1056 1338 1102 verum
1376 1031 1573 1100 etiam
1612 1045 1683 1101 ut
1719 1024 1948 1102 hostes
1983 1053 2061 1099 ac
2096 1025 2376 1097 rebelles
2430 1024 2733 1122 imperii,
2787 1050 2870 1095 eo

671 1146 851 1244 quod
888 1141 1195 1217 ethnicae
1247 1143 1700 1241 superstitioni
1768 1143 2085 1213 nuncium
2139 1140 2559 1211 remisissent
2587 1142 2714 1232 (2).

811 1261 1086 1330 Tantum
1138 1258 1339 1354 igitur
1380 1257 1603 1343 abest,
1649 1272 1721 1327 ut
1758 1256 2007 1328 ethnici
2059 1255 2445 1351 religionem
2482 1280 2521 1324 a
2558 1269 2732 1326 statu
2768 1280 2871 1326 se-

669 1373 1096 1473 paraverint,
1153 1389 1224 1443 ut
1281 1371 1557 1444 alterum
1620 1369 1828 1442 altera
1887 1370 2195 1441 fulcirent
2244 1385 2443 1467 atque
2497 1368 2860 1439 firmarent.

665 1490 784 1559 Vix
818 1504 958 1560 erat
991 1502 1175 1558 actus
1217 1485 1505 1556 alicuius
1554 1484 1906 1568 momenti,
1950 1483 2062 1580 qui
2104 1508 2233 1554 non
2273 1481 2500 1579 aliquo
2550 1480 2870 1576 religioso

672 1603 799 1673 ritu
854 1615 1370 1673 consecraretur.
1419 1600 1615 1669 Porro
1668 1598 2131 1695 imperatores,
2174 1597 2288 1695 qui
2328 1623 2408 1668 ex
2458 1594 2747 1667 ethnicis
2780 1594 2867 1665 ad

671 1715 1039 1786 christiana
1088 1730 1304 1785 castra
1356 1713 1941 1807 transmigrarunt,
2001 1711 2189 1782 hisce
2239 1711 2503 1808 placitis
2558 1710 2692 1781 iam
2742 1709 2871 1780 im-

672 1828 814 1900 buti
844 1826 1067 1913 erant',
1101 1828 1351 1925 quippe
1378 1828 1490 1924 qui
1530 1826 1613 1897 ab
1642 1825 1919 1896 infantia
1945 1826 2012 1895 in
2042 1824 2175 1895 illis
2201 1824 2465 1896 enutriti
2494 1840 2558 1895 et
2583 1822 2697 1897 alti
2734 1825 2864 1917 (3).

814 2072 882 2132 (1)
913 2071 988 2121 Cl'.
1013 2069 1150 2121 Rank
1187 2073 1414 2119 Histoire
1439 2069 1503 2119 de
1537 2070 1592 2118 lu
1617 2071 1865 2132 papante
1886 2073 2004 2118 tom.
2030 2071 2068 2117 1.
2091 2069 2177 2117 liv.
2196 2071 2233 2117 1.
2258 2068 2333 2117 Ct'.
2357 2068 2503 2117 etiam
2536 2068 2632 2117 hoc
2649 2066 2711 2115 de
2731 2079 2871 2129 argu·

668 2152 831 2201 mento
847 2153 1109 2200 Gruterum
1137 2153 1206 2199 De
1229 2152 1392 2199 veteri
1413 2153 1528 2199 iure
1550 2148 1819 2212 pontificio
1837 2148 1966 2210 apud
1986 2149 2272 2197 Graevinm:
2306 2147 2599 2197 Thesaurus
2621 2147 2873 2210 antiquit.

671 2241 871 2277 roman.
904 2230 1022 2278 tom.
1047 2232 1107 2276 V.
1134 2228 1355 2277 Bosium:
1390 2230 1466 2276 De
1484 2225 1733 2290 pontifice
1762 2230 1993 2275 maximo
2027 2230 2214 2275 Romae
2244 2227 2432 2274 veteris
2461 2226 2592 2287 apud
2613 2223 2876 2273 Graevium

670 2309 762 2357 loc.
783 2309 867 2358 cit.
893 2311 1013 2358 item
1042 2311 1111 2358 De
1129 2307 1444 2371 pontificatu
1475 2310 1707 2356 maximo
1741 2318 1869 2355 rom.
1895 2308 2076 2368 intper.
2101 2304 2226 2353 111111.
2252 2304 2347 2354 loc.
2365 2305 2448 2355 cit.
2465 2317 2574 2367 cap.
2594 2306 2658 2352 11.
2682 2302 2728 2366 §.
2758 2311 2801 2353 1.
2824 2311 2871 2353 2.

671 2402 776 2451 pag.
805 2394 911 2439 277.
951 2389 1139 2438 Rossini
1173 2390 1426 2452 Antiqua.
1450 2400 1717 2436 romanor.
1745 2390 1879 2435 1743.
1920 2385 2004 2435 lib.
2040 2387 2126 2434 lll.
2165 2398 2208 2433 c.
2245 2386 2398 2434 xxii.
2422 2385 2558 2433 Dela
2580 2383 2740 2432 Bastie
2756 2386 2877 2432 tom.

669 2469 816 2515 xxti.
842 2469 1111 2519 Memoires
1137 2467 1202 2516 de
1235 2465 1533 2515 l'academie
1568 2465 1657 2514 des
1685 2466 2044 2526 inscriptions,
2071 2463 2211 2512 cuius
2232 2476 2433 2512 examen
2455 2461 2876 2511 accuratissimum

677 2547 875 2596 exhibet
895 2547 1036 2596 Eckel
1060 2548 1108 2595 in
1131 2546 1322 2596 erudito
1345 2559 1488 2608 opere
1512 2547 1762 2594 Doctrina
1781 2556 2114 2593 nummorum
2136 2546 2371 2592 veterum
2391 2546 2516 2595 tom.
2530 2544 2663 2591 vm.

819 2628 888 2687 (2)
920 2627 994 2675 Cl'.
1023 2628 1152 2674 Acta
1181 2629 1399 2687 martyr.
1420 2627 1625 2673 sincera
1651 2627 1711 2672 D.
1730 2623 1960 2683 muneri,
1984 2623 2034 2671 in
2056 2623 2234 2684 quibus
2262 2624 2379 2672 haec
2402 2622 2580 2685 passIm
2594 2622 2875 2671 occurrunt.

818 2706 886 2765 (3)
919 2704 1128 2761 Quidam
1149 2717 1208 2752 ex
1228 2704 1533 2753 senatoribus
1563 2701 1831 2765 subalpinis
1863 2703 2125 2752 affirmavit
2156 2703 2368 2764 viguisse
2401 2701 2599 2765 quidem
2635 2702 2773 2750 iuxta
2804 2715 2879 2748 ro-

673 2795 840 2831 manas
859 2783 987 2844 legas
1008 2782 1332 2831 ceremoniam
1353 2795 1436 2831 seu
1458 2782 1607 2831 ritum
1626 2795 1840 2841 sacrum,
1861 2796 1960 2844 quo
1979 2785 2375 2832 consecrarentur
2396 2782 2611 2844 nuptiae,
2639 2779 2725 2830 sed
2747 2780 2885 2829 iuris-

668 2861 923 2924 prudentia
959 2860 1321 2923 progrediente,
1359 2861 1596 2910 eiusmodi
1627 2861 1842 2910 usumin
1866 2862 2231 2912 desuetudinem
2253 2862 2443 2912 abiisse.
2468 2865 2541 2911 En
2569 2858 2675 2910 eius
2706 2859 2875 2909 verba:

680 2961 702 2981 ..
728 2938 933 2997 Quando
975 2940 1057 2988 noi
1094 2939 1446 2990 consideriamo
1473 2941 1633 3003 quelle
1664 2941 1784 3003 leggi
1807 2943 2032 3002 (romane
2049 2942 2085 3002 ),
2106 2943 2187 2990 noi
2210 2943 2448 2992 troviamo
2469 2942 2559 2991 che
2579 2941 2626 2990 le
2645 2939 2887 2989 solennit'a

677 3019 805 3068 della
824 3019 1237 3082 confarreazione,
1259 3020 1350 3068 che
1371 3034 1452 3068 era
1480 3021 1515 3070 il
1545 3021 1651 3069 solo
1685 3020 1778 3069 rito
1803 3020 2025 3083 religioso
2053 3021 2375 3070 riconosciuto
2395 3020 2445 3069 in
2459 3023 2800 3080 Roma,erano
2813 3018 2886 3068 da

679 3099 841 3160 1111190
864 3101 1030 3162 tempo
1051 3098 1226 3149 cadute
1249 3100 1298 3149 in
1322 3099 1507 3164 disum,
1529 3100 1853 3163 allon-quando
1873 3101 1922 3150 la
1942 3101 2335 3164 giurisprudenza
2351 3113 2434 3150 era
2453 3103 2634 3149 venuta
2649 3100 2699 3148 in
2717 3098 2881 3162 quello

676 3177 957 3242 splendore,
981 3179 1069 3230 che
1100 3179 1146 3229 le
1171 3179 1313 3229 diede
1339 3180 1548 3229 autoritii
1570 3194 1713 3242 sopra
1735 3181 1767 3229 il
1794 3181 1971 3230 mondo
1996 3181 2144 3230 civile
2162 3180 2212 3229 di
2232 3180 2344 3242 quei
2366 3179 2545 3242 tempi,
2568 3192 2596 3228 e
2616 3179 2709 3228 che
2736 3177 2882 3241 gliela

675 3259 911 3307 conservo
926 3273 1010 3321 per
1023 3260 1168 3322 lungo
1183 3259 1364 3308 andare
1384 3260 1458 3309 de’
1468 3260 1614 3309 secoli
1636 3263 1850 3322 seguenti
1867 3279 1881 3322 ;
1906 3261 2061 3311 allora
2072 3261 2119 3310 la
2134 3260 2238 3309 sola
2252 3259 2450 3309 volonta
2463 3259 2591 3308 delle
2611 3257 2736 3321 parti
2756 3257 2885 3306 dava

675 3351 833 3387 essere
851 3339 945 3388 alle
966 3352 1158 3388 noue.»
1174 3339 1295 3388 Vide
1316 3339 1656 3390 Parlamento
1676 3341 1839 3390 Sardo
1852 3342 2307 3391 -Senato·'l·ornata
2330 3339 2408 3387 dei
2436 3345 2509 3390 16.
2534 3338 2721 3387 Dicem.
2746 3343 2880 3388 ¹852.

679 3430 786 3479 pag.
814 3425 913 3468 189.
938 3417 1033 3467 col.
1058 3426 1102 3467 3.
1119 3421 1218 3468 Nos
1236 3419 1531 3469 contrarium
1555 3418 1702 3481 paulo
1724 3422 1834 3482 post
1853 3421 2179 3470 ostendemus.
2203 3421 2455 3469 Praeterea
2480 3431 2622 3486 nemo
2649 3430 2885 3480 umquam

681 3497 874 3559 negavit
913 3499 1106 3559 nuptias
1140 3511 1285 3549 suum
1319 3512 1425 3549 esse
1461 3512 1543 3547 seu
1572 3499 1830 3548 essentiam
1869 3499 2095 3548 habuisse
2133 3513 2190 3547 ex
2225 3500 2477 3548 voluntate
2506 3499 2746 3562 partium;
2784 3499 2883 3546 imo

676 3577 727 3623 et
769 3589 897 3624 nunc
938 3574 1098 3624 adhuc
1139 3577 1528 3625 contrahentium
1569 3590 1832 3626 consensus
1861 3577 2115 3627 essentiam
2149 3578 2444 3627 matrimonii
2481 3576 2753 3627 constituit.
2788 3574 2881 3625 Sed

679 3655 930 3721 quaeritur
967 3657 1129 3704 utrum
1159 3655 1241 3706 liic
1272 3656 1537 3705 voluntatis
1576 3669 1839 3705 consensus
1870 3657 2018 3705 fucrit
2036 3656 2132 3705 ritu
2159 3669 2299 3705 sacro
2330 3657 2476 3707 etiam
2504 3657 2634 3719 apud
2657 3667 2883 3706 romanos

678 3736 1013 3794 consecratus,
1030 3747 1090 3781 an
1111 3746 1228 3782 vcro
1247 3737 1492 3796 spectatus
1512 3733 1660 3783 luerit
1680 3736 1927 3797 tamquam
1947 3747 2108 3783 merus
2128 3738 2404 3785 contractus
2422 3736 2599 3786 civilis.
2618 3737 2723 3784 Hoc
2740 3747 2886 3797 porro

681 3812 785 3870 est,
824 3812 956 3873 quod
998 3816 1190 3862 senator
1229 3812 1519 3861 dissimulat.
1553 3814 1779 3861 Ceterum
1810 3813 1955 3864 nimis
1987 3813 2238 3876 probaret,
2273 3815 2315 3864 si
2352 3828 2521 3864 verum
2563 3818 2713 3874 esset,
2752 3811 2887 3875 quod

682 3889 839 3950 regius
872 3891 952 3940 liic
984 3891 1255 3954 sigillorum
1275 3894 1438 3940 custos
1459 3904 1517 3940 ac
1536 3893 1732 3941 senator
1761 3893 2034 3954 contendit;
2062 3893 2285 3955 probaret
2308 3907 2479 3956 nempe
2507 3906 2662 3956 neque
2677 3892 2888 3942 civilem

681 3972 982 4018 contractum
1001 3970 1265 4020 obtinuisse
1286 3983 1431 4034 penes
1450 3984 1678 4021 romanos
1700 3971 1749 4020 in
1769 3972 2088 4022 celebratione
2107 3974 2336 4036 coniugii.
2360 3973 2589 4035 Adeoque
2610 3975 2650 4023 si
2671 3975 2773 4038 ipse
2793 3972 2887 4022 sibi

679 4049 900 4096 constare
922 4050 1084 4110 vellet,
1108 4050 1304 4100 deberet
1334 4054 1528 4100 senatus
1548 4052 1653 4114 lege
1672 4066 1761 4101 sua
1787 4053 1974 4102 sancire
1999 4053 2239 4102 connubia
2259 4067 2456 4116 prorsus
2489 4054 2812 4114 clandestina,
2841 4056 2891 4100 et

677 4129 796 4175 tunc
811 4130 973 4176 actum
990 4131 1115 4178 esset
1135 4129 1199 4179 de
1217 4133 1551 4181 matrimonio
1572 4132 1739 4182 civili.

827 4207 966 4262 Quod
1006 4207 1046 4255 si
1090 4207 1285 4259 demum
1322 4212 1539 4273 romani,
1574 4215 1630 4261 ut
1665 4212 1938 4272 innuimus,
1971 4214 2159 4275 exleges
2185 4213 2536 4276 corruptissimi
2569 4213 2702 4273 tacti,
2740 4213 2890 4262 ritum

686 4285 962 4346 religiosum
985 4287 1034 4335 in
1059 4289 1296 4350 coniugiis
1318 4290 1418 4339 suis
1440 4291 1779 4353 neglexerunt,
1805 4304 1899 4340 non
1922 4292 2032 4341 ideo
2054 4293 2100 4342 id
2125 4293 2242 4354 suit,
2277 4292 2409 4356 quod
2440 4293 2732 4356 profecerint
2750 4292 2798 4340 in
2817 4291 2889 4340 iu-

683 4365 1008 4428 risprudentia
1021 4403 1036 4428 ‚
1056 4367 1139 4415 sed
1160 4368 1292 4429 quod
1317 4368 1611 4420 desciverint
1631 4371 1695 4419 ab
1716 4370 1954 4431 instituto,
1975 4375 2022 4419 et
2043 4376 2355 4434 properarent
2372 4373 2422 4421 in
2445 4372 2707 4436 perniciem
2728 4373 2778 4420 et
2798 4372 2892 4420 rui·
