3276 5083
624 392 785 460 390·
1024 414 1147 463 us.
1190 415 1236 463 1.
1281 415 1451 464 szcr.
1496 416 1755 466 Arreni.
1806 414 1887 466 ne
1922 417 2185 468 urunt.
2230 417 2446 468 ctvm.

622 548 728 603 tur
760 533 942 626 (68).
967 531 1122 617 Lex,
1157 531 1243 604 de
1276 558 1413 631 qua
1447 533 1738 629 agimus,
1765 534 2035 633 utrique
2070 532 2493 609 subversioni
2528 550 2882 610 extranea

622 661 860 718 extitit.

766 760 1081 863 Alioquin
1139 766 1287 863 pari
1339 765 1482 837 iure
1533 765 1779 836 inferre
1829 790 2143 865 possem:
2205 766 2272 835 in
2325 764 2584 862 Belgio,
2642 793 2722 840 ac
2786 767 2878 839 in

624 878 979 952 Germania
1032 896 1187 952 nata
1237 880 1566 953 subversio
1618 895 1722 952 est
1770 880 1857 953 ob
1908 880 2121 977 legem
2157 879 2242 953 de
2277 881 2706 954 matrimonio
2761 883 2908 955 ci·-

618 994 735 1068 vili
775 995 919 1069 illic
952 997 1287 1093 vigentem
1313 1054 1329 1082 ,
1372 1011 1600 1069 contra
1634 1021 1794 1069 vero
1831 997 1901 1068 in
1940 997 2223 1096 imperio
2259 997 2566 1071 russiaco
2618 996 2881 1072 nullus

625 1110 751 1181 fuit
786 1109 898 1182 hic
933 1126 1155 1182 motus
1192 1135 1274 1183 eo
1310 1110 1497 1208 ipso,
1556 1109 1736 1208 quod
1789 1135 1921 1182 non
1972 1111 2227 1206 vigeret
2274 1109 2445 1184 haec
2496 1110 2628 1183 lex.
2663 1110 2871 1196 Quid

622 1240 974 1324 reponeret
1024 1224 1506 1299 adversarius?

769 1338 1119 1412 Caeterum
1172 1338 1541 1426 affirmare,
1601 1337 1781 1438 quod
1832 1338 1938 1412 lex
1989 1339 2074 1412 de
2124 1339 2437 1437 coniugio
2487 1340 2669 1413 civili
2718 1340 2879 1413 uti-

625 1455 892 1529 lissima
928 1455 1017 1527 sit
1050 1454 1351 1527 moribus
1377 1512 1392 1541 ,
1436 1454 1713 1553 perinde
1764 1471 1869 1528 est
1897 1477 1995 1528 ‘ac
2048 1456 2226 1530 serio
2275 1455 2614 1530 affirmem
2647 1457 2879 1555 pesti—

622 1570 907 1653 lentiam¹
935 1569 1306 1643 conducere
1343 1569 1428 1640 ad
1469 1571 1646 1641 aeris
1682 1569 2145 1643 salubritatem
2166 1628 2182 1657 ,
2223 1570 2523 1669 inopiam
2560 1569 2648 1643 ad
2681 1596 2872 1669 opu-

625 1684 900 1756 lentiam
926 1741 942 1769 ,
985 1683 1195 1779 frigus
1231 1683 1315 1755 ad
1351 1700 1636 1757 aestum.
1680 1684 1845 1757 Vere
1882 1684 2015 1770 his,
2051 1685 2169 1783 qui
2203 1686 2299 1758 ita
2336 1685 2854 1770 ratiocinantur,

625 1796 955 1897 applicari
1008 1795 1174 1868 illud
1227 1812 1448 1896 potest
1495 1795 1835 1895 Apostoli:
1885 1829 1919 1867 α
1947 1798 2077 1883 Qui
2116 1798 2416 1873 dicentes
2455 1824 2532 1872 se
2565 1825 2719 1872 esse
2751 1825 2872 1872 sa—

626 1914 882 2023 pientes
924 1908 1112 1984 stulti
1147 1910 1304 1986 facti
1342 1928 1500 1988 sunt
1532 1915 1762 2009 (69).»

1459 2168 1877 2226 ARTICULUS
1917 2169 2019 2224 ΙΙΙ.

698 2346 1114 2422 Expendnntur
1157 2355 1502 2422 argumenta
1542 2360 1648 2424 pro
1687 2349 1815 2425 lege
1853 2348 1962 2408 sub
2002 2354 2234 2423 aspectu
2276 2350 2448 2406 etiam
2492 2346 2759 2422 religioso

1529 2453 1591 2505 et
1630 2446 1937 2506 catholico.

1645 2620 1705 2709 ς.
1767 2616 1819 2685 1.

1289 2781 1612 2844 “theologicae
1640 2782 1881 2844 quaedam
1913 2782 2179 2834 doctrinae.

778 2959 922 3031 Non
974 2956 1334 3030 defuerunt
1382 2957 1449 3028 in
1502 2958 1791 3031 comitiis
1857 2957 2237 3057 subalpinis
2305 2960 2639 3057 theologi,
2695 2959 2855 3034 licet

638 3074 818 3147 laici.
853 3074 963 3147 Sic
999 3073 1202 3170 igitur
1252 3088 1633 3146 senatorum
1685 3100 1863 3146 unus
1916 3089 2381 3171 argumentum
2433 3072 2857 3174 deprompsit

634 3215 713 3261 ex
745 3190 894 3288 ipso
920 3187 1296 3286 theologiae
1331 3213 1533 3287 penu.
1569 3187 1966 3287 Exemplum
2004 3187 2234 3288 populi
2272 3187 2522 3261 iudaici
2549 3205 2618 3263 et
2638 3189 2855 3263 ethni-

629 3328 859 3378 corum
893 3361 908 3388 ,
949 3303 1066 3402 qui
1105 3303 1602 3376 matrimonium
1655 3319 1981 3403 perpetuo
2031 3304 2128 3377 uti
2180 3317 2404 3376 actum
2458 3302 2724 3377 civilem
2759 3305 2856 3377 si-

625 3418 765 3491 mul
815 3433 891 3492 etw
935 3439 1206 3491 sacrum
1257 3433 1647 3517 spectarunt
1677 3474 1693 3506 ,
1750 3419 1835 3490 ad
1888 3444 2025 3491 rem
2079 3442 2211 3490 non
2264 3419 2590 3516 pertinet,
2648 3438 2859 3517 quum

627 3561 838 3635 penes
902 3535 1218 3633 antiquos
1270 3532 1556 3634 populos
1606 3548 1893 3632 utraque
1943 3549 2245 3632 potestas
2293 3532 2518 3607 civilis
2571 3558 2652 3606 ac
2700 3531 2859 3606 reli-

625 3649 816 3745 giosa
852 3664 1081 3723 essent
1115 3647 1553 3734 coniunctae;
1597 3665 1829 3722 contra
1862 3674 2018 3721 vero
2053 3674 2174 3722 eae
2210 3648 2554 3721 seiunctae
2589 3664 2751 3721 sunt
2781 3647 2852 3718 in

628 3763 774 3862 lege
808 3762 1230 3862 evangelica,
1273 3789 1483 3862 quum
1522 3776 1929 3861 protestatus
1967 3762 2058 3836 sit
2093 3761 2531 3862 Redemptor,
2574 3786 2851 3859 regnum

629 3904 825 3950 suum
878 3904 1008 3951 non
1061 3903 1215 3952 esse
1251 3876 1336 3951 de
1372 3877 1503 3950 hoc
1538 3876 1790 3951 mundo
1824 3879 2000 3974 (70).
2036 3877 2180 3951 Hoc
2230 3892 2693 3975 argumentum
2734 3878 2857 3950 itc-

769 4141 870 4202 (68)
901 4140 979 4191 cr.
1004 4141 1193 4203 insigne
1211 4153 1361 4205 opus:
1396 4142 1463 4191 Le
1499 4139 1766 4202 monopole
1803 4140 2178 4189 univer-:itata
2213 4137 2550 4190 destructam
2585 4137 2650 4187 de
2687 4136 2743 4186 la
2781 4138 2863 4186 re-

629 4218 792 4281 uqton
820 4221 874 4268 et
907 4216 999 4268 des
1034 4216 1152 4269 lois.
1183 4221 1324 4283 Lyon
1349 4222 1484 4270 18⁴2.

768 4298 871 4358 (69)
903 4299 1046 4348 Rom.
1069 4299 1123 4360 1,
1147 4305 1224 4349 22.

768 4380 870 4439 (70)
898 4379 1089 4429 senato
1119 4376 1207 4428 del
1237 4390 1413 4441 rayno.
1440 4380 1655 4429 ‘tornata
1676 4378 1754 4430 del
1785 4377 2091 4429 15.Dicemb.
2115 4390 2225 4440 pag.
2255 4384 2358 4427 180.
