3276 5083
668 416 758 486 34
1086 436 1207 485 un.
1250 437 1296 485 ι.
1341 436 1513 486 sacr.
1555 438 1603 484 1.
1630 437 1710 485 ns
1746 436 2005 487 nunna.
2034 436 2459 488 sicutrivi-o.

654 553 858 627 habet
889 553 1190 625 conferre
1223 554 1507 649 gratiam
1546 551 1937 625 adiutricem
1975 552 2060 624 ad
2096 553 2225 626 hoc
2257 552 2441 651 quod
2475 554 2643 625 sciat
2676 579 2883 627 unus-

654 671 923 767 quisque
970 692 1088 741 vas
1148 694 1339 740 suum
1392 668 1716 767 possidere
1766 670 1836 739 in
1885 669 2389 767 sanctificatione
2438 682 2499 739 ιι
2550 668 2806 741 honore.
2839 700 2875 738 ι)

799 784 1079 857 Domum
1116 784 1182 855 in
1223 782 1435 856 concl.
1482 786 1550 854 3.
1593 784 1892 857 confutat
1938 783 2308 856 contrariae
2358 783 2727 857 sententiae
2779 808 2887 858 ra-

653 899 870 971 tiones
903 894 1300 996 desumptas
1348 920 1429 969 ex
1464 922 1544 969 eo
1593 897 1778 996 quod
1810 896 2308 970 matrimonium
2343 895 2604 996 aliquid
2638 898 2887 972 habeat

655 1012 786 1086 sibi
837 1007 1185 1111 proprium
1234 1035 1368 1084 non
1419 1035 1773 1083 commune
1823 1012 2059 1084 ceteris
2121 1010 2560 1084 sacramentis
2583 1069 2600 1098 ‚
2656 1028 2888 1085 osten-

653 1127 823 1199 dens
874 1125 1096 1223 quod,
1155 1125 1214 1197 si
1277 1122 1609 1198 eiusmodi
1674 1125 1965 1197 rationes
2033 1123 2385 1224 quidpiam
2435 1125 2732 1198 valerent
2793 1127 2882 1199 ad

654 1238 1095 1313 evincendum
1169 1239 1668 1312 matrimonium
1734 1262 1866 1312 non
1935 1263 2088 1319 esse
2161 1256 2654 1313 sacramentum
2728 1262 2887 1319 vere

542 1401 551 1407 -
654 1375 719 1430 et
792 1358 1061 1455 proprie
1094 1414 1109 1443 ‚
1179 1380 1398 1455 neque
1453 1355 1752 1429 conferre
1818 1355 2102 1452 gratiam
2160 1381 2240 1428 ex
2300 1379 2501 1454 opere
2558 1372 2878 1454 operato,

655 1472 1083 1575 possetips‘e
1132 1472 1442 1544 evincere
1492 1470 1750 1542 nullum
1817 1492 2096 1569 prorsus
2148 1495 2300 1543 esse
2350 1486 2883 1556 sacramentum,

654 1615 807 1669 cum
859 1588 1118 1660 nullum
1170 1588 1296 1674 sit,
1341 1587 1521 1686 quod
1574 1587 1831 1686 aliquid
1885 1587 2016 1659 sibi
2068 1587 2413 1687 proprium
2463 1612 2596 1659 non
2641 1585 2891 1661 haheat

657 1704 725 1774 in
777 1701 917 1802 quo
962 1729 1116 1775 cum
1166 1705 1407 1776 ceteris
1457 1730 1589 1777 non
1641 1703 2032 1790 conveniat,
2075 1718 2274 1802 prout
2324 1703 2474 1775 fuse
2523 1701 2789 1776 evolvit.

804 1818 905 1891 Ad
957 1817 1414 1899 difficultatem
1467 1834 1690 1891 autem
1741 1819 2094 1917 speciatim
2145 1818 2421 1917 petitam
2471 1843 2551 1890 ex
2591 1842 2674 1891 eo
2705 1818 2888 1917 quod

658 1933 990 2005 interdum
1041 1932 1426 2031 coniugium
1477 1933 1849 2007 celebretur
1898 1933 2156 2033 absque
2187 1933 2498 2007 ministro
2529 1932 2880 2021 ecclesiae,

661 2049 978 2122 nimirum
1029 2050 1179 2123 sine
1231 2048 1612 2136 sacerdote,
1655 2074 1836 2147 resp.
1885 2047 2316 2121 «Dicendum
2365 2063 2469 2121 est
2499 2046 2680 2146 quod
2715 2046 2888 2120 illud

659 2178 1187 2251 sacramentum,¹
1227 2164 1422 2237 cuius
1459 2179 1597 2237 tota
1632 2164 1937 2237 efficacia
1968 2180 2076 2238 est
2106 2188 2186 2235 ex
2220 2162 2500 2237 materia
2531 2179 2599 2236 et
2628 2162 2844 2236 forma
2865 2220 2884 2249 .

657 2309 783 2355 non
832 2298 1049 2355 autem
1095 2309 1181 2355 em
1221 2296 1536 2380 potestate
1583 2283 1906 2366 ministri,
1965 2280 2130 2353 illud
2195 2294 2417 2378 potest
2463 2279 2745 2353 conferri
2798 2278 2888 2353 ab

658 2396 827 2484 alio,
877 2424 1082 2496 quam
1119 2423 1159 2470 a
1194 2396 1522 2469 ministris
1573 2395 1900 2469 ecclesiae
1948 2411 2013 2468 et
2063 2396 2132 2465 in
2175 2393 2575 2467 necessitate
2607 2409 2675 2475 et
2705 2409 2891 2473 extra

658 2513 1164 2598 necessitatem,
1223 2511 1565 2588 licetnon
1615 2510 1857 2585 debeat
1906 2509 2037 2583 nisi
2089 2535 2171 2583 ex
2220 2509 2658 2584 necessitate:
2715 2509 2892 2584 sicut

660 2641 765 2698 est
798 2625 884 2697 de
917 2624 1157 2697 effectu
1193 2624 1641 2698 eucharistiae
1662 2681 1678 2709 ,
1720 2625 1880 2723 quia
1930 2640 2067 2697 tota
2113 2625 2326 2697 virtus
2377 2625 2703 2698 causandi
2740 2650 2892 2722 gra-

658 2741 818 2814 tiam
869 2755 975 2812 est
1022 2740 1092 2810 in
1141 2764 1224 2813 eo
1271 2739 1455 2839 quod
1508 2741 1912 2838 suscipitur.
1948 2798 1960 2810 .
1999 2739 2167 2812 ,sibi
2201 2738 2377 2812 valet
2425 2756 2815 2839 susceptum
2850 2766 2893 2815 a

656 2854 828 2927 }aico
876 2879 1078 2953 quem
1124 2854 1337 2928 credit
1386 2879 1582 2927 suum
1632 2869 1976 2927 curatum.
2011 2912 2025 2925 .
2060 2855 2193 2927 ,ita
2243 2870 2348 2928 est
2394 2855 2480 2927 de
2510 2854 2884 2954 baptismo,

657 2970 851 3042 cuius
904 2984 1038 3042 tota
1086 2972 1297 3045 virtus
1331 2986 1437 3044 est
1470 2971 1537 3041 in
1572 2971 1849 3046 materia
1884 2987 1949 3044 et
1981 2970 2227 3059 forma,
2268 2996 2401 3044 non
2438 2972 2508 3052 in
2541 2972 2884 3047 ministre:

659 3083 842 3157 unde
891 3085 1091 3156 etiam
1142 3101 1327 3158 extra
1377 3084 1843 3158 necessitatem
1894 3100 2152 3183 potest,
2195 3085 2316 3158 sed
2350 3110 2483 3158 non
2534 3084 2734 3159 debet
2764 3087 2893 3158 mi·

655 3199 926 3272 nistrari
979 3201 1106 3298 nisi
1160 3226 1200 3272 a
1251 3198 1666 3298 presbytero.
1712 3200 2201 3274 Matrimonium
2253 3217 2475 3273 autem
2512 3215 2616 3273 est
2649 3199 2891 3273 huius-

658 3314 881 3401 modi,
938 3315 1098 3415 quia
1147 3314 1295 3386 eius
1347 3314 1561 3386 virtus
1612 3339 1747 3386 non
1798 3330 1902 3386 est
1952 3314 2020 3385 in
2070 3314 2377 3388 ministro
2425 3312 2781 3388 ecclesiae:
2824 3331 2894 3387 et

660 3429 810 3501 ideo
860 3455 995 3502 non
1048 3443 1317 3527 propter
1365 3427 1494 3502 hoc
1544 3427 1727 3527 quod
1762 3454 1896 3501 non
1934 3444 2038 3502 est
2072 3432 2526 3510 necessarium
2552 3487 2568 3516 ‚
2613 3449 2765 3502 cum
2802 3431 2895 3503 sit

657 3545 1114 3619 necessarium
1164 3544 1659 3630 communitati,
1717 3545 1891 3619 sicut
1938 3544 2314 3643 baptismus
2365 3570 2696 3644 personae
2752 3546 2894 3619 sin—

654 3658 906 3753 gulari,
951 3660 1071 3734 sed
1107 3659 1267 3758 quia
1314 3662 1527 3733 virtus
1577 3660 1727 3733 eius
1780 3685 1911 3734 non
1954 3676 2060 3735 est
2090 3661 2162 3732 in
2196 3661 2503 3735 ministro
2537 3660 2889 3748 ecclesiae,

658 3789 878 3872 potest
927 3776 1220 3849 essentia
1268 3774 1415 3849 eius
1467 3776 1703 3849 haberi
1757 3776 1903 3850 sine
1952 3776 2298 3850 ministro:
2339 3775 2497 3850 licet
2545 3776 2713 3851 forte
2756 3802 2891 3850 non

652 3887 861 3960 debet·
899 3888 1031 3960 nisi
1085 3891 1152 3962 in
1206 3889 1376 3963 facie
1425 3889 1754 3964 ecclesiae
1787 3907 1855 3963 et
1888 3917 2010 3990 per
2059 3890 2470 3968 sacerdotem
2519 3890 2840 3965 celebrari
2864 3949 2881 3975 ‚

652 4004 708 4076 si
763 4004 979 4101 possit
1026 4004 1258 4078 haberi
1301 4008 1479 4102 (95).
1512 4036 1546 4076 »
1569 4006 1788 4107 Atque
1838 4006 2006 4080 haec
2055 4005 2363 4080 attulisse
2412 4033 2494 4080 ex
2545 4006 2887 4082 Paludano

653 4116 944 4191 sufficiat
995 4116 1082 4189 ad
1134 4120 1624 4194 ostendendum
1678 4147 1881 4220 quam
1934 4119 2176 4193 falsum
2228 4122 2317 4194 sit
2365 4122 2546 4222 quod
2596 4122 2658 4195 ei
2695 4121 2889 4196 affin-

658 4366 682 4414 r
707 4287 760 4415 1·
795 4287 897 4351 (95)
926 4287 1078 4336 Part
1114 4299 1150 4336 a
1190 4286 1398 4339 Paluda
1443 4292 1503 4340 0.
1541 4292 1594 4344 Ρ.
1633 4291 1869 4347 Quarum
1917 4291 2303 4343 mentiar-un
2352 4292 2501 4343 uber.
2541 4292 2698 4344 Paris.
2743 4295 2883 4343 1514.

674 4379 705 4416 o
733 4405 743 4418 .
777 4370 881 4418 1⁴2.
912 4379 1015 4428 seq,
