3276 5083
521 474 659 524 cn.
683 474 771 524 iv.
795 473 1061 526 exi-nnn.
1088 476 1230 525 ue.
1256 476 1334 530 ns
1358 477 1497 530 um.
1524 478 1699 531 sien.
1722 479 1861 532 Αιιτ.
1887 480 1956 532 ιι.
1986 479 2129 532 Aac.
2155 481 2334 531 min.
2447 459 2581 540 113

377 617 557 691 quae
578 590 791 665 estad
818 590 1130 678 Probum,
1161 593 1502 668 constituit
1533 620 1593 669 s.
1620 595 1916 671 Pontifex
1948 596 2412 671 indissolubile
2434 623 2587 672 esse

378 704 785 780 connubium
835 701 1032 779 antea
1095 706 1329 782 initum
1379 735 1420 781 a
1471 710 1781 784 Fortunio
1826 725 1978 784 cum
2031 711 2198 785 Ursa
2220 769 2236 798 ,
2295 736 2417 786 nec
2466 739 2587 811 po-

382 819 595 893 tuisse
621 818 1003 891 Fortunium
1026 818 1323 892 validum
1358 820 1543 893 aliud
1580 822 1749 895 inire
1782 823 2162 920 coniugium
2197 849 2350 897 cum
2373 825 2580 900 Resti-

381 951 525 1009 tuta
545 991 562 1021 ,
615 959 696 1007 eo
743 933 925 1032 quod
978 934 1148 1008 Ursa
1195 935 1266 1007 in
1317 937 1694 1035 captivitate
1741 938 2165 1014 detineretur.
2222 939 2406 1013 Heic·
2431 964 2589 1016 vero

382 1075 505 1124 nec
552 1045 1040 1122 benedictionis
1086 1048 1516 1124 sacerdotalis
1566 1048 1706 1123 ulla
1754 1051 1830 1124 fit
1877 1052 2147 1130 mentio.
2180 1053 2356 1151 Ergo
2390 1055 2590 1129 Inno-

377 1163 641 1238 centius
704 1161 962 1236 nullum
1029 1162 1418 1262 suppeditat
1476 1165 1977 1240 fundamentum
2028 1167 2115 1242 ad
2178 1169 2591 1250 sacerdotem

380 1277 865 1352 adstruendum
916 1278 1311 1354 sacramenti
1358 1279 1762 1355 matrimonii
1810 1281 2211 1358 ministrum.

528 1390 657 1463 Sed
692 1416 913 1489 neque
943 1390 1161 1465 eidem
1199 1393 1565 1467 sententiae
1613 1394 2021 1491 suffragatur
2053 1395 2436 1471 Timotheus
2471 1424 2593 1496 pa-

384 1505 706 1591 triarcha,
748 1504 867 1604 qui
903 1504 1153 1605 pariter
1191 1504 1440 1580 nullam
1473 1505 1958 1583 benedictionis
1991 1509 2391 1586 mentionem
2426 1512 2593 1588 inie-

383 1619 496 1693 cit.
538 1621 673 1693 Nec
717 1618 940 1695 obstat
985 1620 1165 1720 quod
1215 1620 1483 1696 clericus
1529 1622 1791 1697 dicatur
1838 1624 2260 1722 veniuntque,-
2316 1626 2591 1724 perinde

381 1735 558 1808 enim
599 1734 714 1809 hic
743 1733 922 1810 valet
969 1734 1367 1832 coniungere
1386 1793 1403 1823 ,
1445 1752 1650 1837 atque
1680 1762 2069 1813 concurrere
2103 1764 2223 1837 per
2254 1756 2592 1818 servatum

381 1849 706 1924 ecclesiae
754 1849 952 1923 ritum
1001 1849 1072 1923 in
1120 1849 1562 1927 celebratione
1606 1851 1925 1952 coniugii.
1967 1851 2161 1939 Quod
2211 1879 2406 1930 nemo
2453 1882 2596 1934 um·

380 1989 583 2063 quam
634 1962 972 2039 inficiatus
1022 1980 1149 2039 est.

525 2077 709 2151 Idem
742 2078 855 2151 dic
885 2078 972 2153 de
1003 2092 1184 2154 textu
1217 2078 1482 2180 Synesii
1503 2135 1520 2168 ,
1550 2105 1687 2179 quo
1717 2080 1865 2180 ipse
1888 2080 2273 2177 significare
2304 2081 2590 2164 intendit

386 2192 753 2290 legitimum
783 2218 861 2268 se
890 2194 1304 2269 contraxisse
1336 2194 1747 2292 coniugium.

533 2307 605 2379 S.
627 2307 1055 2406 Augustinus,
1079 2325 1156 2383 ut
1177 2309 1325 2383 eius
1349 2307 1555 2383 verba
1579 2306 1945 2402 declarant,
1968 2306 2138 2384 nihil
2172 2307 2357 2385 aliud
2383 2309 2596 2406 signi*-
2700 2373 2706 2380 .

388 2421 566 2508 ficat,
598 2448 796 2521 quam
813 2448 890 2497 se
905 2448 1038 2499 non
1064 2448 1269 2522 posse
1294 2421 1674 2521 permittere
1695 2419 2076 2517 coniugium
2100 2419 2465 2502 ineundum
2493 2422 2597 2494 in-

387 2553 489 2611 ter
509 2536 774 2612 fidelem
792 2555 858 2614 et
873 2537 1233 2615 infidelem.
1251 2537 1430 2626 Quid
1459 2537 1616 2613 inde
1635 2564 1757 2639 pro
1775 2552 2194 2637 propugnata
2217 2537 2600 2614 sententia?

526 2652 596 2725 S.
641 2651 993 2751 Gregorius
1046 2654 1490 2729 nazianzenus
1539 2665 1815 2727 excusat
1855 2675 1932 2725 se
1978 2650 2161 2750 quod
2212 2676 2343 2729 nen
2394 2652 2602 2727 inter·

386 2766 587 2840 suerit
632 2791 786 2840 cum
836 2767 1074 2842 ceteris
1123 2767 1460 2867 episcopis
1525 2765 1954 2841 celebrationi
2019 2766 2312 2864 coniugii
2362 2766 2606 2867 Olym-

388 2881 609 2980 piadis
656 2882 746 2957 ob
792 2883 1039 2971 varias,
1080 2908 1253 2982 quas
1286 2882 1378 2956 ibi
1412 2898 1757 2957 enumerat
1785 2907 2054 2970 causas,
2093 2907 2227 2958 non
2262 2897 2483 2963 autem
2516 2909 2600 2957 ex

388 2994 565 3069 mala
609 2994 1025 3071 voluntates
1048 2997 1215 3070 Nam
1256 2995 1540 3096 alioqui,
1581 2994 1841 3082 subdit,
1882 3010 2205 3095 quantum
2238 2995 2328 3070 ad
2360 2996 2605 3072 volun-

392 3126 591 3183 tatem
638 3109 872 3184 attinet
893 3167 910 3198 ,
965 3126 1032 3185 et
1077 3111 1315 3186 adsum
1336 3167 1352 3198 ,
1406 3124 1474 3184 et
1519 3108 1720 3185 simul
1771 3109 2015 3184 festum
2062 3108 2368 3197 celebro,
2413 3110 2606 3184 iuve-

393 3222 699 3324 nilesque
730 3224 995 3299 dextras
1029 3225 1306 3300 inter‘se
1338 3225 1577 3322 iungo,
1605 3240 1807 3324 atque
1837 3212 2164 3323 utrasque
2180 3224 2306 3299 Dei
2335 3224 2598 3309 manui.

392 3337 716 3413 Convenit
774 3338 952 3415 enim
973 3395 992 3428 ,
1044 3352 1122 3413 ut
1167 3339 1731 3439 quemadmodum
1780 3338 1916 3415 alia
1963 3338 2192 3415 omnia
2235 3336 2413 3415 bona
2433 3395 2449 3426 ,
2504 3338 2603 3417 ita

395 3454 885 3528 matrimonium
934 3481 1203 3555 quoque
1251 3454 1320 3528 in
1368 3454 1693 3554 optimum
1742 3479 2078 3554 quemque
2126 3453 2326 3526 finem
2345 3510 2362 3541 ,
2399 3468 2470 3528 et
2500 3478 2608 3535 se-

394 3568 688 3642 cundum
738 3571 1118 3644 communia
1164 3585 1391 3646 nostra
1426 3585 1582 3645 vota
1616 3570 1757 3648 fiat.
1771 3598 1808 3641 n
1827 3569 1928 3647 Ex
1960 3568 2214 3669 quibus
2245 3568 2599 3669 postremis

397 3680 617 3757 verbis
663 3683 877 3785 liquet
922 3710 1003 3761 eo
1050 3700 1392 3788 spectasse
1438 3710 1498 3759 s.
1533 3684 1919 3782 Gregorium
1939 3741 1962 3773 ,
1997 3700 2074 3759 ut
2104 3684 2599 3761 matrimonium

391 3822 433 3870 a
468 3796 780 3871 fidelibus
814 3797 1093 3873 iniretur
1123 3799 1211 3873 ad
1243 3797 1736 3898 beneplacitum
1768 3797 2091 3874 ecclesiae
2122 3796 2598 3898 praelatorum,

392 4009 592 4062 hmani
624 4012 815 4075 meris
848 4012 1280 4078 coniungerentur,
1301 4012 1365 4064 ab
1388 4015 1500 4076 ipso
1520 4014 1743 4064 Domo
1759 4014 1867 4064 stne
1889 4010 2369 4072 modun...Qunm
2392 4012 2604 4063 tonnam

393 4091 841 4144 anamotus
860 4104 1373 4145 omnesservareneus
1393 4090 1497 4155 ipae
1517 4091 1818 4143 demontrat
1838 4091 2085 4143 noemae.
2113 4091 2242 4143 Satis
2270 4091 2402 4143 enim
2435 4090 2608 4142 absur-

393 4169 514 4221 dam
534 4172 611 4221 at
630 4171 847 4235 aliqum
872 4170 1092 4233 credoec,
1113 4180 1315 4223 uxorem
1337 4171 1451 4222 ante
1471 4169 1766 4234 baptismum
1790 4171 2036 4234 acceptam
2056 4171 2167 4235 post
2185 4169 2484 4235 baptismum
2504 4183 2602 4220 non

395 4250 695 4314 muri,
714 4263 829 4302 cnm
851 4249 1151 4313 benedictio,
1171 4263 1298 4314 quae
1319 4263 1404 4315 per
1421 4248 1725 4302 sacerdotem
1747 4263 1892 4315 super
1917 4248 2151 4302 nubentes
2175 4250 2465 4315 imponunt,
2505 4262 2604 4301 non

393 4328 648 4380 astudam
668 4328 985 4394 dalmi
1004 4328 1220 4394 dmm,
1250 4329 1336 4383 sed
1357 4330 1565 4382 formam
1592 4329 1803 4385 tenuisse
1823 4329 1942 4395 legis
1968 4343 1999 4381 a
2021 4333 2131 4387 Deo
2147 4332 2444 4397 antiquum
2464 4329 2600 4397 insti·

391 4409 526 4461 tutae
542 4408 826 4467 doceatur.-
850 4410 993 4477 Apud
1012 4411 1249 4464 coustant
1274 4424 1383 4477 pag·
1406 4416 1512 4467 752.

2473 4521 2511 4571 8
