3276 5083
517 457 654 507 mr.
689 456 756 504 v.
791 455 872 508 ns
905 454 1141 506 mm.
1174 453 1482 506 commu.
1524 455 1666 506 m.
1698 455 1770 508 11.
1802 455 1946 508 na.
1980 455 2332 508 ruminor«.
2443 435 2575 507 ut

362 573 678 648 absolute
711 572 813 645 uti
857 571 1017 645 talia
1050 597 1182 646 non
1215 571 1673 659 habebantur;
1716 571 2019 672 adeoque
2051 588 2390 672 tamquam
2424 599 2584 649 vera

364 689 686 786 coniugia
731 688 801 762 in
850 687 1188 761 communi
1229 686 1757 774 existimatione,
1807 687 1942 762 imo
1976 703 2045 761 et
2081 688 2152 761 in
2195 688 2443 762 iudicio
2475 717 2587 764 ec-

367 804 623 879 clesiae
646 802 1160 902 recipiebantur.
1193 803 1246 874 N
1251 828 1337 878 on
1365 818 1674 901 poterant
1704 819 1925 876 autem
1939 805 2316 903 periclitari
2344 805 2478 878 nisi
2515 804 2585 878 in

363 919 551 1016 vulgi
604 920 782 992 sama
829 935 894 993 et
936 917 1326 1018 suspicione
1348 974 1364 1004 ‚
1405 943 1485 992 eo
1519 917 1702 1017 quod
1736 917 1823 991 ab
1859 918 2010 1017 ipso
2051 919 2433 1018 nuptiarum
2476 946 2588 994 ce-

362 1034 646 1108 lebratio
696 1035 1147 1131 ignoraretur;
1192 1058 1346 1107 nam
1380 1032 1668 1108 ecclesia
1702 1059 1834 1107 non
1872 1049 2130 1132 poterat
2164 1034 2249 1108 de
2282 1034 2586 1109 doctrina

361 1175 492 1222 sua
538 1149 884 1235 dubitare,
918 1175 1041 1223 seu
1064 1147 1498 1222 dubitabatur
1535 1147 1613 1220 de
1648 1149 1846 1246 sacto,
1888 1175 2024 1222 non
2058 1149 2134 1222 de
2169 1151 2312 1222 iure
2344 1175 2385 1223 a
2421 1149 2590 1223 fide—

363 1264 548 1338 libus
581 1291 718 1341 non
744 1263 962 1338 solum
987 1320 1004 1350 ‚
1039 1262 1159 1336 sed
1185 1262 1269 1336 ab
1293 1263 1445 1361 ipsa
1465 1262 1777 1338 ecclesia.
1811 1263 1959 1341 Huc
1989 1264 2318 1339 accedunt
2347 1289 2591 1344 omnes

367 1393 595 1476 patres
642 1377 781 1465 illi,
838 1378 999 1478 qui,
1040 1392 1116 1450 ut
1147 1377 1551 1464 videbimus,
1609 1377 1990 1452 habuerunt
2037 1394 2377 1479 tamquam
2428 1405 2588 1454 vera

365 1493 678 1589 coniugia
698 1550 715 1579 ‚
771 1491 1078 1591 adeoque
1129 1505 1549 1566 sacramenta·
1576 1518 1684 1579 ea,
1725 1519 1902 1592 quae
1941 1493 2092 1568 sine
2125 1493 2590 1569 benedictione

365 1607 877 1683 celebrabantur
899 1664 916 1694 ‚
974 1633 1216 1706 nempe
1266 1608 1599 1689 secundae
1649 1608 1885 1682 saltem
1935 1609 2237 1709 nuptiae.

507 1722 771 1794 Exinde
812 1721 1059 1795 factum
1102 1738 1242 1809 est,
1286 1739 1362 1796 ut
1397 1723 1707 1822 quamvis
1748 1723 2035 1798 ecclesia
2074 1723 2466 1798 iustissimis
2500 1725 2589 1798 de

358 1837 591 1914 causis
639 1862 814 1937 quas
871 1853 1174 1911 recenset
1219 1837 1616 1913 Benedictus
1662 1839 1828 1911 XIV.
1887 1864 2039 1913 cum
2092 1839 2245 1914 aliis
2294 1841 2587 1916 auctori-

357 1952 488 2026 bus
520 1954 655 2047 (6),
684 1951 1015 2026 eiusmodi
1043 1950 1356 2048 coniugia
1378 1952 1619 2052 quovis
1645 1969 1943 2051 tempore
1976 1952 2301 2029 detestata
2339 1955 2540 2028 fuerit
2559 2011 2581 2042 ,

362 2069 500 2143 imo
522 2083 592 2141 et
613 2066 1030 2140 interdixerit
1060 2069 1188 2163 (7);
1220 2067 1282 2141 si
1310 2082 1530 2141 tamen
1562 2066 1915 2166 contigerit
1936 2095 2016 2144 ea
2040 2070 2145 2144 sic
2167 2069 2587 2146 clandestina

370 2182 634 2256 ratione
687 2182 900 2258 fuisse
955 2181 1289 2256 celebrata
1312 2239 1330 2269 ,
1382 2181 1587 2257 veluti
1636 2183 1873 2257 illicita
1920 2184 2195 2282 quidem
2246 2184 2581 2273 habuerit,

375 2321 514 2371 non
546 2310 765 2370 autem
803 2313 881 2370 ut
926 2296 1245 2371 invalida.
1293 2297 1657 2396 Loquimur
1692 2313 1914 2371 autem
1965 2297 2051 2371 de
2099 2298 2388 2373 ecclesia
2433 2299 2586 2371 uni-

361 2411 610 2486 versali
636 2469 654 2498 ,
718 2412 1048 2513 quidquid
1107 2412 1178 2483 in
1230 2411 1573 2485 nonnullis
1634 2410 2059 2487 dioecesibus
2108 2412 2196 2485 ab
2245 2412 2585 2512 episcopis

362 2527 432 2600 in
493 2526 1021 2628 provincialibus
1080 2527 1384 2603 conciliis
1440 2541 1713 2602 cautum
1763 2528 1922 2603 olim
1972 2527 2305 2604 interdum
2354 2528 2575 2603 fuerit.

363 2645 439 2715 ln
481 2642 772 2718 ecclesia
823 2660 1045 2717 autem
1088 2644 1456 2741 generatim
1493 2643 1590 2717 uti
1630 2644 1856 2719 valida
1890 2642 2121 2719 habita
2166 2644 2378 2719 fuisse
2427 2670 2586 2718 con-

363 2759 547 2855 ingia
585 2758 1008 2832 clandestina
1048 2785 1182 2831 non
1225 2758 1424 2833 modo
1468 2758 1538 2831 in
1578 2760 1834 2834 ratione
1882 2775 2261 2835 contractus
2282 2817 2300 2849 ,
2355 2786 2589 2834 verum

359 2876 563 2948 etiam
613 2874 686 2946 in
740 2876 994 2949 ratione
1041 2877 1475 2962 sacramenti,
1516 2902 1714 2950 secus
1748 2903 1827 2949 ac
1860 2876 2183 2951 adversae
2213 2877 2585 2951 sententiae

360 2989 625 3089 patroni
652 2992 1011 3078 senserint,
1045 2991 1610 3090 locupletissimos
1637 3009 1842 3067 testes
1879 2992 2234 3067 habemus.

505 3106 684 3178 Sane
722 3104 916 3202 Hugo
950 3133 992 3178 a
1024 3122 1259 3180 sancto
1300 3107 1557 3181 Victore
1591 3109 1661 3180 in
1696 3133 1809 3207 op.
1842 3110 1938 3180 Dc
1964 3124 2363 3181 sacramento
2388 3108 2576 3208 fidei,

361 3221 532 3294 baec
569 3220 660 3293 ad
704 3247 845 3293 rem
895 3237 1187 3295 nostram
1242 3221 1510 3295 scribit:
1552 3252 1589 3293 α
1611 3223 1680 3294 Si
1730 3223 1886 3323 quis
1937 3239 2256 3323 quaerat,
2313 3222 2588 3322 quando

361 3338 749 3435 coniugium
785 3337 1285 3436 esseincipiat:
1343 3339 1632 3412 dicimus
1659 3396 1675 3426 ,
1731 3339 1912 3438 quod
1946 3366 2025 3412 ex
2062 3365 2198 3440 quo
2233 3338 2387 3412 talis
2421 3363 2584 3412 con-

360 3477 649 3539 sensus,
707 3453 973 3552 qualem
1028 3478 1236 3551 supra
1282 3453 1712 3527 definivimus
1755 3456 2079 3550 (0.1v.),
2110 3455 2285 3528 inter
2315 3478 2584 3528 mascu-

359 3567 507 3639 lum
553 3584 622 3640 et
664 3569 1023 3642 foeminam
1074 3569 1290 3642 sactus
1349 3570 1592 3642 fuerit:
1652 3594 1732 3642 ex
1784 3595 1863 3644 eo
1913 3571 2140 3644 statim
2195 3570 2579 3666 coniugium

358 3698 504 3768 est,
551 3708 749 3781 quem
792 3685 919 3758 etsi
963 3698 1195 3782 postea
1226 3683 1468 3783 copula
1508 3686 1732 3758 carnis
1772 3686 2115 3786 sequitur,
2156 3684 2325 3757 nihil
2361 3701 2580 3758 tamen

352 3797 670 3894 coniugio
717 3798 1008 3898 amplius
1062 3799 1149 3872 ad
1197 3802 1504 3871 virtutem
1549 3801 1944 3872 sacramenti
1989 3799 2346 3874 confertur.
2391 3799 2582 3873 Unde

350 3928 659 3998 constat,
699 3912 882 4012 quod
916 3913 977 3985 si
1009 3914 1116 3988 vir
1163 3913 1268 3987 vel
1308 3913 1548 3987 mulier
1596 3931 1752 4013 post
1802 3913 1998 3988 talem
2050 3938 2455 3988 consensum
2491 3915 2580 3988 ad

498 4089 571 4153 (6)
603 4093 681 4143 De
698 4088 895 4154 synodo
917 4089 1001 4141 tib.
1021 4094 1152 4143 vul.
1174 4105 1284 4155 cap.
1303 4094 1414 4143 ΧΠ.
1432 4107 1482 4143 n.
1502 4097 1547 4143 6.
1573 4101 1618 4144 5.
1638 4093 1715 4144 Cf.
1734 4093 1882 4144 ctiam
1900 4091 2034 4145 card.
2057 4093 2342 4146 pallavicini
2370 4093 2421 4144 ln
2451 4096 2579 4147 nist.

353 4180 496 4218 conc.
519 4167 640 4219 trid.
663 4167 753 4219 lib.
770 4170 925 4219 ΠΗ.
952 4182 1058 4232 cap.
1080 4173 1140 4221 v.
1160 4172 1212 4221 et
1229 4169 1366 4221 alibi.

497 4247 571 4309 (7)
598 4248 730 4298 luter
749 4248 914 4298 cetera
936 4248 987 4298 in
1006 4251 1118 4299 lure
1134 4251 1372 4301 canonico
1390 4253 1565 4302 Causa
1581 4254 1732 4302 xxx.
1747 4259 1859 4323 nst.
1883 4251 2061 4316 legitur
2079 4252 2172 4304 sub
2189 4252 2480 4305 Hormisdou
2494 4265 2582 4303 no·

350 4327 485 4376 mine
503 4327 601 4378 hoc
624 4327 902 4380 decretum:
929 4348 954 4371 ι
973 4328 1149 4380 Nullus
1173 4329 1333 4382 fidelis
1364 4330 1717 4394 cuiuscumque
1739 4331 2040 4383 conditionis
2059 4334 2152 4395 sit,
2173 4333 2366 4384 occulte
2385 4332 2587 4397 nuptia

347 4403 527 4457 ndat:
561 4405 650 4458 sed
681 4405 1022 4459 mediatione
1050 4409 1247 4474 accepts
1266 4423 1296 4461 a
1313 4409 1596 4474 sacerdote,
1618 4410 1814 4476 publice
1832 4410 1988 4464 nubat
2005 4413 2056 4464 tn
2074 4412 2338 4465 nontam»
