3276 5083
713 419 849 497 1‘38
1113 451 1234 500 ua.
1277 451 1323 500 1.
1368 451 1538 500 sacr.
1583 453 1627 500 1.
1672 453 1752 500 1111
1788 452 2049 502 narnia.
2093 451 2515 502 sionnam-o.

708 563 1129 640 celebrandis
1181 569 1354 642 actio
1402 568 1837 643 sacerdotalis
1893 572 2020 666 (3).
2071 569 2247 666 Ergo
2296 595 2513 669 neque
2561 568 2647 642 de
2696 595 2940 644 neces-

711 683 908 755 sitate
959 685 1356 755 sacramenti
1406 709 1486 754 ex
1535 683 1782 757 Christi
1827 685 2242 758 institutione
2275 685 2606 758 eiusmodi
2643 687 2822 759 actio
2861 688 2934 758 in

707 798 1019 895 coniugio
1079 799 1446 872 christiano
1493 815 1598 872 est
1650 799 2069 900 requirenda.
2134 799 2326 884 Quod
2381 800 2439 871 si
2491 800 2780 873 ccclesia
2828 828 2940 875 sa-

711 911 1129 1010 pientissime
1178 913 1521 986 constituit
1546 971 1561 1000 ,
1601 932 1678 987 ut
1712 915 1840 987 ritu
1885 913 2364 988 benedictionis
2405 914 2717 989 sacerdos
2761 915 2937 990 fide-

709 1027 871 1099 lium
936 1029 1203 1126 nuptias
1273 1029 1737 1104 cohonestaret
1767 1089 1782 1116 ,
1849 1030 1960 1102 hic
2012 1031 2179 1102 ritus
2237 1030 2453 1104 eidem
2512 1049 2934 1104 sacramento

709 1143 1123 1216 extrinsecus
1174 1160 1317 1230 est,
1374 1147 1791 1219 accessorius
1834 1171 1913 1219 ac
1963 1171 2144 1219 mere
2193 1143 2739 1228 caeremonialis‚
2798 1145 2930 1217 11ιί-7

707 1257 890 1330 nime
939 1283 1094 1331 vero
1145 1258 1360 1331 eidem
1412 1259 1819 1332 essentialis.
2377 1263 2380 1264 ⁷
2721 1261 2722 1264 '

836 1373 903 1444 Si
932 1374 1111 1473 quod
1140 1374 1419 1472 proinde
1443 1373 1764 1447 biblicum
1783 1374 2275 1462 documentum,
2300 1374 2481 1473 quod
2508 1374 2595 1446 ad
2619 1373 2930 1447 christia-

709 1514 867 1559 num
919 1489 1301 1586 coniugium
1328 1548 1344 1575 ,
1402 1507 1598 1588 prout
1647 1506 2136 1563 sacramentum
2187 1505 2331 1576 est,
2390 1490 2712 1562 referatur
2737 1548 2752 1577 ,
2797 1490 2926 1563 hoc

707 1601 882 1673 favet
929 1602 1509 1691 contrahentibus,
1557 1605 1676 1703 qui
1727 1605 2111 1702 coniugium
2158 1606 2381 1704 ipsum
2419 1605 2541 1677 soli
2580 1605 2918 1692 efficiunt,

706 1716 1011 1815 adeoque
1064 1717 1287 1816 ipsum
1357 1735 1842 1793 sacramentum
1877 1777 1892 1806 ,
1951 1721 2225 1792 minime
2272 1738 2491 1793 autem
2544 1721 2918 1807 sacerdoti,

706 1831 825 1931 qui
855 1832 1022 1905 illud
1048 1833 1181 1906 iam
1208 1834 1516 1908 effectum
1547 1835 2004 1909 tantummodo
2030 1834 2395 1920 benedicit,
2425 1861 2548 1909 nec
2573 1853 2926 1934 propterea

702 1947 1064 2021 conficiens
1092 2007 1107 2034 ,
1163 1974 1280 2022 seu
1332 1951 1640 2054 minister
1687 1951 1944 2025 censeri
1996 1966 2235 2050 potest.

1542 2111 1974 2168 ARTICULUS.
2019 2111 2088 2166 11.

1397 2257 1758 2333 Argumenta
1797 2258 2210 2317 traditionaiia.

851 2413 997 2486 Huc
1049 2414 1423 2487 referuntur
1474 2415 1852 2488 testimonia
1898 2431 2198 2513 patrum,
2247 2414 2712 2501 conciliorum,
2747 2432 2815 2490 et
2842 2417 2923 2487 li-

706 2525 974 2599 brorum
1024 2526 1640 2614 sacramentalium,
1683 2529 1751 2600 id
1786 2545 1890 2602 est
1913 2584 1928 2615 ‚
1972 2527 2324 2617 librorum,
2358 2528 2425 2600 in
2464 2529 2712 2629 quibus
2750 2532 2917 2605 ratio

709 2639 1059 2712 exhibetur
1092 2659 1508 2714 sacramenta
1544 2643 2096 2730 administrandi,
2130 2645 2505 2718 cuiusmodi
2542 2662 2703 2719 sunt
2734 2647 2919 2745 apud

709 2756 984 2847 graecos
1028 2770 1093 2825 et
1126 2753 1482 2827 orientales
1529 2755 1960 2853 euchologia,
2010 2773 2075 2830 et
2118 2758 2415 2846 ritualia,
2466 2778 2917 2834 sacramenta·

711 2865 825 2951 lia,
868 2890 948 2937 ac
999 2865 1405 2964 pontificalia
1452 2868 1634 2967 apud
1687 2867 1955 2944 latinos.
2000 2873 2200 2946 Porro
2233 2897 2317 2944 811
2353 2872 2460 2945 his
2497 2874 2916 2949 documentis
2964 2923 2970 2931 -

847 3126 919 3188 (3)
950 3129 1102 3179 Proui
1124 3129 1329 3179 testatur
1346 3130 1582 3181 Salvador
1612 3132 1936 3196 Philosophus
1954 3145 2038 3183 seu
2062 3133 2226 3195 potius
2247 3132 2730 3184 incredulo-iudaeus
2755 3134 2805 3182 in
2836 3147 2915 3196 op.

697 3208 927 3274 Histoire
963 3206 1051 3259 des
1088 3211 1413 3262 inscientiam
1452 3211 1516 3260 de
1550 3214 1710 3262 Μοίςο
1741 3215 1794 3262 et
1818 3211 1894 3261 du
1917 3212 2111 3277 peuple
2137 3212 2348 3263 hebrea.
2373 3213 2510 3263 Paris
2545 3220 2677 3264 1828.
2704 3216 2828 3262 tom.
2853 3215 2917 3263 11.

702 3286 844 3350 cbap.
873 3290 908 3336 1.
930 3301 1036 3351 pag.
1067 3295 1152 3339 139
1168 3302 1271 3352 seq.
1297 3289 1379 3339 ubi
1407 3290 1600 3339 scribit:
1628 3311 1651 3333 n
1672 3291 1800 3340 cbez
1823 3292 1893 3340 les
1917 3291 2154 3353 romains,
2180 3292 2226 3341 le
2245 3291 2427 3353 college
2448 3291 2534 3341 des
2554 3291 2762 3353 pontisas
2784 3292 2920 3341 avait

701 3366 824 3417 dans
856 3379 910 3417 sa
940 3366 1256 3430 jurisdiction
1291 3369 1361 3419 les
1399 3369 1685 3433 adoptions,
1710 3368 1782 3419 les
1802 3370 2505 3434 mariaqes,1essuneraiiies,
2531 3371 2603 3420 les
2624 3373 2916 3432 tanmem,

704 3447 776 3497 1oe
805 3460 1049 3511 sermens,
1089 3447 1159 3498 188
1192 3461 1346 3510 veux,
1375 3448 1447 3498 les
1477 3448 2061 3499 consecrations....Dans
2080 3450 2128 3499 la
2148 3449 2412 3513 pretendue
2431 3449 2696 3499 theoct-atie
2714 3448 2801 3510 das
2827 3451 2915 3498 Re·

699 3525 881 3589 1118111,
907 3526 1037 3576 leurs
1065 3526 1305 3576 fonctions
1340 3527 1500 3576 surent
1527 3527 1626 3575 loin
1651 3527 1889 3576 d'obtenir
1921 3540 2016 3578 une
2046 3530 2294 3578 exiension
2317 3529 2358 3578 si
2381 3528 2576 3591 grande.
2603 3530 2668 3577 lis
2689 3529 2921 3578 n'etaient

696 3606 808 3666 (les
824 3608 1010 3669 pretres
1025 3607 1062 3667 ),
1086 3608 1134 3656 ni
1159 3620 1219 3655 au
1249 3611 1463 3655 moment
1484 3606 1545 3655 de
1567 3608 1611 3655 la
1634 3607 1884 3657 naissance
1904 3608 1990 3657 des
2011 3610 2251 3671 citoyenS,
2274 3609 2326 3658 ni
2354 3608 2489 3658 dans
2518 3607 2592 3657 Ias
2620 3611 2884 3669 mnriayes
2899 3644 2914 3669 ,

698 3684 794 3733 nia
814 3686 920 3735 leur
940 3688 1148 3736 mort....
1164 3687 1314 3735 Leurs
1332 3686 1568 3747 mariages
1591 3685 1821 3735 n'etaieut
1837 3688 2029 3736 revetus
2047 3686 2306 3738 d'aucune
2320 3687 2603 3738 ceremonia
2622 3686 2916 3748 ramicum,

698 3764 740 3811 si
763 3776 819 3812 ce
844 3765 965 3815 n'cst
993 3766 1081 3816 des
1114 3765 1295 3829 priores
1338 3764 1404 3813 du
1440 3764 1551 3828 pere
1580 3764 1643 3814 dc
1670 3765 1877 3827 famine,
1900 3768 1949 3817 et
1969 3765 2056 3816 des
2082 3768 2313 3817 assistatis
2353 3781 2477 3831 pour
2510 3767 2681 3817 attirer
2705 3767 2752 3816 ia
2773 3766 2916 3815 bene·

702 3841 889 3891 diction
909 3843 970 3893 (18
989 3845 1129 3894 Dieu.
1154 3847 1282 3895 Tout
1304 3857 1356 3893 se
1374 3844 1554 3907 passait
1586 3847 1723 3894 entre
1749 3858 1920 3908 parens
1941 3848 1987 3894 ct
2010 3845 2159 3906 amis,
2184 3859 2239 3894 ce
2257 3846 2449 3906 n'eiait,
2488 3846 2637 3908 qu'un
2678 3848 2919 3894 contrad

699 3917 845 3980 civil,
861 3938 884 3961 υ
904 3924 955 3971 et
981 3922 1126 3973 affert
1155 3922 1496 3973 auctoritatem
1518 3922 1694 3985 Fieury
1716 3926 1911 3975 Moeurs
1938 3923 2028 3973 des
2053 3923 2320 3974 [sraelitai
2340 3926 2391 3973 et
2421 3923 2512 3975 des
2536 3924 2813 3975 chrdtiens.
2840 3923 2918 3973 ct.

699 3998 845 4048 etiam
869 3999 989 4049 laim
1005 4002 1376 4066 Archaeoloqia
1394 4001 1602 4053 biblica.
1616 4003 1831 4053 Viennae
1852 4007 1984 4054 1814.
1999 4004 2082 4066 qui
2100 4002 2146 4066 §.
2165 4007 2266 4054 154.
2281 4003 2471 4054 scribit:
2489 4004 2736 4066 «Denique
2751 4002 2918 4067 nuptis

698 4079 860 4141 ampla
883 4081 1137 4141 posteritas
1161 4082 1506 4147 exoptabatur,
1523 4086 1572 4133 ct
1589 4082 1709 4133 baec
1731 4085 1834 4133 erat
1852 4082 2009 4132 omnis
2029 4082 2299 4133 benedictio
2323 4084 2578 4147 nuptialis,
2603 4086 2725 4133 Gen.
2740 4088 2820 4146 24,
2835 4090 2914 4134 60.

699 4159 849 4210 Ruth.
880 4163 927 4219 4,
967 4166 1122 4213 11-12.
1148 4167 1284 4220 Quae
1314 4164 1567 4216 recentiori
1598 4177 1721 4215 aevo
1749 4164 1995 4227 paulisper
2020 4163 2282 4215 solemnior
2311 4164 2437 4215 sacta
2460 4166 2563 4225 est,
2586 4164 2709 4215 Tob.
2733 4169 2783 4226 7,
2809 4172 2916 4217 15.»

697 4239 958 4298 Quomodo
980 4241 1100 4291 haec
1116 4246 1468 4306 componantur
1496 4259 1610 4296 cum
1637 4245 1701 4295 iis
1725 4257 1852 4308 quae
1876 4245 2131 4305 dicuntur,
2150 4248 2200 4295 et
2216 4244 2415 4308 quidem
2432 4247 2587 4308 recte,
2603 4243 2666 4294 dc
2687 4245 2784 4294 ritu
2808 4244 2918 4294 reli·

699 4321 837 4382 gioso
882 4320 932 4370 in
972 4321 1153 4384 nuptiis
1179 4326 1374 4373 servato
1402 4338 1547 4387 penes
1577 4325 1808 4385 iudaeos,
1839 4337 1934 4373 suo
1962 4324 2071 4373 loco
2101 4324 2345 4386 dicemtm
2378 4324 2570 4375 inierim
2606 4324 2714 4373 heic
2743 4324 2919 4375 aalma

700 4401 895 4450 firmum
934 4400 997 4450 sit
1035 4399 1384 4451 sacerdotalem
1417 4403 1656 4453 actionem
1690 4404 1739 4452 in
1771 4403 1953 4466 nuptiis
1981 4404 2182 4453 minime
2205 4405 2354 4454 fuisse
2382 4403 2704 4454 8888811818111.
