3276 5083
636 417 774 488 224
1036 437 1158 485 us.
1202 437 1248 485 ι’.
1291 435 1464 484 sacr.
1506 435 1767 484 uram.
1810 436 1889 483 na
1924 434 2185 484 uranu.
2229 434 2445 484 civiti.

633 535 861 640 finem,
891 579 1091 653 quem
1127 549 1258 625 sibi
1294 552 1767 649 praestituunt,
1801 567 1875 623 ut
1899 574 2139 651 nempe
2171 548 2480 624 divortiis
2506 551 2685 624 viam
2715 579 2867 652 ape-

634 671 831 742 riant.
887 667 1060 739 Fieri
1109 667 1286 740 enim
1341 666 1604 765 nequit,
1662 682 1738 738 ut
1787 665 2021 739 eadem
2058 680 2398 764 potestas,
2441 692 2617 766 quae
2652 666 2865 765 legem

633 784 786 858 tulit
815 782 903 857 ad
938 782 1161 856 civilia
1193 781 1529 856 connubia
1571 779 2074 856 cohonestanda
2099 839 2116 869 ,
2157 782 2356 855 citius
2394 781 2617 856 serius
2651 781 2869 881 legem

633 898 833 972 aliam
869 925 1002 972 non
1038 897 1231 983 ferat,
1273 923 1411 997 qua
1443 895 1827 969 facultatem
1864 894 2113 970 tribuat
2146 896 2274 969 sub
2309 896 2682 996 praefinitis
2718 898 2869 997 qui-

633 1014 787 1089 dem
838 1012 1371 1098 conditionibus,
1428 1012 1487 1085 si
1539 1012 1807 1112 placet,
1865 1010 2284 1086 dissolvendi
2338 1038 2461 1110 per
2507 1011 2867 1085 divortium

635 1129 984 1226 coniugia,
1041 1128 1248 1200 immo
1294 1152 1453 1200 vero
1505 1126 1840 1200 interdum
1892 1124 1978 1199 ad
2032 1125 2481 1224 praebendam
2533 1124 2718 1199 illam
2770 1127 2869 1200 fa·-

634 1243 948 1316 cultatem
998 1240 1397 1315 necessitate
1445 1266 1577 1313 non
1628 1239 1940 1338 adigatur
1973 1242 2151 1335 (29).
2191 1241 2293 1312 En
2328 1239 2530 1338 igitur
2578 1239 2860 1325 abusus,

502 1396 526 1415 ν
638 1357 706 1427 in
748 1382 949 1455 quem
998 1354 1227 1453 plures
1279 1380 1355 1427 se
1402 1353 1770 1426 coniiciunt
1794 1410 1810 1439 ,
1850 1352 1969 1452 qui
2021 1351 2322 1452 alioquin
2374 1379 2449 1426 se
2499 1353 2868 1428 catholicae

636 1469 963 1546 eeclesiae
1012 1467 1295 1568 obsequi
1347 1467 1747 1566 profitentur
1769 1466 1785 1537 i

1471 1696 1887 1755 ARTicULUs
1926 1697 2030 1754 111.

1051 1864 1486 1925 Matrimonium
1527 1865 1698 1925 civile
1737 1872 1948 1926 natura
1987 1881 2093 1927 sua
2132 1867 2444 1943 opponitur

630 1960 991 2021 Matrimonii
1016 1960 1321 2022 christiani
1339 1963 1573 2040 unitati,
1591 1962 1863 2040 favetque
1880 1963 2165 2024 materiali
2188 1978 2260 2023 ae
2287 1962 2457 2041 legali
2480 1962 2865 2042 polygamiae.

790 2164 1278 2238 Praemittimus
1307 2167 1376 2236 1.
1403 2165 1561 2239 fidei
1595 2165 1966 2240 catholicae
1996 2165 2242 2264 dogma
2263 2191 2417 2239 esse
2449 2167 2644 2239 «Non
2671 2165 2868 2240 licere

640 2276 1033 2353 christianis
1084 2279 1319 2379 plures·
1364 2279 1566 2353 simul
1618 2281 1870 2355 habere
1907 2307 2149 2355 uxores
2177 2338 2193 2368 ,
2233 2296 2302 2353 et
2342 2280 2475 2354 hoc
2519 2305 2673 2354 esse
2721 2279 2870 2377 lege

640 2392 871 2467 divina
914 2394 1326 2493 prohibitum
1357 2398 1501 2490 (30)
1534 2426 1569 2464 »
1620 2422 1767 2484 seu,
1808 2396 1989 2496 quod
2025 2396 2204 2470 idem
2237 2411 2366 2482 est,
2410 2395 2866 2495 polygamiam

642 2507 1115 2582 simultaneam
1150 2533 1303 2584 esse
1335 2507 1726 2583 christianis
1770 2509 2000 2583 divino
2034 2509 2181 2584 iure
2212 2509 2656 2610 prohibitam,
2699 2508 2869 2583 adeo

641 2639 719 2695 ut
768 2647 992 2710 nemo,
1050 2624 1219 2720 quin
1269 2623 1637 2696 catholicus
1689 2651 1841 2697 esse
1889 2624 2194 2715 desinat,
2250 2626 2470 2724 possit
2527 2626 2870 2698 veritatem

641 2736 822 2810 hanc
867 2737 938 2807 in
988 2736 1268 2810 dubium
1339 2764 1650 2812 revocare
1691 2767 1707 2825 ;
1774 2766 1976 2839 quam
2037 2740 2313 2840 quidem
2364 2740 2477 2814 hic
2527 2756 2871 2839 tamquam

644 2852 990 2952 probatam
1042 2855 1494 2943 assumimus,
1552 2881 1704 2929 cum
1756 2855 1823 2927 id
1874 2855 2034 2929 alibi
2085 2857 2505 2931 effecerimus
2539 2859 2718 2953 (31).

787 2969 1282 3043 Praemittimus
1325 2971 1744 3070 2.'apposite
1778 2998 1901 3045 nos
1935 2972 2193 3046 dixisse
2240 2972 2623 3070 coniugium
2672 2972 2871 3045 civile

643 3085 1072 3186 polygamiae
1123 3085 1356 3159 saltem
1405 3088 1769 3173 materiali,
1812 3102 1929 3161 aut
1973 3089 2175 3187 leqali
2220 3087 2476 3175 favere3
2533 3088 2873 3188 siquidem

643 3201 826 3277 iuxta
894 3201 1264 3276 doctrinam
1320 3202 1722 3276 catholicam
1774 3203 2057 3302 eiusque
2106 3204 2438 3303 principia
2487 3202 2871 3302 polygamia

644 3317 880 3392 stricte
913 3318 1124 3404 dicta,
1183 3344 1305 3391 seu
1336 3319 1636 3418 [emulis
1672 3318 1847 3393 inter
1879 3320 2287 3393 christianos
2336 3319 2570 3393 haberi
2607 3318 2864 3418 nequit.

641 3433 751 3507 Ob
802 3433 1347 3533 impedimentum
1386 3436 1564 3508 enim
1599 3435 1956 3524 dii-imeae,
1998 3437 2178 3536 quod
2218 3437 2549 3534 liqamt‘nis
2582 3450 2860 3521 vocant,

641 3549 908 3623 vivente
940 3575 1148 3624 uxore
1185 3549 1392 3650 priori
1416 3608 1432 3637 ,
1472 3551 1724 3638 omnia,
1782 3578 1957 3651 quae
2007 3566 2481 3624 attentat-entur
2527 3551 2865 3648 coniugia,

646 3667 836 3740 irrita
869 3666 1112 3754 forent,
1144 3692 1224 3739 ac
1258 3665 1554 3740 larvatae
1586 3692 1831 3740 uxores
1878 3683 2073 3740 erunt
2117 3666 2388 3767 quidem
2424 3667 2696 3741 totidem
2731 3666 2874 3766 pel-

645 3781 809 3856 lices
832 3841 848 3870 ,
903 3782 1316 3856 concubinae
1338 3841 1354 3870 ,
1412 3781 1788 3870 adulterae,
1844 3809 2086 3857 uxores
2119 3809 2278 3857 vero
2312 3809 2445 3857 non
2495 3784 2677 3857 item.
2721 3782 2873 3867 Quo

795 3995 895 4057 (29)
925 3997 1052 4047 Sane
1075 3996 1128 4047 in
1154 3998 1551 4060 Neo-granatensi
1576 3998 1822 4061 republica
1843 4010 1941 4049 uns
1966 4011 2080 4048 cum
2102 3998 2206 4062 iege
2225 3997 2289 4048 de
2315 3998 2629 4050 matrimonio
2654 3997 2792 4048 civili
2821 4000 2873 4048 et

645 4071 801 4123 alters
834 4073 1136 4138 subsequuta
1153 4077 1228 4128 est
1244 4075 1306 4128 de
1325 4076 1557 4128 facultate
1578 4076 1781 4129 divortii
1803 4075 2041 4141 faciendi3
2063 4080 2209 4142 prout
2230 4077 2415 4129 iamdiu
2435 4079 2487 4128 in
2500 4077 2676 4129 Galliis
2695 4078 2876 4128 facwm

651 4150 828 4214 meret,
840 4153 1020 4203 etslibi
1033 4156 1232 4218 passim
1248 4157 1365 4207 Dixi
1380 4157 1625 4208 interdum
1644 4159 1948 4222 legislatores
1964 4157 2027 4209 sd
2041 4159 2167 4209 hanc
2178 4158 2442 4210 secundam
2456 4159 2611 4222 legem
2627 4158 2879 4209 serendam

648 4232 936 4292 necessitate
969 4233 1120 4299 adigi,
1152 4235 1392 4300 alioquin,
1407 4240 1465 4288 ut
1481 4237 1787 4300 videbimus,
1810 4237 1861 4287 in
1879 4237 2096 4294 deterius
2127 4241 2288 4290 rueret
2316 4238 2681 4290 matrimonium
2706 4236 2875 4289 civile

797 4311 899 4375 (30)
929 4316 1080 4365 conc.
1100 4315 1303 4367 trident.
1328 4330 1448 4368 ms.
1473 4320 1651 4369 xxw.
1667 4321 1743 4368 De
1759 4330 1899 4368 sacr.
1920 4320 2081 4370 matr.
2106 4331 2215 4369 cari.
2238 4321 2302 4368 ll.

792 4392 894 4456 (31)
926 4394 981 4443 in
1012 4393 1432 4460 Pantaucho.
1460 4396 2438 4462 rrace.demaerim.cap.11.prop.1.
