3276 5083
566 493 704 544 cAr.
732 491 927 542 1v.ns
952 491 1190 542 annun.
1218 491 1336 540 rao
1372 490 1530 541 uas
1564 492 1645 541 ns
1679 491 1869 541 nra.
1906 490 2031 540 etv.
2059 491 2200 540 Aur.
2234 490 2280 541 ι.
2440 467 2579 539 357

363 624 686 684 tentatum
728 607 943 681 suerat
979 632 1019 680 a
1048 608 1337 706 losepho
1378 608 1465 679 ll.
1507 609 1687 702 (24).
1725 606 1934 706 quue
1972 605 2202 705 plures
2236 606 2433 679 aulici
2472 630 2583 680 ca—

364 726 674 798 nonistae
715 724 1030 798 austriaci
1073 724 1340 822 imperii
1387 723 1720 821 superiori
1772 737 1983 795 aetate
2035 721 2380 795 adstruere
2431 724 2578 796 ausi

365 856 524 913 sunt
575 841 754 936 (25);
803 854 908 913 ast
967 841 1211 912 frustra
1244 897 1259 926 ,
1316 853 1699 912 constanter
1746 838 1847 911 eis
1892 837 2233 911 obnitente
2266 837 2575 912 ecclesia.

367 955 597 1055 Neque
623 979 941 1054 umquam
971 952 1137 1028 haec
1171 951 1565 1026 obtinebunt
1598 950 2032 1048 legislatores
2052 950 2390 1051 subalpini
2414 1010 2429 1039 ,
2463 976 2586 1025 nec

365 1095 594 1144 eorum
636 1069 1063 1154 canonistae,
1104 1083 1178 1142 ut
1218 1069 1313 1140 lo.
1357 1069 1722 1165 Nepomuc.
1768 1067 1986 1165 Nuytz
2009 1123 2026 1152 ,
2066 1081 2182 1140 aut
2214 1082 2587 1142 assentato—

367 1211 514 1258 rum
563 1183 757 1258 turba
784 1241 801 1270 ,
848 1209 1000 1257 cum
1045 1183 1211 1255 haec
1261 1182 1487 1254 omnia
1536 1180 1975 1255 adversentur
2032 1180 2433 1277 dogmaticis
2474 1206 2588 1256 ca-

370 1299 658 1374 nonibus
712 1296 1133 1383 tridentinis,
1190 1297 1306 1397 qui
1359 1296 1615 1369 immoti
1672 1296 2033 1394 persistent
2064 1298 2240 1392 (26).

515 1414 650 1487 Nec
708 1412 1061 1513 quidpiam
1110 1410 1303 1486 obest
1351 1425 1733 1510 praetextus
1766 1468 1782 1496 ,
1839 1435 2037 1509 quem
2090 1410 2391 1484 nonnulli
2446 1436 2590 1485 ora·

370 1546 548 1603 tores
599 1529 669 1600 in
721 1528 1014 1602 comitiis
1066 1525 1445 1627 subalpinis
1485 1525 1555 1597 in
1602 1525 1899 1599 medium
1951 1524 2351 1612 attulerunt,
2406 1526 2588 1626 quod

369 1669 610 1742 nempe
646 1644 750 1716 lex
785 1642 1004 1717 civilis
1040 1668 1174 1715 non
1212 1642 1428 1741 possit
1475 1641 1640 1741 quin
1690 1639 1895 1714 violet
1941 1640 2188 1714 civium
2239 1641 2590 1715 conscien-

368 1760 527 1832 tiam
564 1783 799 1856 cogere
832 1783 949 1832 eos
973 1815 989 1844 ,
1033 1758 1149 1857 qui
1189 1758 1259 1829 in
1294 1757 1491 1829 ritum
1529 1756 1919 1852 religiosum
1955 1779 2075 1829 seu
2102 1771 2590 1829 sacramentum

372 1899 503 1946 non
556 1874 836 1947 credunt
861 1930 876 1959 ‚
934 1873 1017 1946 ad
1080 1872 1248 1945 illud
1300 1871 1845 1971 suscipiendum;
1905 1896 2059 1944 nam
2104 1869 2288 1945 nulla
2337 1873 2591 1946 ratione

367 2013 596 2059 eorum
647 1988 934 2060 laeditur
998 1987 1446 2062 conscientiae
1512 1985 1788 2058 libertas
1821 2041 1836 2069 ,
1893 1986 2010 2084 qui
2064 2012 2198 2059 non
2249 1980 2580 2072 credunt,

371 2127 520 2173 cum
560 2125 680 2199 per
712 2116 960 2188 actum,
1001 2126 1200 2199 quem
1238 2114 1475 2199 putant
1505 2099 1916 2198 superfluum
1942 2155 1957 2184 ‚
2007 2124 2140 2172 non
2187 2115 2392 2196 agant
2430 2125 2593 2175 con-

371 2234 474 2288 tra
502 2215 1003 2287 conscientiam.
1040 2215 1225 2287 Tunc
1258 2212 1476 2287 solum
1511 2211 1918 2298 laederetur,
1960 2214 2018 2285 si
2054 2213 2376 2287 illicitum
2400 2213 2591 2288 illum

373 2328 741 2416 baberent,
800 2329 982 2429 quod
1036 2328 1330 2428 profecto
1387 2326 1723 2401 eiusmodi
1774 2326 2086 2401 homines
2136 2327 2336 2403 talem
2391 2331 2591 2403 ritum

371 2470 504 2518 non
532 2444 963 2531 arbitrantur,
985 2444 1106 2519 sed
1135 2442 1220 2516 ad
1258 2468 1593 2517 summum
1633 2457 1707 2514 ut
1739 2440 2231 2518 indifferentem
2270 2460 2596 2545 respuunt

376 2586 455 2634 ac
496 2559 950 2659 dedignantur
970 2560 1147 2654 (27).

487 2845 588 2908 (2⁴)
618 2844 697 2897 ct'.
731 2844 983 2911 Apoloqia
1009 2844 1101 2898 del
1125 2848 1463 2898 matrimonio
1493 2849 1777 2907 cristiano,
1818 2848 1957 2898 ossta
1993 2849 2246 2899 Menona
2284 2849 2475 2899 critica
2508 2860 2592 2898 ca·

370 2926 560 2974 noniea
577 2934 607 2973 e
619 2922 843 2988 poltttca
873 2937 972 2988 per
1004 2927 1205 2977 set-utre
1224 2925 1282 2977 di
1300 2927 1530 2990 ruperia
1561 2924 1621 2977 al
1651 2926 1876 2978 tractato
1913 2925 2185 2977 intitulato
2212 2925 2363 2990 Deql’
2380 2924 2592 2991 mpedi-

372 3003 539 3053 πεπυ
566 3001 839 3054 ammonet
859 3003 905 3055 a
922 3005 1191 3058 contrane
1210 3004 1271 3057 dt
1292 3008 1631 3057 mulmento
1664 3003 1897 3070 ne'paesi
1925 3005 2064 3057 baut
2092 3008 2356 3080 mepta&
2374 3005 2596 3057 secondo

373 3081 451 3145 911
478 3080 635 3132 educi
665 3081 723 3132 ou
754 3095 797 3132 s.
818 3094 890 3132 m.
931 3082 968 3133 ι’
980 3086 1294 3148 imperatore
1312 3098 1342 3135 e
1359 3098 1416 3136 re
1442 3087 1694 3151 Gtuseppe
1717 3088 1800 3137 11.
1818 3086 1896 3137 dei
1919 3094 1995 3138 28.
2017 3086 2252 3138 Settemb.
2282 3091 2417 3138 1784.
2441 3089 2598 3138 stras-

377 3160 536 3223 bourg
568 3162 705 3211 ¹790.
735 3160 889 3211 cuius
913 3162 1077 3211 tamen
1099 3174 1370 3225 anonymus
1401 3166 1574 3215 auctor
1601 3164 1844 3214 adnititur
1872 3164 2140 3228 beutgniori
2171 3176 2316 3216 sensu
2355 3165 2477 3216 baec
2520 3166 2593 3216 io·

375 3238 517 3304 sephi
557 3239 621 3290 ΙΙ.
644 3238 806 3291 edicte
841 3239 1166 3304 interpretas-t
1190 3243 1373 3294 Verum
1407 3243 1504 3295 boc
1532 3242 1594 3295 de
1623 3246 1909 3308 argumento
1940 3244 1992 3295 in
2022 3245 2300 3310 insequenti
2341 3244 2471 3296 libro
2504 3244 2601 3296 dte·

379 3330 611 3370 sei-emus.

523 3399 624 3462 (25)
650 3399 729 3451 cs.
752 3398 1044 3465 noskovtny
1075 3402 1151 3452 De
1184 3402 1522 3453 mammone
1549 3405 1610 3454 tn
1641 3403 1821 3454 eccles.
1849 3402 2046 3455 cathol.
2081 3404 2330 3467 Augustae
2357 3402 2598 3455 Vindelic.

384 3482 520 3531 1³⁸7.
539 3481 663 3531 tom.
685 3481 727 3530 1.
747 3478 826 3545 55.
853 3486 929 3532 ιι.
950 3487 1025 3533 n.
1045 3494 1156 3546 pag.
1182 3486 1336 3534 wie.

527 3558 630 3623 (2ο)
660 3559 891 3625 apposite
912 3560 1137 3625 princeps
1156 3559 1219 3612 de
1236 3562 1528 3614 metternich
1559 3563 1637 3625 iis,
1664 3562 1750 3627 qui
1783 3575 1896 3614 eum
1925 3563 2339 3629 interrogaverant
2355 3563 2488 3614 cim
2506 3576 2601 3615 ma·

377 3638 667 3689 trimontum
686 3640 857 3700 civile,
885 3643 943 3691 ut
960 3641 1013 3690 iu
1032 3642 1227 3693 Austris
1247 3640 1542 3706 sanciretur,
1564 3642 1836 3706 respondit:
1862 3662 1886 3687 σι
1904 3643 2179 3706 Messieurs,
2196 3643 2336 3694 sattes
2352 3643 2526 3694 autent
2543 3642 2607 3694 de

380 3717 505 3780 lois,
524 3731 623 3782 que
641 3730 767 3769 vous
786 3719 966 3783 plain,
988 3719 1114 3771 meis
1135 3721 1171 3772 ii
1192 3721 1275 3785 n’y
1295 3734 1327 3772 a
1347 3733 1436 3785 pas
1454 3720 1669 3773 d’mtroe
1688 3722 1783 3773 lois
1802 3734 1890 3773 sur
1907 3722 1954 3773 le
1973 3723 2214 3787 mariage,
2236 3736 2335 3787 que
2363 3722 2511 3775 ceila
2534 3720 2605 3773 du

374 3795 565 3848 concile
586 3796 649 3847 de
675 3799 880 3860 rreum
899 3799 1161 3864 queisques
1178 3800 1340 3851 soient
1365 3813 1456 3851 vos
1473 3801 1680 3863 statute,
1702 3800 1767 3852 iis
1787 3803 1956 3852 serunt
1978 3801 2092 3852 uuis
2117 3800 2241 3853 dans
2253 3805 2365 3854 tout
2379 3815 2437 3852 ce
2457 3801 2607 3865 qu’iis

377 3877 558 3927 aurunt
573 3877 819 3928 contraire
840 3876 871 3926 a
891 3876 940 3928 le
957 3878 1231 3943 legislation
1258 3879 1321 3930 de
1340 3879 1545 3944 i’egiise:
1564 3881 1615 3943 je
1634 3878 1834 3944 regn-de
1850 3893 2043 3932 comme
2061 3895 2158 3932 une
2174 3881 2293 3932 solie
2307 3881 2370 3932 de
2389 3894 2559 3944 penset
2578 3883 2608 3930 a

381 3954 640 4009 beneflcter
676 3969 763 4007 eur
798 3959 927 4009 cette
956 3959 1272 4023 matter-0301:
1293 3958 1374 4018 n’e
1394 3960 1513 4023 qu’a
1535 3961 1842 4012 reconnoitre
1861 3961 1932 4012 ies
1953 3960 2256 4012 institutione
2285 3959 2349 4011 de
2375 3959 2605 4023 regine.»

376 4036 458 4088 ct.
489 4038 710 4089 Univers
735 4043 807 4089 18.
829 4038 972 4089 Fevr.
998 4044 1135 4092 1856.

524 4117 629 4182 (27)
658 4117 803 4175 Quod
817 4117 1107 4169 celebriores
1131 4119 1461 4170 iurisconsulti
1480 4122 1804 4185 agnoverunt,
1821 4122 1949 4172 tuter
1965 4134 2092 4185 quos
2104 4123 2164 4172 D.
2177 4120 2392 4172 Vaseiile
2408 4119 2603 4171 scribit:

381 4215 407 4240 ι
427 4198 562 4248 Dens
582 4210 672 4248 noe
690 4197 897 4248 societes
916 4197 1161 4249 civilisees
1177 4235 1193 4262 ,
1220 4198 1257 4249 ii
1283 4212 1345 4250 ne
1376 4200 1482 4250 saut
1500 4213 1586 4264 pas
1607 4213 1844 4264 supposer
1870 4200 1992 4264 qu'ii
2014 4214 2045 4264 y
2063 4200 2134 4250 ait
2152 4200 2240 4251 des
2257 4201 2480 4251 hommes
2495 4211 2612 4250 uns

379 4288 617 4340 eroyence
653 4277 944 4342 reitgteuse3
986 4279 1037 4329 et
1072 4278 1239 4342 quand
1275 4291 1340 4329 on
1372 4279 1521 4330 seran
1551 4280 1738 4330 certain
1769 4280 1891 4344 qu'ii
1922 4294 1982 4331 eu
2013 4280 2168 4331 existe
2185 4319 2200 4344 ,
2232 4293 2299 4331 on
2326 4294 2388 4331 ne
2414 4279 2608 4330 deruit

385 4356 527 4419 point
546 4357 741 4421 d’egard
763 4356 794 4406 δ
814 4358 921 4408 leur
943 4356 1076 4409 solie.
1101 4359 1170 4408 ce
1187 4370 1249 4408 ne
1266 4357 1413 4408 serait
1439 4372 1526 4422 pes
1547 4358 1654 4410 leur
1681 4358 1800 4410 seire
1820 4371 1916 4410 une
1941 4359 2159 4411 violence
2182 4359 2408 4410 (acheuse
2429 4372 2527 4423 que
2547 4357 2610 4407 de

381 4434 454 4485 ies
474 4435 661 4500 obliger
679 4437 710 4487 a
730 4441 895 4502 portet
916 4452 1013 4490 eux
1038 4437 1175 4502 piede
1195 4438 1282 4489 des
1305 4438 1463 4491 nutele
1487 4439 1558 4491 ies
1578 4441 1841 4501 semente,
1864 4440 1949 4503 qui
1969 4440 2077 4491 sont
2096 4440 2277 4492 devant
2290 4440 2394 4492 leur
2407 4439 2611 4490 maire.-
