3276 5083
674 398 811 467 194
1056 423 1178 472 us.
1221 424 1266 473 ι.
1308 423 1481 474 sacr.
1524 425 1572 474 1.
1613 425 1694 473 nr.
1743 424 2004 475 nram.
2048 423 2476 475 acmantum.

667 540 890 642 quoad
940 540 1076 615 alia
1117 541 1345 638 negari
1382 541 1614 641 nequit
1649 542 2026 617 necessario
2061 540 2543 616 admittendam
2585 567 2761 634 esse,
2802 571 2886 620 ea

668 659 735 730 in
788 657 1146 758 hypothesi
1170 715 1185 744 ,
1232 657 1727 732 distinctionem
1762 658 1935 730 inter
1966 672 2375 730 contractum
2409 675 2477 732 et
2509 683 2889 733 sacramen-

667 790 830 848 tum.
858 773 1039 845 Haec
1064 772 1398 871 siquidem
1423 788 1526 846 est
1547 772 1765 869 logica
1797 772 2005 846 illatio
2028 798 2112 849 ex
2137 773 2346 846 semel
2375 773 2680 848 admisso
2705 777 2896 876 prin-

668 888 847 987 cipio
875 945 890 974 ,
946 887 1128 986 quod
1197 912 1437 985 nempe
1486 886 1601 959 ubi
1654 914 1788 962 non
1836 887 2191 961 intervenit
2238 887 2609 962 sacerdotis
2657 891 2838 964 actio
2870 947 2888 976 ,

669 1029 792 1078 seu
826 1003 975 1076 eius
1020 1002 1393 1077 benedictio
1420 1058 1436 1088 ,
1479 1027 1610 1075 non
1648 1002 1976 1076 habeatur
2022 996 2512 1106 sacramentum
2539 1062 2554 1091 ,
2596 1004 2720 1078 sed
2753 1031 2897 1078 me-

667 1147 784 1192 rus
836 1135 1214 1193 contractus
1268 1117 1411 1192 sive
1459 1117 1821 1206 naturalis,
1864 1119 2010 1193 sive
2058 1119 2299 1194 civilis.
2343 1119 2564 1218 Atque
2612 1118 2743 1193 hoc
2790 1136 2896 1194 est

665 1235 846 1333 quod
895 1234 1234 1309 contendit
1282 1232 1543 1320 Canus3
1602 1234 1921 1307 nimirum
1968 1234 2098 1307 hac
2149 1233 2219 1305 in
2271 1234 2631 1334 hypothesi
2686 1234 2896 1308 habe-

666 1365 846 1423 retur
893 1350 1165 1449 quidem
1213 1365 1592 1424 contractus
1611 1407 1626 1437 ,
1684 1365 1753 1422 at
1802 1367 2296 1423 sacramentum
2345 1375 2479 1423 non
2530 1351 2691 1422 item
2710 1407 2727 1437 ,
2774 1350 2893 1424 de-

664 1464 929 1539 ficiente
978 1466 1125 1538 eius
1175 1465 1485 1539 ministro
1534 1480 1599 1537 et
1649 1464 1885 1537 forma.

808 1581 1301 1653 Praemittimus
1349 1583 1416 1652 2.
1452 1607 1586 1653 non
1622 1605 1777 1654 esse
1811 1578 2282 1679 permiscenda
2314 1579 2449 1654 duo
2484 1579 2678 1667 haec,
2710 1580 2893 1652 vide-

663 1693 839 1782 licet,
878 1704 1083 1793 *posse
1119 1696 1489 1769 subsistere
1523 1695 2020 1769 matrimonium
2040 1753 2056 1781 ,
2106 1722 2227 1769 seu
2277 1712 2685 1770 contractum
2733 1696 2888 1768 sine

668 1828 1124 1898 sacramento;
1167 1828 1234 1885 et
1277 1837 1480 1910 posse
1532 1811 1905 1885 subsistere
1957 1826 2448 1884 sacramentum
2494 1811 2884 1883 distinctum

662 1951 716 1997 a‘
744 1942 1108 2000 contractu.
1161 1927 1328 2007 Nam
1371 1925 1663 2025 primum
1713 1925 1954 2000 falsum
2006 1925 2281 2025 quidem
2330 1940 2472 2013 est,
2528 1950 2608 1997 ex
2654 1941 2884 1997 nostra

664 2040 966 2114 doctrina
991 2099 1007 2129 ,
1065 2056 1136 2114 at
1183 2066 1265 2114 ex
1309 2041 1847 2115 adversariorum
1898 2041 2230 2115 sententia
2278 2041 2629 2127 dimanat3
2684 2039 2887 2139 idque

661 2156 938 2255 contigit
970 2174 1037 2230 et
1069 2157 1393 2255 contingit
1434 2157 1505 2230 in
1541 2156 1854 2230 omnibus
1903 2156 2235 2254 coniugiis
2284 2155 2761 2242 clandestinis,
2820 2156 2890 2227 in

660 2272 977 2345 omnibus
1029 2274 1362 2372 coniugiis
1415 2274 1741 2347 renitente
1774 2272 2106 2373 parocho,
2149 2288 2265 2345 aut
2297 2297 2522 2345 coram
2556 2270 2891 2344 haeretico

658 2386 967 2462 ministro
1017 2387 1404 2474 celebratis,
1453 2406 1570 2462 aut
1617 2387 2061 2462 celebrandis.
2105 2387 2181 2458 In
2218 2386 2326 2459 his
2361 2386 2542 2459 enim
2576 2386 2888 2461 omnibus

661 2500 898 2577 aliisve
948 2502 1284 2576 similibus
1332 2502 1604 2577 casibus
1657 2502 2016 2577 haberetur
2063 2503 2245 2576 iuxta
2293 2528 2440 2576 eam
2490 2501 2885 2576 sententiam

658 2633 1040 2689 contractus
1079 2616 1299 2691 civilis
1340 2619 1488 2690 sine
1525 2634 1967 2692 sacramento.
2000 2616 2295 2691 Alterum
2329 2644 2487 2693 vero
2522 2643 2657 2691 non
2690 2615 2885 2689 modo

655 2748 762 2803 est
795 2730 1041 2804 falsum
1069 2790 1084 2818 ,
1127 2733 1247 2805 sed
1284 2759 1503 2832 neque
1552 2733 1851 2831 legitime
1883 2761 1964 2806 ex
1999 2735 2536 2810 adversariorum
2585 2732 2885 2808 doctrina

657 2846 993 2934 dimanat,
1052 2865 1250 2947 prout
1297 2875 1449 2923 mox
1499 2848 1958 2924 ostendemus.

797 2959 1291 3039 Praemittimus
1346 2968 1413 3037 3.
1455 2966 1881 3039 enunciatam
1917 2967 2295 3044 doctrinam·
2319 2993 2361 3040 a
2395 2965 2594 3041 nobis
2629 2965 2880 3039 adstrui

651 3076 975 3152 adversus
1025 3106 1183 3166 eos,
1242 3082 1361 3180 qui
1413 3081 1579 3154 Cani
1631 3084 1960 3155 sententia
2009 3082 2397 3169 abutuntur,
2455 3082 2552 3156 uti
2605 3082 2741 3155 iam
2789 3081 2883 3152 in-

648 3193 918 3268 nuimus
942 3252 958 3282 ,
1018 3220 1215 3270 secus
1251 3222 1332 3270 ac
1365 3198 1513 3298 ipse
1564 3215 1681 3271 aut
1732 3197 2173 3285 intellexerit,
2217 3215 2335 3271 aut
2365 3197 2672 3273 voluerit.
2715 3199 2880 3270 Nam

650 3309 876 3385 Canus
913 3312 1186 3410 quidem
1220 3313 1719 3388 distinctionem
1757 3315 1931 3387 inter
1962 3331 2370 3410 contractum
2406 3330 2473 3388 et
2504 3309 2883 3388 sacramen-

645 3439 784 3497 tum
826 3423 1160 3499 adstruxit
1194 3427 1261 3498 in
1299 3428 1665 3525 coniugiis,
1725 3455 1902 3529 quae
1951 3429 2208 3527 absque
2257 3428 2626 3502 sacerdotis
2676 3428 2879 3501 bene-

646 3540 940 3615 dictione
990 3541 1522 3629 celebrarentur;
1566 3571 1931 3644 numquam
1972 3561 2194 3618 tamen
2230 3570 2377 3618 eam
2416 3543 2727 3630 admisit,
2768 3558 2881 3616 aut

644 3656 1013 3732 insinuavit
1062 3659 1337 3759 quidem
1388 3684 1541 3732 cum
1591 3676 1902 3756 ageretur
1942 3661 2030 3734 de
2079 3661 2436 3735 connubiis
2488 3687 2610 3760 per
2665 3684 2877 3734 sacer-

644 3769 821 3843 dotis
863 3771 1395 3847 benedictionem
1433 3774 1894 3847 sanctificatis.
1937 3775 2181 3849 Contra
2214 3801 2371 3850 vero
2397 3776 2519 3864 illi,
2552 3801 2723 3875 quos
2749 3775 2873 3845 im-

643 3910 1048 3982 pugnamus,
1075 3905 1279 3988 atque
1304 3887 1374 3961 in
1400 3888 1512 3962 his
1539 3890 1931 3962 nominatim
1966 3889 2062 3963 Io.
2090 3892 2602 3989 Nepomucenus
2627 3891 2863 3988 Nuytz,

644 3996 845 4069 etiam
882 3999 952 4070 in
989 4000 1097 4074 his
1134 4003 1464 4101 coniugiis
1501 4004 1829 4078 eiusmodi
1866 4003 2361 4079 distinctionem
2399 4004 2874 4080 admittendam

637 4137 792 4187 esse
840 4116 1274 4190 contendunt.

787 4227 1049 4314 Quibus
1093 4233 1532 4330 praemissis,
1588 4234 1747 4308 data
1796 4235 1996 4307 etiam
2049 4236 2409 4337 hypothesi
2461 4236 2549 4309 de
2595 4235 2872 4310 veritate

636 4345 1006 4420 sententiae
1028 4404 1043 4434 ,
1094 4348 1275 4445 quod
1328 4349 1645 4424 sacerdos
1698 4347 2004 4425 minister
2052 4353 2141 4427 sit
2189 4351 2590 4427 sacramenti
2642 4350 2872 4426 matri·-
