3276 5083
768 463 907 513 mr.
942 461 1034 512 ιιι.
1072 461 1150 510 nn
1186 460 1446 510 υτιιιιι.
1481 462 1706 511 civius
1742 463 1921 513 isos.
1958 464 2099 512 Aur.
2135 465 2222 513 iv.
2463 443 2598 513 323

383 582 692 656 homines
715 639 730 667 ‚
789 584 1057 654 nomine
1104 598 1303 655 tenus
1355 582 1743 669 christiani,
1801 608 1916 655 eas
1969 584 2138 654 inire
2191 609 2321 656 non
2371 610 2606 657 veren-

383 717 534 785 tur,
591 699 736 773 iure
789 700 1039 798 optimo
1074 699 1160 770 ab
1193 698 1477 772 eeclesia
1530 698 2001 799 reprobantur,
2051 724 2128 772 ac
2179 702 2445 772 statutis
2496 726 2605 773 ca-

377 813 649 888 nonicis
701 815 937 914 pcenis
966 811 1367 913 'plectuntur
1399 871 1414 899 ,
1473 814 1711 886 saltem
1762 815 1985 912 quoad
2039 828 2603 887 sacramentorum

384 956 616 1015 usum,
673 956 714 1002 a
765 929 1012 1029 quibus
1064 944 1397 1002 arcentur.
1461 928 1731 1000 Interim
1792 928 2016 1000 civilis
2065 930 2426 1001 auotoritas
2481 929 2607 1001 hu-

386 1044 673 1118 iusmodi
737 1043 1126 1118 hominibus
1154 1101 1169 1130 ,
1223 1045 1342 1143 qui
1393 1045 1477 1116 ad
1530 1042 1697 1142 legis
1750 1070 2050 1117 normam
2105 1046 2603 1119 matrimonium

382 1160 831 1233 contraxerint
855 1215 871 1243 ‚
929 1159 1416 1257 patrocinatur,
1457 1184 1711 1258 eosque
1746 1184 1867 1258 per
1898 1159 2035 1231 vim
2073 1158 2375 1231 defendit
2408 1175 2608 1259 atque

387 1290 655 1349 tutatur.
715 1275 977 1349 Exinde
1025 1275 1375 1349 conflictus
1428 1276 1599 1347 inter
1650 1273 1912 1348 civilem
1966 1290 2034 1348 et
2080 1275 2604 1349 ecclesiasticam

384 1406 799 1489 potestatem.
858 1391 1199 1466 Ecclesiae
1247 1393 1580 1477 ministri,
1637 1394 1698 1466 si
1748 1391 1961 1466 nolint
1999 1391 2086 1463 ab
2129 1392 2354 1465 officio
2395 1388 2609 1464 desci-

383 1530 604 1593 scere,
644 1523 954 1581 tenentur
986 1532 1066 1579 ex
1104 1532 1410 1594 munere,
1453 1506 1631 1607 quod
1672 1507 1841 1605 ipsis
1878 1505 2236 1591 incumbit,
2284 1504 2608 1579 ecclesiae

384 1622 648 1718 legibus
698 1622 1193 1723 obtemperare,
1249 1649 1501 1722 easque
1545 1648 1818 1719 urgere3
1869 1621 2029 1692 hinc
2072 1645 2151 1693 ex
2200 1635 2386 1720 parte
2435 1622 2608 1720 poli-

382 1737 554 1810 ticae
587 1740 998 1813 auctoritatis
1039 1740 1427 1814 vexationes
1470 1739 1865 1835 omnigenae
1915 1737 2281 1836 incipiunt,
2325 1737 2600 1822 multae,

379 1877 683 1927 carceres
708 1911 726 1940 ,
765 1852 968 1926 exilia
993 1912 1009 1939 ‚
1059 1853 1309 1952 quibus
1352 1856 1613 1927 saevire
1652 1851 1823 1926 solet
1853 1853 1928 1923 in
1965 1852 2252 1951 optimos
2298 1877 2605 1950 quosque

383 1983 684 2066 pastores
734 1995 811 2041 ac
862 1971 1247 2043 sacerdotes
1269 2028 1284 2056 ,
1326 1971 1442 2067 qui
1479 1971 1619 2041 Deo
1653 1969 1928 2042 obedire
1963 1968 2222 2040 malunt
2253 1992 2458 2066 quam
2494 1967 2609 2040 ho-

386 2082 707 2154 minibus.
759 2083 1099 2154 Adnititur
1132 2110 1253 2181 per
1287 2083 1698 2156 materialem
1733 2084 1869 2154 vim
1905 2107 2023 2155 eos
2059 2108 2320 2179 cogere,
2357 2100 2428 2154 ut
2461 2107 2613 2155 con-

386 2215 486 2269 tra
540 2198 881 2296 propriam
934 2199 1412 2270 conscientiam
1466 2214 1702 2294 agant,
1746 2223 1823 2270 ac
1858 2197 2214 2269 violatores
2266 2222 2608 2269 sacrorum

385 2336 719 2384 canonum
745 2337 821 2384 se
847 2312 1294 2398 constituant3
1327 2338 1464 2411 quo
1486 2336 1645 2384 vero
1673 2312 1786 2384 isti
1817 2311 2122 2384 fortiores
2154 2312 2380 2384 animo
2409 2326 2597 2397 sunt,

382 2426 813 2525 validiusque
865 2452 987 2525 pro
1037 2425 1292 2498 iustitia
1327 2426 1670 2499 decertant
1694 2483 1710 2512 ,
1750 2450 1832 2498 eo
1867 2425 2312 2524 pugnaciores
2350 2423 2604 2522 publici

383 2545 817 2641 magistratus
893 2544 1064 2616 fiunt
1095 2600 1111 2630 ,
1186 2541 1489 2642 nullique
1545 2541 1905 2616 violentiae
1971 2534 2255 2640 parcunt
2284 2599 2299 2628 ,
2366 2557 2443 2613 ut
2491 2567 2607 2615 eos

383 2660 697 2745 flectant,
755 2675 1427 2758 transgressoresque
1472 2657 1776 2729 reddant.

528 2774 861 2848 Constans
914 2775 1082 2847 haec
1132 2789 1234 2846 est
1286 2773 1526 2870 agendi
1582 2774 1754 2847 ratio
1816 2771 2548 2873 pseudo-politicorum
2588 2830 2599 2858 ,

384 2892 502 2990 qui
549 2891 882 2989 incipiunt
925 2881 1206 2963 hostiles
1258 2907 1330 2963 se‘
1384 2890 1706 2989 praebere
1757 2915 1913 2985 erga
1963 2887 2360 2961 catholicam
2407 2888 2609 2961 eccle—

386 3007 557 3078 siam
586 3063 602 3091 ,
669 3032 877 3105 seque
938 3007 1357 3079 adversarios
1408 3006 1712 3079 eiusdem
1764 3005 2170 3076 constituere
2211 3033 2225 3087 3
2285 3003 2606 3074 nimirum

387 3119 569 3216 leges
614 3121 805 3219 prius
856 3121 1128 3222 iniquas
1165 3145 1244 3191 ac
1280 3120 1557 3193 iuribus*
1590 3119 1918 3193 ecclesiae
1968 3117 2402 3191 adversantes
2456 3144 2600 3215 pro·

386 3234 689 3332 mulgant
726 3293 742 3321 ,
814 3250 1046 3334 postea
1103 3259 1261 3309 vero
1334 3235 1708 3307 executioni
1778 3233 2099 3305 mandare
2169 3233 2404 3305 maiori
2478 3259 2612 3331 qua

388 3366 673 3449 possunt
721 3350 1075 3423 severitate
1107 3406 1122 3434 ‚
1187 3363 1536 3445 satagunt:
1606 3373 1757 3421 cum
1810 3363 2034 3419 autem
2061 3404 2076 3433 ,
2155 3372 2274 3445 pro
2337 3372 2611 3419 munere

389 3464 824 3539 ecclesiastici
875 3466 1002 3539 viri
1059 3490 1211 3539 sese
1260 3464 1397 3537 illis
1449 3479 1789 3562 tamquam
1838 3486 2100 3534 murum
2168 3488 2444 3534 aeneum
2499 3487 2611 3560 op-

390 3597 680 3679 ponunt,
724 3597 882 3655 tunc
918 3583 1322 3681 potentiores
1371 3581 1800 3677 magistratus
1848 3578 2102 3650 nullum
2148 3577 2418 3650 modum
2471 3603 2612 3649 ser-

389 3711 590 3783 vant,
649 3697 922 3784 furunt,
979 3698 1479 3795 insaniuntque.
1544 3697 1679 3769 Eos
1732 3695 2173 3793 proscindunt
2222 3720 2350 3793 ope
2402 3694 2610 3792 ephe-

390 3812 718 3884 meridum
770 3814 984 3911 pretio
1034 3814 1516 3887 conductarum
1551 3870 1565 3896 ,
1625 3810 2053 3896 maledictis,
2108 3810 2448 3895 dicteriis,
2507 3835 2611 3881 ca·

390 3928 709 4014 lumniis;
751 3953 869 4002 eos
905 3928 1170 4028 populis
1216 3930 1474 4002 invisos
1526 3927 1804 4000 reddere
1853 3927 2093 4025 quavis
2141 3926 2398 3998 ratione
2446 3949 2604 3998 con-

392 4045 728 4131 nituntur;
770 4044 1093 4118 adversus
1131 4045 1622 4118 intolerantiam
1649 4100 1664 4129 ,
1697 4069 1900 4142 quam
1929 4056 2167 4114 vocant
2192 4040 2601 4124 clericalem,

392 4162 905 4236 obstinationem
928 4221 943 4247 ,
988 4161 1429 4258 pervicaciam
1474 4161 1763 4233 clamant
1798 4188 1810 4228 :
1863 4156 2240 4232 sacerdotes
2279 4157 2420 4229 suis
2459 4181 2611 4254 pro-

394 4278 697 4352 ventibus
739 4276 1124 4377 expoliant,
1167 4276 1233 4347 in
1270 4301 1571 4349 carceres
1621 4273 2022 4358 detrudunt,
2074 4299 2153 4345 ac
2193 4273 2486 4371 denique
2537 4272 2607 4342 in

392 4390 662 4466 exilium
718 4391 995 4491 pellunt.
1043 4392 1140 4463 lta
1179 4416 1252 4463 se
1297 4405 1533 4486 gerunt
1575 4415 1725 4462 cum
1779 4387 2100 4472 ecclesiae
2156 4386 2600 4485 praesulibus,

2471 4500 2512 4538 ι*
