3276 5083
585 451 726 499 an.
769 448 866 500 m.
909 449 987 499 ns
1023 448 1336 500 suturae.
1370 451 1512 501 nir.
1545 450 1643 500 111.
1676 448 1913 502 suasu.
1946 447 2355 500 rusotosrm.
2514 427 2598 498 0¹

390 593 514 668 pro
562 567 653 642 iis
701 565 899 663 signa
950 566 1230 664 quaevis
1265 565 1398 642 alia
1432 564 1836 640 substituere
1867 563 2101 652 liceat,
2140 563 2227 639 ad
2260 564 2607 642 materiam

392 682 678 755 fortasse
709 680 1108 753 sacramenti
1127 737 1144 766 ‚
1185 705 1552 780 numquam
1587 703 1747 752 vero
1779 678 1866 753 ad
1901 678 2120 778 ipsius
2154 678 2434 754 sormam
2466 705 2611 779 per·

396 796 608 869 tinere
651 819 854 893 posse
900 792 1188 870 dicenda
1232 810 1413 869 sunt.

542 911 679 984 lam
728 932 887 982 vero
935 908 1091 1008 quis
1142 935 1275 982 non
1324 908 1545 996 videt,
1601 909 1774 986 salsa
1820 909 2096 986 omnino
2143 933 2298 986 esse
2327 922 2394 979 et
2428 931 2609 982 com-

394 1024 696 1098 mentitia
729 1047 908 1123 quae
938 1022 1236 1097 iuniores
1270 1023 1558 1121 theologi
1595 1023 1976 1099 confinxere
1996 1080 2012 1110 ‚
2041 1037 2117 1096 ut
2138 1022 2403 1096 civilem
2429 1021 2612 1096 hunc

392 1137 902 1237 humanumque
935 1153 1341 1212 contractum
1378 1137 1628 1212 Christi
1664 1153 1729 1213 et
1761 1137 2084 1214 eeclesiae
2119 1150 2609 1211 sacramentum

391 1275 545 1326 esse
575 1248 964 1326 merentur?
993 1250 1290 1337 Quorum
1327 1251 1599 1352 quidem
1636 1252 1958 1354 pleraque
1991 1251 2383 1328 infidelibus
2414 1248 2611 1324 valde

395 1363 745 1460 nugatoria
776 1377 935 1438 sunt
960 1420 976 1450 ,
1020 1362 1335 1438 fidelibus
1366 1381 1585 1440 autem
1619 1391 1858 1466 pamm
1893 1363 2134 1438 solida.
2167 1366 2267 1437 Ex
2292 1362 2406 1438 his
2431 1362 2611 1438 enim

397 1477 727 1575 theologis
774 1477 971 1552 facile
1010 1477 1350 1566 invenies,
1404 1481 1522 1580 qui
1573 1479 1680 1553 vel
1729 1479 2194 1555 contrahentes
2243 1479 2430 1580 ipsos
2450 1535 2467 1566 ,
2504 1476 2611 1552 vel

394 1592 692 1693 ipsorum
742 1613 1146 1666 consensum
1163 1649 1179 1680 ‚
1216 1594 1323 1667 vel
1359 1609 1589 1691 gestus
1638 1595 1828 1694 ipsos
1877 1619 2106 1670 eorum
2140 1619 2222 1674 ao
2252 1609 2454 1667 nutus
2488 1618 2612 1693 pro

392 1707 606 1784 forma
638 1707 845 1782 huius
881 1708 1278 1782 sacramenti
1314 1709 1690 1809 accipiant3
1731 1710 1988 1809 quique
2019 1709 2192 1783 inter
2222 1707 2614 1784 contrahen-

391 1837 491 1897 tes
541 1823 644 1898 sic
692 1822 1145 1920 distinguant,
1183 1838 1257 1896 ut
1306 1823 1480 1910 eius,
1521 1824 1638 1924 qui
1675 1824 1856 1925 prior
1904 1823 2221 1924 loquutus
2254 1824 2371 1910 sit,
2406 1821 2613 1899 verba

394 1939 740 2016 materiam
792 1936 1058 2024 dicant,
1113 1937 1389 2014 alterius
1437 1964 1593 2013 vero
1637 1940 1757 2038 qui
1792 1939 2213 2039 responderit
2231 1995 2247 2026 ‚
2299 1938 2605 2013 sormam.

541 2051 721 2138 Quid
740 2050 779 2124 ἳ
844 2052 1025 2152 quod
1088 2053 1432 2130 materiam
1499 2054 1697 2129 nobis
1747 2070 1812 2130 et
1869 2055 2148 2130 sormam
2212 2051 2609 2128 saal-amenti

399 2166 874 2265 quaerentibus
900 2225 917 2254 ‚
963 2166 1093 2242 hoc
1139 2182 1281 2254 est,
1320 2195 1427 2243 res
1461 2167 1794 2268 quasdam
1846 2167 2165 2265 religione
2215 2191 2442 2244 sacras
2461 2222 2478 2252 ‚
2535 2165 2608 2236 hi

396 2279 487 2351 de
511 2279 721 2353 forma
742 2280 1148 2380 materiaque
1171 2294 1549 2356 contractus
1565 2280 1827 2380 profani
1854 2279 2317 2379 naturalisque
2341 2303 2612 2378 respon·

397 2393 609 2468 dent?
656 2396 817 2468 Nam
852 2394 913 2469 si
946 2421 1099 2468 cum
1140 2394 1427 2470 ethnicis
1461 2395 1546 2468 de
1581 2395 1759 2495 pacti
1797 2393 1982 2469 illius
2015 2392 2612 2492 conventionisque

392 2510 671 2585 materia
709 2525 776 2585 et
817 2511 1033 2587 forma
1076 2510 1525 2587 controversia
1572 2509 1770 2586 nobis
1817 2525 2030 2598 esset,
2063 2535 2196 2584 non
2223 2508 2416 2583 aliter
2464 2532 2615 2608 pro-

396 2625 569 2699 fecto
612 2624 712 2697 illi
749 2650 830 2701 ac
863 2625 1074 2700 nostri
1120 2624 1410 2724 theologi
1461 2625 1910 2725 loquerentur.
1944 2625 2028 2697 Et
2059 2650 2257 2699 sane:
2298 2623 2455 2723 quis
2481 2622 2613 2699 sibi

392 2755 525 2812 tam
577 2740 772 2813 facile
819 2740 1219 2840 persuadeat
1268 2741 1612 2813 materiam
1648 2756 1714 2814 et
1747 2741 2022 2813 sormam
2073 2739 2296 2813 civilis
2345 2755 2615 2814 natura-

394 2852 617 2952 lisque
666 2869 1043 2929 contractus
1063 2912 1079 2940 ,
1126 2881 1302 2953 quae
1350 2853 1526 2954 apud
1577 2881 1813 2931 omnes
1862 2871 2096 2952 gentes
2144 2881 2225 2929 ex
2273 2851 2609 2928 communi

396 2970 694 3042 omnium
753 2984 895 3042 tum
956 2969 1253 3044 fidelium
1320 2984 1459 3043 tum
1518 2968 1894 3043 infidelium
1945 2969 2090 3044 iure
2137 2984 2454 3069 perpetuo
2510 2968 2614 3042 vi-

395 3098 700 3178 guerunt,
733 3081 1036 3156 eamdem
1063 3083 1336 3157 omnino
1377 3084 1726 3159 materiam
1751 3100 1818 3157 et
1841 3083 2120 3157 sormam
2154 3107 2333 3170 esse,
2364 3081 2612 3182 quibus

399 3195 654 3292 integra
692 3211 761 3270 et
808 3195 1097 3294 perfecta
1148 3212 1412 3271 nostrae
1462 3196 1807 3294 religionis
1854 3196 2341 3274 constituantur
2390 3221 2613 3271 sacra-

398 3328 621 3384 menta
653 3310 691 3384 ἳ

543 3425 832 3500 Tandem
860 3427 918 3499 si
949 3426 1264 3501 haeretici
1305 3442 1883 3525 argumententur:
1925 3428 2425 3504 matrimonium
2458 3452 2610 3501 cum

401 3540 616 3617 sacris
661 3542 1094 3628 ceremoniis,
1148 3568 1301 3616 cum
1350 3568 1543 3618 sacra
1591 3544 1902 3631 materia,
1958 3569 2110 3617 cum
2162 3569 2355 3618 sacra
2404 3543 2615 3616 sonna

399 3680 444 3729 a
466 3679 651 3731 sacro
684 3655 993 3729 ministro
1028 3656 1562 3733 administratum
1582 3715 1599 3744 ‚
1640 3656 2203 3759 quemadmodum
2232 3658 2302 3730 in
2327 3655 2618 3733 ecclesia

398 3794 674 3842 romana
721 3795 986 3870 semper
1032 3795 1252 3870 usque
1286 3768 1372 3844 ab
1408 3772 1729 3871 apostolis
1779 3772 2316 3847 administratum
2360 3787 2498 3858 est,
2553 3771 2613 3848 si

396 3883 560 3969 hoc,
619 3885 894 3983 inquam
912 3941 928 3970 ‚
984 3900 1559 3984 argumententur,
1603 3904 2090 3963 sacramentum
2125 3887 2450 3963 ecclesiae
2480 3913 2614 3962 non

394 4023 583 4085 esse;
628 4015 785 4075 tunc
815 3999 1184 4076 catholicus
1236 4003 1637 4101 respondeat
1686 4003 2001 4091 fidenter,
2040 4004 2344 4079 animose
2383 4004 2616 4081 defen-

398 4113 551 4200 dat,
593 4140 827 4189 secure
858 4131 1087 4190 contra
1122 4133 1393 4215 pugnet.
1437 4117 1683 4193 Poterit
1715 4118 1894 4192 enim
1933 4135 2416 4196 consentaneas
2467 4144 2618 4195 cau-

398 4253 511 4301 sas
537 4230 719 4302 omni
756 4230 1055 4330 poscenti
1094 4230 1371 4306 reddere
1394 4231 1478 4305 de
1506 4259 1585 4306 ea
1607 4290 1622 4320 ,
1654 4257 1829 4332 quae
1853 4249 1956 4307 est
1980 4233 2050 4306 in
2075 4235 2356 4310 eeclesia
2382 4234 2572 4308 firma
2591 4291 2607 4322 ,

400 4361 715 4443 perpetua
733 4404 749 4433 ,
789 4359 1235 4447 constansque
1278 4346 1601 4424 doctrina.
1637 4348 1883 4423 Poterit
1933 4349 2133 4425 fidem
2184 4376 2457 4451 quoque
2503 4375 2617 4424 no-
