<?xml version="1.0" encoding="UTF-8"?>
<!DOCTYPE html PUBLIC "-//W3C//DTD XHTML 1.0 Transitional//EN"
    "http://www.w3.org/TR/xhtml1/DTD/xhtml1-transitional.dtd">
<html xmlns="http://www.w3.org/1999/xhtml" xml:lang="en" lang="en">
 <head>
  <title>
</title>
<meta http-equiv="Content-Type" content="text/html;charset=utf-8" />
  <meta name='ocr-system' content='tesseract 3.04.00' />
  <meta name='ocr-capabilities' content='ocr_page ocr_carea ocr_par ocr_line ocrx_word'/>
</head>
<body>
  <div class='ocr_page' id='page_1' title='image "./dematrimoniochr04perrgoog_0403.png"; bbox 0 0 3276 5083; ppageno 0'>
   <div class='ocr_carea' id='block_1_1' title="bbox 338 444 2567 2607">
    <p class='ocr_par' dir='ltr' id='par_1_1' title="bbox 338 444 2562 1349">
     <span class='ocr_line' id='line_1_1' title="bbox 527 444 2546 534; baseline -0.004 -13"><span class='ocrx_word' id='word_1_1' title='bbox 527 473 666 521; x_wconf 63' lang='lat' dir='ltr'>cir.</span> <span class='ocrx_word' id='word_1_2' title='bbox 703 471 790 522; x_wconf 74' lang='grc' dir='ltr'>ιν.</span> <span class='ocrx_word' id='word_1_3' title='bbox 824 471 904 534; x_wconf 66' lang='lat' dir='ltr'>nt</span> <span class='ocrx_word' id='word_1_4' title='bbox 941 469 1178 521; x_wconf 68' lang='lat' dir='ltr'>Anaua.</span> <span class='ocrx_word' id='word_1_5' title='bbox 1215 470 1330 519; x_wconf 71' lang='lat' dir='ltr'>rao</span> <span class='ocrx_word' id='word_1_6' title='bbox 1354 468 1515 520; x_wconf 72' lang='grc' dir='ltr'>ιεαι</span> <span class='ocrx_word' id='word_1_7' title='bbox 1544 470 1624 519; x_wconf 77' lang='lat' dir='ltr'>ns</span> <span class='ocrx_word' id='word_1_8' title='bbox 1650 468 1840 518; x_wconf 70' lang='lat' dir='ltr'>nra.</span> <span class='ocrx_word' id='word_1_9' title='bbox 1875 464 2004 516; x_wconf 74' lang='lat' dir='ltr'>civ.</span> <span class='ocrx_word' id='word_1_10' title='bbox 2027 467 2168 517; x_wconf 75' lang='lat' dir='ltr'>m.</span> <span class='ocrx_word' id='word_1_11' title='bbox 2204 467 2273 516; x_wconf 86' lang='lat' dir='ltr'>n.</span> <span class='ocrx_word' id='word_1_12' title='bbox 2410 444 2546 514; x_wconf 70' lang='lat'>3¹19</span> 
     </span>
     <span class='ocr_line' id='line_1_2' title="bbox 339 581 2554 689; baseline -0.003 -26"><span class='ocrx_word' id='word_1_13' title='bbox 339 587 621 689; x_wconf 89' lang='lat' dir='ltr'>nuptiis.</span> <span class='ocrx_word' id='word_1_14' title='bbox 665 586 865 685; x_wconf 81' lang='lat' dir='ltr'>Atqui</span> <span class='ocrx_word' id='word_1_15' title='bbox 901 587 970 657; x_wconf 93' lang='lat' dir='ltr'>in</span> <span class='ocrx_word' id='word_1_16' title='bbox 1007 585 1204 682; x_wconf 88' lang='lat' dir='ltr'>longo</span> <span class='ocrx_word' id='word_1_17' title='bbox 1238 585 1442 658; x_wconf 88' lang='lat' dir='ltr'>totius</span> <span class='ocrx_word' id='word_1_18' title='bbox 1486 582 1660 680; x_wconf 84' lang='lat' dir='ltr'>legis</span> <span class='ocrx_word' id='word_1_19' title='bbox 1707 581 2049 656; x_wconf 83' lang='lat' dir='ltr'>schemate</span> <span class='ocrx_word' id='word_1_20' title='bbox 2100 583 2413 683; x_wconf 78' lang='lat' dir='ltr'>nuspiam</span> <span class='ocrx_word' id='word_1_21' title='bbox 2469 584 2554 656; x_wconf 78' lang='lat' dir='ltr'>ne</span> 
     </span>
     <span class='ocr_line' id='line_1_3' title="bbox 338 697 2554 800; baseline -0.002 -24"><span class='ocrx_word' id='word_1_22' title='bbox 338 700 619 776; x_wconf 78' lang='lat' dir='ltr'>verbum</span> <span class='ocrx_word' id='word_1_23' title='bbox 653 699 924 800; x_wconf 89' lang='lat' dir='ltr'>quidem</span> <span class='ocrx_word' id='word_1_24' title='bbox 960 700 1253 774; x_wconf 82' lang='lat' dir='ltr'>occurrit</span> <span class='ocrx_word' id='word_1_25' title='bbox 1285 699 1457 772; x_wconf 86' lang='lat' dir='ltr'>ritus</span> <span class='ocrx_word' id='word_1_26' title='bbox 1490 698 1785 795; x_wconf 77' lang='lat' dir='ltr'>religiosi</span> <span class='ocrx_word' id='word_1_27' title='bbox 1814 698 1943 770; x_wconf 90' lang='lat' dir='ltr'>hoc</span> <span class='ocrx_word' id='word_1_28' title='bbox 1979 697 2046 769; x_wconf 90' lang='lat' dir='ltr'>in</span> <span class='ocrx_word' id='word_1_29' title='bbox 2081 723 2312 783; x_wconf 83' lang='lat' dir='ltr'>sensu,</span> <span class='ocrx_word' id='word_1_30' title='bbox 2347 699 2554 772; x_wconf 84' lang='lat' dir='ltr'>multo</span> 
     </span>
     <span class='ocr_line' id='line_1_4' title="bbox 340 811 2557 901; baseline -0.003 -11"><span class='ocrx_word' id='word_1_31' title='bbox 340 842 499 890; x_wconf 78' lang='lat' dir='ltr'>vero</span> <span class='ocrx_word' id='word_1_32' title='bbox 548 817 773 888; x_wconf 88' lang='lat' dir='ltr'>minus</span> <span class='ocrx_word' id='word_1_33' title='bbox 828 815 1199 889; x_wconf 73' lang='lat' dir='ltr'>insinuatio</span> <span class='ocrx_word' id='word_1_34' title='bbox 1221 872 1236 901; x_wconf 87' lang='lat'>,</span> <span class='ocrx_word' id='word_1_35' title='bbox 1280 831 1396 887; x_wconf 85' lang='lat' dir='ltr'>aut</span> <span class='ocrx_word' id='word_1_36' title='bbox 1445 813 1817 887; x_wconf 80' lang='lat' dir='ltr'>exhortatio</span> <span class='ocrx_word' id='word_1_37' title='bbox 1865 813 1950 886; x_wconf 87' lang='lat' dir='ltr'>ad</span> <span class='ocrx_word' id='word_1_38' title='bbox 2003 838 2156 885; x_wconf 89' lang='lat' dir='ltr'>eum</span> <span class='ocrx_word' id='word_1_39' title='bbox 2209 811 2557 887; x_wconf 86' lang='lat' dir='ltr'>celebran-</span> 
     </span>
     <span class='ocr_line' id='line_1_5' title="bbox 342 927 2557 1029; baseline -0.002 -25"><span class='ocrx_word' id='word_1_40' title='bbox 342 932 527 1004; x_wconf 90' lang='lat' dir='ltr'>dum.</span> <span class='ocrx_word' id='word_1_41' title='bbox 578 930 903 1004; x_wconf 78' lang='lat' dir='ltr'>Videntur</span> <span class='ocrx_word' id='word_1_42' title='bbox 955 931 1181 1029; x_wconf 89' lang='lat' dir='ltr'>potins</span> <span class='ocrx_word' id='word_1_43' title='bbox 1231 930 1541 1003; x_wconf 73' lang='lat' dir='ltr'>catholici</span> <span class='ocrx_word' id='word_1_44' title='bbox 1592 928 1926 1003; x_wconf 89' lang='lat' dir='ltr'>eiusmodi</span> <span class='ocrx_word' id='word_1_45' title='bbox 1989 927 2404 1026; x_wconf 75' lang='lat' dir='ltr'>legislatores</span> <span class='ocrx_word' id='word_1_46' title='bbox 2452 929 2557 1004; x_wconf 74' lang='lat' dir='ltr'>vel</span> 
     </span>
     <span class='ocr_line' id='line_1_6' title="bbox 346 1043 2562 1145; baseline -0 -29"><span class='ocrx_word' id='word_1_47' title='bbox 346 1047 564 1145; x_wconf 87' lang='lat' dir='ltr'>ipsam</span> <span class='ocrx_word' id='word_1_48' title='bbox 615 1046 783 1119; x_wconf 88' lang='lat' dir='ltr'>ritus</span> <span class='ocrx_word' id='word_1_49' title='bbox 839 1046 1134 1142; x_wconf 77' lang='lat' dir='ltr'>religiosi</span> <span class='ocrx_word' id='word_1_50' title='bbox 1186 1045 1592 1118; x_wconf 87' lang='lat' dir='ltr'>mentionem</span> <span class='ocrx_word' id='word_1_51' title='bbox 1642 1044 1897 1117; x_wconf 87' lang='lat' dir='ltr'>timere.</span> <span class='ocrx_word' id='word_1_52' title='bbox 1941 1043 2117 1141; x_wconf 86' lang='lat' dir='ltr'>Ergo</span> <span class='ocrx_word' id='word_1_53' title='bbox 2152 1043 2426 1115; x_wconf 89' lang='lat' dir='ltr'>mentita</span> <span class='ocrx_word' id='word_1_54' title='bbox 2458 1058 2562 1117; x_wconf 89' lang='lat' dir='ltr'>est</span> 
     </span>
     <span class='ocr_line' id='line_1_7' title="bbox 347 1158 2558 1259; baseline 0 -29"><span class='ocrx_word' id='word_1_55' title='bbox 347 1160 667 1259; x_wconf 87' lang='lat' dir='ltr'>iniquitas</span> <span class='ocrx_word' id='word_1_56' title='bbox 719 1160 852 1234; x_wconf 89' lang='lat' dir='ltr'>sibi</span> <span class='ocrx_word' id='word_1_57' title='bbox 895 1218 911 1246; x_wconf 94' lang='lat'>‚</span> <span class='ocrx_word' id='word_1_58' title='bbox 984 1160 1148 1233; x_wconf 92' lang='lat' dir='ltr'>dum</span> <span class='ocrx_word' id='word_1_59' title='bbox 1199 1160 1374 1233; x_wconf 86' lang='lat' dir='ltr'>facta</span> <span class='ocrx_word' id='word_1_60' title='bbox 1422 1158 1781 1232; x_wconf 86' lang='lat' dir='ltr'>destruunt</span> <span class='ocrx_word' id='word_1_61' title='bbox 1826 1158 2180 1233; x_wconf 81' lang='lat' dir='ltr'>verborum</span> <span class='ocrx_word' id='word_1_62' title='bbox 2233 1173 2558 1256; x_wconf 86' lang='lat' dir='ltr'>protesta-</span> 
     </span>
     <span class='ocr_line' id='line_1_8' title="bbox 346 1276 585 1349; baseline 0.004 -3"><span class='ocrx_word' id='word_1_63' title='bbox 346 1276 585 1349; x_wconf 89' lang='lat' dir='ltr'>tiones.</span> 
     </span>
    </p>

    <p class='ocr_par' dir='ltr' id='par_1_2' title="bbox 342 1387 2567 2607">
     <span class='ocr_line' id='line_1_9' title="bbox 489 1387 2562 1489; baseline -0.001 -27"><span class='ocrx_word' id='word_1_64' title='bbox 489 1389 706 1489; x_wconf 82' lang='lat' dir='ltr'>Atque</span> <span class='ocrx_word' id='word_1_65' title='bbox 754 1389 866 1463; x_wconf 88' lang='lat' dir='ltr'>hic</span> <span class='ocrx_word' id='word_1_66' title='bbox 906 1388 1286 1463; x_wconf 87' lang='lat' dir='ltr'>nullatenus</span> <span class='ocrx_word' id='word_1_67' title='bbox 1339 1387 1865 1488; x_wconf 79' lang='lat' dir='ltr'>praetermittere</span> <span class='ocrx_word' id='word_1_68' title='bbox 1895 1387 2109 1461; x_wconf 88' lang='lat' dir='ltr'>debeo</span> <span class='ocrx_word' id='word_1_69' title='bbox 2142 1388 2562 1463; x_wconf 75' lang='lat' dir='ltr'>animadver-</span> 
     </span>
     <span class='ocr_line' id='line_1_10' title="bbox 347 1502 2561 1601; baseline 0 -25"><span class='ocrx_word' id='word_1_70' title='bbox 347 1503 605 1577; x_wconf 82' lang='lat' dir='ltr'>sionem</span> <span class='ocrx_word' id='word_1_71' title='bbox 641 1505 820 1577; x_wconf 88' lang='lat' dir='ltr'>circa</span> <span class='ocrx_word' id='word_1_72' title='bbox 857 1502 1263 1601; x_wconf 79' lang='lat' dir='ltr'>singularem</span> <span class='ocrx_word' id='word_1_73' title='bbox 1293 1503 1572 1577; x_wconf 91' lang='lat' dir='ltr'>istorum</span> <span class='ocrx_word' id='word_1_74' title='bbox 1602 1502 1951 1576; x_wconf 90' lang='lat' dir='ltr'>bominum</span> <span class='ocrx_word' id='word_1_75' title='bbox 1986 1502 2561 1601; x_wconf 84' lang='lat' dir='ltr'>phrasaeologiam</span> 
     </span>
     <span class='ocr_line' id='line_1_11' title="bbox 345 1615 2563 1717; baseline 0.001 -28"><span class='ocrx_word' id='word_1_76' title='bbox 345 1615 831 1717; x_wconf 83' lang='lat' dir='ltr'>verborumque</span> <span class='ocrx_word' id='word_1_77' title='bbox 855 1617 1233 1702; x_wconf 90' lang='lat' dir='ltr'>circuitum,</span> <span class='ocrx_word' id='word_1_78' title='bbox 1264 1641 1402 1715; x_wconf 90' lang='lat' dir='ltr'>quo</span> <span class='ocrx_word' id='word_1_79' title='bbox 1427 1631 1727 1701; x_wconf 84' lang='lat' dir='ltr'>utuntur,</span> <span class='ocrx_word' id='word_1_80' title='bbox 1752 1616 1837 1689; x_wconf 90' lang='lat' dir='ltr'>de</span> <span class='ocrx_word' id='word_1_81' title='bbox 1861 1616 2175 1714; x_wconf 88' lang='lat' dir='ltr'>coniugio</span> <span class='ocrx_word' id='word_1_82' title='bbox 2194 1616 2563 1691; x_wconf 89' lang='lat' dir='ltr'>christiano</span> 
     </span>
     <span class='ocr_line' id='line_1_12' title="bbox 342 1729 2554 1830; baseline 0.002 -30"><span class='ocrx_word' id='word_1_83' title='bbox 342 1730 780 1805; x_wconf 86' lang='lat' dir='ltr'>disserentes.</span> <span class='ocrx_word' id='word_1_84' title='bbox 841 1730 978 1830; x_wconf 88' lang='lat' dir='ltr'>lpsi</span> <span class='ocrx_word' id='word_1_85' title='bbox 1029 1746 1415 1805; x_wconf 84' lang='lat' dir='ltr'>constanter</span> <span class='ocrx_word' id='word_1_86' title='bbox 1471 1729 1837 1830; x_wconf 89' lang='lat' dir='ltr'>loquuntur</span> <span class='ocrx_word' id='word_1_87' title='bbox 1884 1731 1961 1803; x_wconf 73' lang='lat' dir='ltr'>dc</span> <span class='ocrx_word' id='word_1_88' title='bbox 2020 1733 2158 1803; x_wconf 67' lang='lat' dir='ltr'>nita</span> <span class='ocrx_word' id='word_1_89' title='bbox 2203 1732 2506 1829; x_wconf 71' lang='lat' dir='ltr'>reliqioco</span> <span class='ocrx_word' id='word_1_90' title='bbox 2537 1786 2554 1814; x_wconf 86' lang='lat'><em>,</em></span> 
     </span>
     <span class='ocr_line' id='line_1_13' title="bbox 343 1842 2562 1943; baseline 0.001 -28"><span class='ocrx_word' id='word_1_91' title='bbox 343 1842 420 1915; x_wconf 82' lang='lat' dir='ltr'>cle</span> <span class='ocrx_word' id='word_1_92' title='bbox 448 1847 916 1918; x_wconf 78' lang='lat' dir='ltr'>consecratione</span> <span class='ocrx_word' id='word_1_93' title='bbox 943 1845 1278 1942; x_wconf 71' lang='lat' dir='ltr'>reli‘qiosa,</span> <span class='ocrx_word' id='word_1_94' title='bbox 1303 1843 1380 1916; x_wconf 82' lang='lat' dir='ltr'>cle</span> <span class='ocrx_word' id='word_1_95' title='bbox 1414 1845 1815 1917; x_wconf 74' lang='lat' dir='ltr'>solemnitate</span> <span class='ocrx_word' id='word_1_96' title='bbox 1841 1843 2174 1943; x_wconf 71' lang='lat' dir='ltr'>rcliqiosa,</span> <span class='ocrx_word' id='word_1_97' title='bbox 2199 1843 2276 1916; x_wconf 82' lang='lat' dir='ltr'>cle</span> <span class='ocrx_word' id='word_1_98' title='bbox 2302 1846 2562 1917; x_wconf 79' lang='lat' dir='ltr'>vincalo</span> 
     </span>
     <span class='ocr_line' id='line_1_14' title="bbox 342 1958 2565 2057; baseline 0.002 -29"><span class='ocrx_word' id='word_1_99' title='bbox 342 1958 647 2055; x_wconf 71' lang='lat' dir='ltr'>roliqioso</span> <span class='ocrx_word' id='word_1_100' title='bbox 677 2014 697 2042; x_wconf 90' lang='lat'><em>,</em></span> <span class='ocrx_word' id='word_1_101' title='bbox 754 1958 832 2030; x_wconf 80' lang='lat' dir='ltr'>de</span> <span class='ocrx_word' id='word_1_102' title='bbox 882 1974 1032 2031; x_wconf 80' lang='lat' dir='ltr'>acta</span> <span class='ocrx_word' id='word_1_103' title='bbox 1077 1959 1383 2055; x_wconf 76' lang='lat' dir='ltr'>reliqioso</span> <span class='ocrx_word' id='word_1_104' title='bbox 1417 1973 1568 2041; x_wconf 65' lang='lat' dir='ltr'>etc„</span> <span class='ocrx_word' id='word_1_105' title='bbox 1601 1983 1688 2030; x_wconf 89' lang='lat' dir='ltr'>ne</span> <span class='ocrx_word' id='word_1_106' title='bbox 1722 1958 1990 2057; x_wconf 89' lang='lat' dir='ltr'>proprio</span> <span class='ocrx_word' id='word_1_107' title='bbox 2026 1959 2295 2033; x_wconf 89' lang='lat' dir='ltr'>nomine</span> <span class='ocrx_word' id='word_1_108' title='bbox 2340 1986 2565 2034; x_wconf 78' lang='lat' dir='ltr'>sacra·</span> 
     </span>
     <span class='ocr_line' id='line_1_15' title="bbox 345 2071 2567 2174; baseline 0.002 -31"><span class='ocrx_word' id='word_1_109' title='bbox 345 2086 629 2144; x_wconf 76' lang='lat' dir='ltr'>mentam</span> <span class='ocrx_word' id='word_1_110' title='bbox 676 2074 1084 2145; x_wconf 65' lang='lat' dir='ltr'>matrimonii</span> <span class='ocrx_word' id='word_1_111' title='bbox 1130 2072 1483 2169; x_wconf 80' lang='lat' dir='ltr'>designent</span> <span class='ocrx_word' id='word_1_112' title='bbox 1531 2071 2005 2172; x_wconf 75' lang='lat' dir='ltr'>appellantque</span> <span class='ocrx_word' id='word_1_113' title='bbox 2024 2131 2042 2161; x_wconf 86' lang='lat'>‚</span> <span class='ocrx_word' id='word_1_114' title='bbox 2082 2074 2279 2173; x_wconf 88' lang='lat' dir='ltr'>quasi</span> <span class='ocrx_word' id='word_1_115' title='bbox 2323 2100 2567 2174; x_wconf 84' lang='lat' dir='ltr'>nempe</span> 
     </span>
     <span class='ocr_line' id='line_1_16' title="bbox 350 2186 2567 2285; baseline 0 -26"><span class='ocrx_word' id='word_1_116' title='bbox 350 2208 468 2259; x_wconf 90' lang='lat' dir='ltr'>eos</span> <span class='ocrx_word' id='word_1_117' title='bbox 504 2186 789 2285; x_wconf 85' lang='lat' dir='ltr'>puderet</span> <span class='ocrx_word' id='word_1_118' title='bbox 817 2212 1055 2260; x_wconf 81' lang='lat' dir='ltr'>vocare</span> <span class='ocrx_word' id='word_1_119' title='bbox 1088 2186 1617 2273; x_wconf 89' lang='lat' dir='ltr'>matrimonium,</span> <span class='ocrx_word' id='word_1_120' title='bbox 1650 2203 1726 2261; x_wconf 89' lang='lat' dir='ltr'>ut</span> <span class='ocrx_word' id='word_1_121' title='bbox 1747 2212 1902 2261; x_wconf 83' lang='lat' dir='ltr'>vere</span> <span class='ocrx_word' id='word_1_122' title='bbox 1934 2204 2062 2275; x_wconf 88' lang='lat' dir='ltr'>est,</span> <span class='ocrx_word' id='word_1_123' title='bbox 2092 2204 2567 2260; x_wconf 74' lang='lat' dir='ltr'>sacramentam</span> 
     </span>
     <span class='ocr_line' id='line_1_17' title="bbox 349 2300 2567 2401; baseline 0.001 -28"><span class='ocrx_word' id='word_1_124' title='bbox 349 2326 551 2374; x_wconf 73' lang='lat' dir='ltr'>novae</span> <span class='ocrx_word' id='word_1_125' title='bbox 616 2302 799 2400; x_wconf 60' lang='grc' dir='ltr'>ἱεράς.</span> <span class='ocrx_word' id='word_1_126' title='bbox 866 2301 950 2373; x_wconf 84' lang='lat' dir='ltr'>Et</span> <span class='ocrx_word' id='word_1_127' title='bbox 1000 2301 1221 2375; x_wconf 85' lang='lat' dir='ltr'>tamen</span> <span class='ocrx_word' id='word_1_128' title='bbox 1286 2300 1398 2375; x_wconf 87' lang='lat' dir='ltr'>isti</span> <span class='ocrx_word' id='word_1_129' title='bbox 1465 2316 1672 2387; x_wconf 88' lang='lat' dir='ltr'>sunt,</span> <span class='ocrx_word' id='word_1_130' title='bbox 1726 2302 1846 2401; x_wconf 90' lang='lat' dir='ltr'>qui</span> <span class='ocrx_word' id='word_1_131' title='bbox 1913 2300 2287 2399; x_wconf 81' lang='lat' dir='ltr'>gloriantur</span> <span class='ocrx_word' id='word_1_132' title='bbox 2333 2328 2410 2375; x_wconf 79' lang='lat' dir='ltr'>se</span> <span class='ocrx_word' id='word_1_133' title='bbox 2456 2329 2567 2376; x_wconf 88' lang='lat' dir='ltr'>ca·</span> 
     </span>
     <span class='ocr_line' id='line_1_18' title="bbox 354 2415 2567 2517; baseline 0.003 -33"><span class='ocrx_word' id='word_1_134' title='bbox 354 2415 618 2489; x_wconf 70' lang='lat' dir='ltr'>tltolicos</span> <span class='ocrx_word' id='word_1_135' title='bbox 660 2441 812 2491; x_wconf 89' lang='lat' dir='ltr'>esse</span> <span class='ocrx_word' id='word_1_136' title='bbox 837 2473 852 2502; x_wconf 90' lang='lat'>‚</span> <span class='ocrx_word' id='word_1_137' title='bbox 895 2416 1057 2490; x_wconf 90' lang='lat' dir='ltr'>dum</span> <span class='ocrx_word' id='word_1_138' title='bbox 1091 2416 1266 2491; x_wconf 78' lang='lat' dir='ltr'>vela</span> <span class='ocrx_word' id='word_1_139' title='bbox 1291 2416 1695 2517; x_wconf 85' lang='lat' dir='ltr'>proprietate</span> <span class='ocrx_word' id='word_1_140' title='bbox 1743 2418 2054 2491; x_wconf 73' lang='lat' dir='ltr'>catholici</span> <span class='ocrx_word' id='word_1_141' title='bbox 2107 2417 2438 2493; x_wconf 85' lang='lat' dir='ltr'>sermonis</span> <span class='ocrx_word' id='word_1_142' title='bbox 2499 2434 2567 2491; x_wconf 85' lang='lat' dir='ltr'>et</span> 
     </span>
     <span class='ocr_line' id='line_1_19' title="bbox 350 2530 943 2607; baseline -0.002 -3"><span class='ocrx_word' id='word_1_143' title='bbox 350 2557 481 2605; x_wconf 90' lang='lat' dir='ltr'>usu</span> <span class='ocrx_word' id='word_1_144' title='bbox 532 2530 943 2607; x_wconf 74' lang='lat' dir='ltr'>abhorrent!</span> 
     </span>
    </p>
   </div>
   <div class='ocr_carea' id='block_1_2' title="bbox 1340 2770 1560 2870">
    <p class='ocr_par' dir='ltr' id='par_1_3' title="bbox 1340 2770 1560 2870">
     <span class='ocr_line' id='line_1_20' title="bbox 1340 2770 1560 2870; baseline 0.005 -29"><span class='ocrx_word' id='word_1_145' title='bbox 1340 2771 1414 2870; x_wconf 74' lang='lat'>§-</span> <span class='ocrx_word' id='word_1_146' title='bbox 1476 2770 1560 2843; x_wconf 91' lang='grc' dir='ltr'>ιι.</span> 
     </span>
    </p>
   </div>
   <div class='ocr_carea' id='block_1_3' title="bbox 957 2973 1938 3039">
    <p class='ocr_par' dir='ltr' id='par_1_4' title="bbox 957 2973 1938 3039">
     <span class='ocr_line' id='line_1_21' title="bbox 957 2973 1938 3039; baseline 0.001 -15"><span class='ocrx_word' id='word_1_147' title='bbox 957 2975 1247 3039; x_wconf 70' lang='lat' dir='ltr'>Exemplum</span> <span class='ocrx_word' id='word_1_148' title='bbox 1277 2973 1631 3025; x_wconf 76' lang='lat' dir='ltr'>catholicarum</span> <span class='ocrx_word' id='word_1_149' title='bbox 1666 2975 1938 3025; x_wconf 78' lang='lat' dir='ltr'>nationum.</span> 
     </span>
    </p>
   </div>
   <div class='ocr_carea' id='block_1_4' title="bbox 353 3122 2648 4264">
    <p class='ocr_par' dir='ltr' id='par_1_5' title="bbox 353 3122 2648 4264">
     <span class='ocr_line' id='line_1_22' title="bbox 499 3122 2568 3224; baseline 0.003 -32"><span class='ocrx_word' id='word_1_150' title='bbox 499 3122 676 3194; x_wconf 86' lang='lat' dir='ltr'>Nihil</span> <span class='ocrx_word' id='word_1_151' title='bbox 730 3123 1098 3195; x_wconf 87' lang='lat' dir='ltr'>solemnius</span> <span class='ocrx_word' id='word_1_152' title='bbox 1134 3124 1202 3195; x_wconf 91' lang='lat' dir='ltr'>in</span> <span class='ocrx_word' id='word_1_153' title='bbox 1236 3124 1526 3197; x_wconf 87' lang='lat' dir='ltr'>comitiis</span> <span class='ocrx_word' id='word_1_154' title='bbox 1563 3123 1946 3224; x_wconf 89' lang='lat' dir='ltr'>subalpinis</span> <span class='ocrx_word' id='word_1_155' title='bbox 1982 3125 2107 3198; x_wconf 83' lang='lat' dir='ltr'>suit</span> <span class='ocrx_word' id='word_1_156' title='bbox 2138 3126 2223 3198; x_wconf 90' lang='lat' dir='ltr'>ad</span> <span class='ocrx_word' id='word_1_157' title='bbox 2259 3126 2568 3199; x_wconf 86' lang='lat' dir='ltr'>sancien-</span> 
     </span>
     <span class='ocr_line' id='line_1_23' title="bbox 355 3236 2570 3338; baseline 0.001 -29"><span class='ocrx_word' id='word_1_158' title='bbox 355 3239 514 3311; x_wconf 91' lang='lat' dir='ltr'>dam</span> <span class='ocrx_word' id='word_1_159' title='bbox 553 3237 764 3334; x_wconf 90' lang='lat' dir='ltr'>legem</span> <span class='ocrx_word' id='word_1_160' title='bbox 802 3236 1260 3334; x_wconf 90' lang='lat' dir='ltr'>coniugiorum</span> <span class='ocrx_word' id='word_1_161' title='bbox 1286 3264 1468 3311; x_wconf 88' lang='lat' dir='ltr'>mere</span> <span class='ocrx_word' id='word_1_162' title='bbox 1493 3238 1818 3326; x_wconf 78' lang='lat' dir='ltr'>civilium,</span> <span class='ocrx_word' id='word_1_163' title='bbox 1849 3263 2051 3338; x_wconf 88' lang='lat' dir='ltr'>quam</span> <span class='ocrx_word' id='word_1_164' title='bbox 2085 3265 2323 3337; x_wconf 86' lang='lat' dir='ltr'>urgere</span> <span class='ocrx_word' id='word_1_165' title='bbox 2354 3265 2570 3312; x_wconf 80' lang='lat' dir='ltr'>exem-</span> 
     </span>
     <span class='ocr_line' id='line_1_24' title="bbox 357 3350 2570 3452; baseline 0.002 -28"><span class='ocrx_word' id='word_1_166' title='bbox 357 3353 542 3452; x_wconf 91' lang='lat' dir='ltr'>plum</span> <span class='ocrx_word' id='word_1_167' title='bbox 594 3351 1039 3449; x_wconf 75' lang='lat' dir='ltr'>legislationis</span> <span class='ocrx_word' id='word_1_168' title='bbox 1089 3350 1372 3448; x_wconf 83' lang='lat' dir='ltr'>gallicae</span> <span class='ocrx_word' id='word_1_169' title='bbox 1406 3378 1486 3426; x_wconf 89' lang='lat' dir='ltr'>ac</span> <span class='ocrx_word' id='word_1_170' title='bbox 1520 3352 1819 3450; x_wconf 87' lang='lat' dir='ltr'>belgicae</span> <span class='ocrx_word' id='word_1_171' title='bbox 1864 3357 2041 3449; x_wconf 70' lang='grc' dir='ltr'>(δῦ).</span> <span class='ocrx_word' id='word_1_172' title='bbox 2077 3355 2151 3426; x_wconf 85' lang='lat' dir='ltr'>ln</span> <span class='ocrx_word' id='word_1_173' title='bbox 2184 3378 2413 3428; x_wconf 87' lang='lat' dir='ltr'>earum</span> <span class='ocrx_word' id='word_1_174' title='bbox 2451 3380 2570 3428; x_wconf 90' lang='lat' dir='ltr'>na—</span> 
     </span>
     <span class='ocr_line' id='line_1_25' title="bbox 355 3466 2566 3570; baseline 0.001 -30"><span class='ocrx_word' id='word_1_175' title='bbox 355 3467 608 3540; x_wconf 86' lang='lat' dir='ltr'>tionum</span> <span class='ocrx_word' id='word_1_176' title='bbox 650 3466 999 3540; x_wconf 88' lang='lat' dir='ltr'>codicibus</span> <span class='ocrx_word' id='word_1_177' title='bbox 1041 3466 1148 3541; x_wconf 80' lang='lat' dir='ltr'>lex</span> <span class='ocrx_word' id='word_1_178' title='bbox 1185 3467 1315 3540; x_wconf 88' lang='lat' dir='ltr'>ista</span> <span class='ocrx_word' id='word_1_179' title='bbox 1350 3469 1608 3542; x_wconf 86' lang='lat' dir='ltr'>sancita</span> <span class='ocrx_word' id='word_1_180' title='bbox 1649 3486 1792 3556; x_wconf 80' lang='lat' dir='ltr'>est3</span> <span class='ocrx_word' id='word_1_181' title='bbox 1835 3495 2053 3570; x_wconf 87' lang='lat' dir='ltr'>neque</span> <span class='ocrx_word' id='word_1_182' title='bbox 2089 3486 2314 3544; x_wconf 88' lang='lat' dir='ltr'>tamen</span> <span class='ocrx_word' id='word_1_183' title='bbox 2358 3469 2566 3543; x_wconf 91' lang='lat' dir='ltr'>ullum</span> 
     </span>
     <span class='ocr_line' id='line_1_26' title="bbox 355 3569 2566 3684; baseline 0.003 -31"><span class='ocrx_word' id='word_1_184' title='bbox 355 3582 822 3656; x_wconf 89' lang='lat' dir='ltr'>detrimentum</span> <span class='ocrx_word' id='word_1_185' title='bbox 876 3582 1117 3656; x_wconf 81' lang='lat' dir='ltr'>exinde</span> <span class='ocrx_word' id='word_1_186' title='bbox 1162 3583 1230 3655; x_wconf 93' lang='lat' dir='ltr'>in</span> <span class='ocrx_word' id='word_1_187' title='bbox 1281 3584 1668 3657; x_wconf 84' lang='lat' dir='ltr'>societatem</span> <span class='ocrx_word' id='word_1_188' title='bbox 1720 3586 2026 3684; x_wconf 86' lang='lat' dir='ltr'>provenit</span> <span class='ocrx_word' id='word_1_189' title='bbox 2049 3569 2090 3672; x_wconf 61' lang='grc' dir='ltr'>ς’</span> <span class='ocrx_word' id='word_1_190' title='bbox 2123 3612 2246 3658; x_wconf 91' lang='lat' dir='ltr'>nec</span> <span class='ocrx_word' id='word_1_191' title='bbox 2310 3571 2566 3662; x_wconf 76' lang='lat' dir='ltr'>romani</span> 
     </span>
     <span class='ocr_line' id='line_1_27' title="bbox 357 3696 2568 3803; baseline 0.004 -36"><span class='ocrx_word' id='word_1_192' title='bbox 357 3696 702 3797; x_wconf 87' lang='lat' dir='ltr'>pontifices</span> <span class='ocrx_word' id='word_1_193' title='bbox 736 3722 964 3769; x_wconf 83' lang='lat' dir='ltr'>vocem</span> <span class='ocrx_word' id='word_1_194' title='bbox 1000 3699 1326 3772; x_wconf 78' lang='lat' dir='ltr'>adversus</span> <span class='ocrx_word' id='word_1_195' title='bbox 1378 3725 1524 3772; x_wconf 91' lang='lat' dir='ltr'>eam</span> <span class='ocrx_word' id='word_1_196' title='bbox 1565 3698 1945 3774; x_wconf 87' lang='lat' dir='ltr'>extulerunt</span> <span class='ocrx_word' id='word_1_197' title='bbox 1976 3700 2370 3801; x_wconf 88' lang='lat' dir='ltr'>aliquando;</span> <span class='ocrx_word' id='word_1_198' title='bbox 2402 3702 2568 3803; x_wconf 91' lang='lat' dir='ltr'>quid</span> 
     </span>
     <span class='ocr_line' id='line_1_28' title="bbox 354 3813 2648 3918; baseline 0.003 -34"><span class='ocrx_word' id='word_1_199' title='bbox 354 3813 557 3910; x_wconf 88' lang='lat' dir='ltr'>igitur</span> <span class='ocrx_word' id='word_1_200' title='bbox 605 3827 784 3885; x_wconf 85' lang='lat' dir='ltr'>vetat</span> <span class='ocrx_word' id='word_1_201' title='bbox 829 3815 1187 3913; x_wconf 90' lang='lat' dir='ltr'>quominus</span> <span class='ocrx_word' id='word_1_202' title='bbox 1237 3832 1304 3888; x_wconf 91' lang='lat' dir='ltr'>et</span> <span class='ocrx_word' id='word_1_203' title='bbox 1354 3841 1475 3889; x_wconf 90' lang='lat' dir='ltr'>nos</span> <span class='ocrx_word' id='word_1_204' title='bbox 1527 3815 1832 3889; x_wconf 90' lang='lat' dir='ltr'>eamdem</span> <span class='ocrx_word' id='word_1_205' title='bbox 1884 3833 2276 3892; x_wconf 84' lang='lat' dir='ltr'>statuamus</span> <span class='ocrx_word' id='word_1_206' title='bbox 2309 3818 2569 3918; x_wconf 75' lang='lat' dir='ltr'>legem?</span> <span class='ocrx_word' id='word_1_207' title='bbox 2643 3871 2648 3880; x_wconf 77' lang='lat'><strong>·</strong></span> 
     </span>
     <span class='ocr_line' id='line_1_29' title="bbox 354 3927 2570 4032; baseline 0.004 -32"><span class='ocrx_word' id='word_1_208' title='bbox 354 3927 694 4027; x_wconf 90' lang='lat' dir='ltr'>Numquid</span> <span class='ocrx_word' id='word_1_209' title='bbox 744 3929 1019 4001; x_wconf 82' lang='lat' dir='ltr'>vetitum</span> <span class='ocrx_word' id='word_1_210' title='bbox 1070 3930 1200 4003; x_wconf 92' lang='lat' dir='ltr'>erit</span> <span class='ocrx_word' id='word_1_211' title='bbox 1251 3929 1483 4017; x_wconf 91' lang='lat' dir='ltr'>nobis,</span> <span class='ocrx_word' id='word_1_212' title='bbox 1523 3930 1704 4032; x_wconf 92' lang='lat' dir='ltr'>quod</span> <span class='ocrx_word' id='word_1_213' title='bbox 1740 3932 1892 4006; x_wconf 89' lang='lat' dir='ltr'>aliis</span> <span class='ocrx_word' id='word_1_214' title='bbox 1944 3929 2197 4007; x_wconf 87' lang='lat' dir='ltr'>licituin</span> <span class='ocrx_word' id='word_1_215' title='bbox 2235 3933 2411 4007; x_wconf 75' lang='lat' dir='ltr'>ruit?</span> <span class='ocrx_word' id='word_1_216' title='bbox 2443 3936 2570 4009; x_wconf 91' lang='lat' dir='ltr'>Ec-</span> 
     </span>
     <span class='ocr_line' id='line_1_30' title="bbox 356 4042 2570 4149; baseline 0.004 -33"><span class='ocrx_word' id='word_1_217' title='bbox 356 4068 631 4117; x_wconf 89' lang='lat' dir='ltr'>curnam</span> <span class='ocrx_word' id='word_1_218' title='bbox 691 4042 1039 4117; x_wconf 85' lang='lat' dir='ltr'>inferiores</span> <span class='ocrx_word' id='word_1_219' title='bbox 1092 4045 1354 4142; x_wconf 89' lang='lat' dir='ltr'>magnis</span> <span class='ocrx_word' id='word_1_220' title='bbox 1403 4044 1544 4118; x_wconf 91' lang='lat' dir='ltr'>illis</span> <span class='ocrx_word' id='word_1_221' title='bbox 1592 4046 1978 4132; x_wconf 82' lang='lat' dir='ltr'>nationibus</span> <span class='ocrx_word' id='word_1_222' title='bbox 2044 4049 2336 4136; x_wconf 72' lang='lat' dir='ltr'>erimu8‚</span> <span class='ocrx_word' id='word_1_223' title='bbox 2394 4077 2570 4149; x_wconf 85' lang='lat' dir='ltr'>quae</span> 
     </span>
     <span class='ocr_line' id='line_1_31' title="bbox 353 4159 2571 4264; baseline 0.005 -35"><span class='ocrx_word' id='word_1_224' title='bbox 353 4159 521 4233; x_wconf 82' lang='lat' dir='ltr'>adeo</span> <span class='ocrx_word' id='word_1_225' title='bbox 562 4182 961 4260; x_wconf 86' lang='lat' dir='ltr'>progressae</span> <span class='ocrx_word' id='word_1_226' title='bbox 1009 4176 1169 4233; x_wconf 90' lang='lat' dir='ltr'>sunt</span> <span class='ocrx_word' id='word_1_227' title='bbox 1202 4160 1273 4231; x_wconf 91' lang='lat' dir='ltr'>in</span> <span class='ocrx_word' id='word_1_228' title='bbox 1308 4161 1489 4234; x_wconf 89' lang='lat' dir='ltr'>omni</span> <span class='ocrx_word' id='word_1_229' title='bbox 1541 4161 2006 4237; x_wconf 77' lang='lat' dir='ltr'>humanitate?</span> <span class='ocrx_word' id='word_1_230' title='bbox 2039 4165 2174 4237; x_wconf 87' lang='lat' dir='ltr'>Cur</span> <span class='ocrx_word' id='word_1_231' title='bbox 2208 4166 2571 4264; x_wconf 89' lang='lat' dir='ltr'>reprehen-</span> 
     </span>
    </p>
   </div>
   <div class='ocr_carea' id='block_1_5' title="bbox 361 4347 2572 4497">
    <p class='ocr_par' dir='ltr' id='par_1_6' title="bbox 361 4347 2572 4497">
     <span class='ocr_line' id='line_1_32' title="bbox 500 4347 2572 4419; baseline 0.004 -21"><span class='ocrx_word' id='word_1_232' title='bbox 500 4347 598 4408; x_wconf 67' lang='grc' dir='ltr'>(ω)</span> <span class='ocrx_word' id='word_1_233' title='bbox 644 4351 723 4398; x_wconf 77' lang='lat' dir='ltr'>lta</span> <span class='ocrx_word' id='word_1_234' title='bbox 766 4350 947 4413; x_wconf 67' lang='lat' dir='ltr'>passim</span> <span class='ocrx_word' id='word_1_235' title='bbox 1003 4350 1055 4398; x_wconf 85' lang='lat' dir='ltr'>in</span> <span class='ocrx_word' id='word_1_236' title='bbox 1094 4350 1438 4401; x_wconf 72' lang='lat' dir='ltr'>Parloenento</span> <span class='ocrx_word' id='word_1_237' title='bbox 1480 4351 1660 4402; x_wconf 76' lang='lat' dir='ltr'>sardo.</span> <span class='ocrx_word' id='word_1_238' title='bbox 1701 4375 1718 4390; x_wconf 91' lang='lat'><strong>·</strong></span> <span class='ocrx_word' id='word_1_239' title='bbox 1750 4354 1973 4404; x_wconf 77' lang='lat' dir='ltr'>camera</span> <span class='ocrx_word' id='word_1_240' title='bbox 2016 4352 2237 4406; x_wconf 70' lang='lat' dir='ltr'>electam</span> <span class='ocrx_word' id='word_1_241' title='bbox 2288 4356 2572 4419; x_wconf 69' lang='lat' dir='ltr'>praesen-um</span> 
     </span>
     <span class='ocr_line' id='line_1_33' title="bbox 361 4429 2031 4497; baseline 0.006 -23"><span class='ocrx_word' id='word_1_242' title='bbox 361 4439 469 4489; x_wconf 65' lang='lat' dir='ltr'>pag.</span> <span class='ocrx_word' id='word_1_243' title='bbox 495 4431 709 4478; x_wconf 65' lang='grc' dir='ltr'>σοι-024.</span> <span class='ocrx_word' id='word_1_244' title='bbox 728 4431 823 4479; x_wconf 82' lang='lat' dir='ltr'>etc.</span> <span class='ocrx_word' id='word_1_245' title='bbox 844 4442 933 4480; x_wconf 73' lang='lat' dir='ltr'>net·¹</span> <span class='ocrx_word' id='word_1_246' title='bbox 957 4442 1056 4482; x_wconf 88' lang='lat' dir='ltr'>non</span> <span class='ocrx_word' id='word_1_247' title='bbox 1084 4430 1133 4480; x_wconf 81' lang='lat' dir='ltr'>in</span> <span class='ocrx_word' id='word_1_248' title='bbox 1161 4433 1351 4481; x_wconf 77' lang='lat' dir='ltr'>senato</span> <span class='ocrx_word' id='word_1_249' title='bbox 1373 4429 1462 4481; x_wconf 75' lang='lat' dir='ltr'>dcl</span> <span class='ocrx_word' id='word_1_250' title='bbox 1482 4444 1658 4495; x_wconf 65' lang='lat' dir='ltr'>requio.</span> <span class='ocrx_word' id='word_1_251' title='bbox 1685 4444 1792 4497; x_wconf 74' lang='lat' dir='ltr'>pag.</span> <span class='ocrx_word' id='word_1_252' title='bbox 1820 4435 2031 4486; x_wconf 62' lang='lat' dir='ltr'>nnete.</span> 
     </span>
    </p>
   </div>
  </div>
 </body>
</html>
