3276 5083
689 430 829 499 126
1091 453 1212 502 un.
1257 453 1303 502 ι.
1345 452 1514 503 sacr.
1547 454 1593 503 t.
1634 454 1716 503 nt
1764 454 2021 507 ιΑτιιιι.
2063 455 2484 507 εΑοιιΑιεΝτο.

683 582 908 666 utpote
936 591 1095 641 vera
1129 569 1450 667 religione
1488 568 1790 643 destituti
1827 595 1958 646 non
1993 586 2294 670 poterant
2327 573 2394 644 in
2426 572 2734 669 coniugio
2767 601 2887 649 ce-

681 680 999 755 lebrando
1042 683 1378 756 intendere
1428 684 1558 757 nisi
1610 685 2015 758 contractum
2064 685 2428 759 naturalem
2462 712 2539 760 ac
2571 687 2833 761 civilem
2851 747 2870 775 ,

681 824 880 897 quem
904 815 971 871 et
995 799 1451 897 exprimebant
1480 799 1705 873 verbis
1737 801 2184 875 contrahendo
2217 800 2509 887 idoneis;
2550 802 2661 874 isti
2690 828 2870 889 vero,

679 912 806 984 etsi
858 912 1095 986 iisdem
1145 929 1415 986 utantur
1446 912 1693 1000 verbis,
1734 914 2133 988 contrahunt
2164 931 2381 988 tamen
2416 916 2613 991 modo
2645 943 2884 1016 super·

678 1027 963 1100 naturali
985 1086 1001 1116 ,
1043 1025 1175 1100 imo
1209 1042 1276 1100 et
1310 1028 1769 1102 sacramentali
1824 1045 2049 1127 utpote
2095 1029 2298 1103 evecti
2347 1045 2414 1103 et
2460 1032 2746 1130 cooptati
2800 1033 2870 1104 in

679 1141 927 1215 Christi
976 1142 1349 1228 ecclesiam,
1390 1143 1459 1213 in
1494 1169 1628 1242 qua
1677 1143 1898 1242 ipsius
1946 1143 2300 1219 Salvaton's
2346 1144 2680 1217 voluntate
2710 1172 2874 1220 con·

679 1272 930 1330 tractus
979 1258 1155 1332 idem
1206 1273 1690 1331 sacramentum
1740 1258 2080 1332 constituit
2109 1275 2175 1332 et
2208 1258 2410 1332 habet
2438 1260 2873 1357 significatio-

679 1397 830 1444 nem
881 1372 1236 1470 practicam
1285 1371 1552 1445 unionis
1602 1370 1849 1444 Christi
1892 1397 2042 1444 cum
2074 1371 2386 1462 ecclesia,
2428 1391 2502 1445 ut
2535 1374 2731 1448 toties
2764 1375 2873 1447 in·

677 1485 1109 1560 culcavimus.
1145 1486 1355 1585 quue
1393 1485 1558 1559 adeo
1607 1484 1799 1559 facile
1845 1503 1949 1559 est
1995 1486 2236 1586 cuique
2284 1487 2604 1575 suadere,
2644 1504 2755 1576 ut,
2798 1515 2872 1562 re

674 1600 845 1675 bene
894 1601 1243 1699 perspecta
1276 1658 1292 1687 ‚
1349 1600 1619 1673 difficile
1667 1601 1938 1675 omnino
1985 1602 2075 1676 sit
2121 1627 2250 1675 non
2300 1602 2713 1701 persuaderi.

819 1715 1012 1801 Quod
1062 1716 1122 1789 si
1173 1715 1483 1790 haeretici
1530 1741 1635 1788 ea.
1661 1733 2272 1813 argumentaremur
2318 1719 2604 1805 ratione,
2659 1743 2865 1818 quam

673 1830 942 1927 exponit
988 1830 1211 1903 Canus
1237 1887 1253 1916 ,
1297 1830 1580 1903 fidenter
1627 1845 1829 1929 atque
1876 1830 2173 1904 animose
2222 1830 2526 1905 catholici
2578 1831 2866 1930 theologi

672 1944 1102 2020 defenderent
1135 1945 1290 2018 fidei
1326 1946 1454 2019 hoc
1486 1945 1727 2043 dogma
1748 2002 1765 2032 ,
1803 1945 2142 2019 veritatem
2186 1945 2439 2020 scilicet
2471 1950 2865 2021 sacramenti

675 2060 1118 2147 matrimonii,
1185 2060 1348 2160 quin
1399 2060 1469 2131 in
1519 2058 1896 2132 subsidium
1957 2057 2354 2133 advocarent
2418 2085 2656 2134 novam
2715 2062 2864 2134 eius

675 2176 1071 2250 sententiam
1105 2232 1123 2263 ‚
1179 2174 1735 2276 quemadmodum
1772 2174 1913 2248 sive
1945 2189 2099 2247 ante
2129 2174 2273 2247 sive
2307 2191 2458 2272 post
2488 2176 2713 2273 ipsum
2747 2175 2869 2249 de-

673 2290 1028 2365 fenderunt
1061 2306 1158 2365 tot
1190 2315 1423 2388 graves
1472 2289 1759 2387 theologi
1808 2288 2050 2362 avitam
2099 2287 2465 2362 doctrinam
2515 2291 2725 2364 secuti
2743 2348 2760 2378 ,
2799 2306 2867 2364 et

669 2407 1067 2506 cuicumque
1127 2406 1426 2506 poscenti
1476 2420 1955 2480 consentaneas
2006 2429 2244 2478 causas
2264 2460 2282 2491 ,
2335 2405 2653 2479 rationem
2713 2407 2868 2478 md-

668 2520 984 2596 diderunt
1030 2521 1115 2595 de
1176 2548 1290 2608 ea,
1362 2548 1538 2621 quae
1602 2522 1668 2593 in
1737 2518 2018 2595 ecclesia
2079 2533 2185 2597 est
2243 2519 2469 2608 firma,
2542 2536 2864 2619 perpetua

669 2653 1119 2735 constansque
1152 2635 1474 2710 doctrina.
1518 2637 1725 2708 Immo
1771 2659 1927 2708 vero
1977 2634 2151 2708 addo
2199 2633 2395 2731 longe
2441 2633 2714 2708 firmiori
2749 2660 2865 2710 so-

670 2747 1025 2848 lidiorique
1058 2748 1314 2822 ratione
1349 2747 1418 2820 id
1450 2774 1567 2822 eos
1603 2746 2017 2847 praestitisse
2051 2762 2250 2847 atque
2283 2764 2624 2846 praestare
2654 2774 2860 2848 quam

670 2861 821 2936 illos
847 2921 863 2950 ,
905 2865 1021 2963 qui
1074 2864 1329 2938 fucatas
1379 2888 1723 2962 novasque
1771 2863 2118 2960 opiniones
2167 2864 2402 2937 sectari
2454 2862 2850 2937 maluerunt.

664 2978 749 3050 Et
795 2979 963 3053 haec
1011 2979 1095 3053 de
1144 2979 1548 3078 argumentis
1597 2978 1783 3051 Cani.

807 3093 1134 3168 Solidiora
1168 3119 1363 3194 porro
1410 3119 1544 3168 non
1595 3109 1755 3168 sunt
1801 3110 2210 3191 argumenta,
2253 3118 2427 3193 quae
2460 3094 2861 3170 recentiores

663 3209 956 3308 theologi
1005 3211 1358 3284 adtexuere
1404 3209 1491 3283 ad
1542 3209 1723 3284 illius
1775 3210 2170 3283 sententiam
2221 3209 2643 3283 fulciendam.

805 3325 900 3398 Ac
953 3327 1019 3397 1.
1068 3325 1236 3398 nihil
1284 3340 1462 3424 vetat
1506 3324 1865 3425 quominus
1930 3324 2241 3420 coniugia
2300 3323 2506 3399 mixta
2549 3321 2864 3398 dicantur

664 3458 1073 3516 sacramenta
1090 3499 1106 3529 ,
1138 3440 1498 3516 dummodo
1531 3440 1617 3513 ad
1652 3454 2138 3514 sacramentum
2176 3437 2709 3513 constituendum
2744 3465 2859 3513 ne·

660 3557 953 3631 cessaria
1000 3571 1433 3639 concurrant3
1489 3554 1561 3626 in
1611 3579 1774 3627 casu
1823 3567 2043 3625 autem
2093 3568 2317 3626 nostro
2345 3567 2520 3624 sunt
2551 3577 2631 3624 ea
2665 3551 2853 3650 ipsa,

660 3699 835 3770 quae
884 3686 1294 3747 contractum
1345 3669 1736 3768 perficiunt,
1795 3666 2053 3742 scilicet
2098 3690 2467 3740 consensus
2502 3692 2622 3765 per
2654 3665 2858 3739 verba

658 3789 744 3860 de
794 3789 1126 3888 praesenti
1177 3789 1347 3861 inter
1393 3786 1725 3885 legitimas
1775 3811 2095 3885 personas
2145 3809 2295 3856 cum
2345 3782 2710 3857 intentione
2758 3780 2860 3853 sa·

658 3904 876 3978 ciendi
914 3906 1007 3991 id,
1049 3905 1227 4005 quod
1278 3903 1436 3977 facit
1481 3900 1808 3988 ecclesia;
1864 3926 1983 3974 seu
2033 3899 2295 3998 potius,
2351 3896 2572 3997 quoad
2623 3894 2868 3968 haere-

657 4018 825 4092 ticos
848 4075 864 4105 ‚
911 4019 1200 4092 faciendi
1251 4017 1429 4118 quod
1481 4015 1789 4089 Christus
1839 4011 2164 4112 instituit3
2220 4010 2472 4083 nullam
2521 4007 2860 4108 siquidem

656 4132 855 4207 aliam
908 4132 1335 4205 intentionem
1385 4129 1670 4205 ecclesia
1734 4127 1982 4202 habere
2039 4141 2278 4226 potest.
2341 4121 2535 4210 Quod
2586 4122 2645 4195 si
2696 4120 2859 4194 hae-

657 4248 859 4323 retica
925 4272 1078 4345 pars
1129 4272 1251 4319 nec
1301 4245 1622 4344 implicite
1690 4242 1959 4342 quidem
2023 4239 2353 4314 eiusmodi
2425 4236 2854 4310 intentionem

656 4363 1092 4464 praeseferat,
1162 4361 1365 4435 immo
1415 4376 1481 4435 et
1527 4358 1926 4434 contrariam
1952 4358 2194 4457 {geram
2262 4352 2700 4430 nihilominus
2745 4374 2860 4422 sa—
