3276 5083
1332 455 1704 509 rnooeumu.
2508 456 2622 509 xm

412 575 558 668 logi
609 573 709 644 illi
753 575 875 667 qui
915 574 988 643 in
1025 574 1202 644 hanc
1242 595 1643 645 concessere
1678 577 2126 657 sententiam,
2172 597 2261 647 ne
2296 574 2620 669 suspicati

412 689 699 783 quidem
742 701 939 771 sunt,
983 689 1349 784 quomodo
1382 690 1497 761 alii
1532 691 1849 784 ipsorum
1887 689 2142 784 placito
2193 688 2474 762 abusuri
2512 713 2624 762 es—

416 819 591 878 sent.
644 807 736 876 At
770 804 908 875 dici
953 806 1071 875 vix
1114 816 1341 899 potest
1380 816 1722 898 quantum
1776 801 1968 875 abuti
2011 805 2143 877 hac
2180 805 2624 877 distinctione

413 921 640 992 statim
677 921 1039 1014 coeperint
1085 919 1348 1013 politici
1380 918 1485 990 illi
1516 920 1836 990 homines
1868 918 2194 991 ecclesiae
2231 919 2467 992 hostes
2500 922 2625 1014 qui

412 1035 570 1131 plus
622 1035 833 1105 nimis
868 1034 1054 1105 civili
1112 1035 1435 1127 potestati
1479 1034 1619 1105 iam
1669 1032 1941 1128 pridem
1984 1033 2412 1106 tribuebant.
2445 1035 2625 1106 Hinc

409 1151 671 1222 nefaria
720 1151 1011 1221 demum
1066 1149 1327 1244 prodiit
1370 1173 1509 1220 non
1547 1150 1793 1244 opinio
1830 1148 2094 1231 solum,
2135 1172 2380 1221 verum
2415 1151 2626 1222 etiam

410 1265 693 1360 publice
732 1265 996 1360 perlata
1036 1265 1148 1335 lex
1187 1287 1367 1359 quae
1400 1266 1925 1336 matrimonium
1970 1264 2392 1358 legitimum,
2430 1264 2626 1358 quod

416 1402 654 1453 coram
678 1380 858 1451 civili
883 1392 1150 1453 tantum
1173 1382 1572 1475 magistratu
1603 1383 1941 1452 sociatum
1970 1380 2171 1452 fuerit
2186 1432 2205 1463 ,
2224 1380 2629 1453 habendum

415 1520 560 1568 esse
581 1498 823 1568 sancit:
854 1520 892 1567 a
919 1520 1058 1590 qua
1081 1496 1251 1567 dum
1281 1493 1378 1567 ob
1404 1498 1729 1569 immania
1757 1496 1922 1568 inde
1942 1510 2184 1569 exorta
2213 1496 2470 1591 flagitia
2494 1498 2641 1592 ipsi,
2727 1582 2730 1585 Ι

411 1614 547 1685 iam
602 1634 792 1683 nunc
842 1612 1165 1684 haeretici
1223 1608 1603 1684 abhorrent
1623 1664 1642 1694 ,
1680 1613 1804 1706 qui
1843 1614 2146 1707 primum
2196 1634 2350 1687 eam
2397 1609 2628 1706 legem

409 1738 893 1821 susceperant,
941 1727 1199 1797 mirum
1248 1725 1565 1821 profecto
1616 1740 1721 1799 est
1764 1750 1900 1822 qua
1954 1726 2185 1800 fronte
2226 1739 2294 1801 et
2341 1727 2629 1801 audacia
2737 1780 2752 1827 χ

409 1864 563 1913 eam
625 1843 883 1913 nostris
941 1841 1130 1913 hisce
1197 1841 1630 1937 temporibus
1697 1842 2029 1915 adversus
2092 1842 2426 1915 ecclesiae
2488 1841 2628 1917 tela

411 1956 807 2027 christianis
847 1953 1285 2051 principibus
1330 1955 1749 2050 persuadere
1794 1976 1935 2027 non
1980 1969 2378 2029 vereantur.

554 2071 704 2141 lllis
743 2070 935 2142 ultro
972 2094 1048 2142 se
1082 2073 1372 2142 comites
1420 2069 1762 2167 praebent
1805 2085 2011 2166 atque
2055 2072 2446 2155 adiutores,
2502 2074 2627 2167 qui

408 2206 848 2266 mormones‚
905 2186 1026 2279 qui
1073 2185 1574 2258 communistae
1621 2198 1692 2258 et
1741 2186 2162 2267 socialistae‚
2220 2188 2419 2258 novis
2469 2186 2630 2259 licet

415 2438 564 2496 res,
616 2415 1037 2485 matrimonii
1087 2413 1593 2484 sanctissimum
1620 2414 1726 2483 ius
1749 2434 1895 2508 quo
1919 2411 2264 2507 obstringi
2300 2436 2443 2486 non
2475 2435 2632 2486 ‚am-

410 2530 596 2626 plius
652 2527 937 2612 volunt,
981 2528 1412 2601 detestantur
1460 2541 1668 2622 atque
1720 2540 2186 2603 exsecrantur.
2229 2516 2471 2602 Patent
2506 2553 2632 2603 ne-

410 2647 907 2739 quissimorum
980 2644 1342 2716 hominum
1409 2645 1750 2727 consilia;
1814 2659 2093 2740 apertae
2151 2658 2313 2718 sunt
2367 2668 2628 2730 voces;

412 2783 771 2833 sermones
794 2761 1408 2852 circumferuntur3
1434 2761 1522 2833 ad
1553 2761 1625 2832 id
1657 2784 1907 2857 nempe
1934 2761 2312 2857 flagitiosae
2338 2765 2633 2857 turpitu-

415 2876 595 2948 dinis
646 2877 992 2971 aspirant‚
1031 2888 1111 2947 ut
1151 2874 1471 2947 foeminis
1503 2875 1594 2947 ad
1627 2898 1908 2948 omnem
1950 2874 2317 2947 libidinem
2357 2878 2453 2948 uti
2491 2878 2631 2952 iam

418 2991 642 3063 liceat.
675 2990 1129 3062 Horrendum
1173 2989 1363 3061 dictu
1407 2990 1644 3062 nefas!
1698 3013 1843 3085 quo
1893 3012 2039 3063 non
2089 2990 2467 3066 domestica
2513 3013 2632 3064 so-

421 3106 564 3176 lum
583 3158 602 3186 ‚
652 3105 776 3178 sed
813 3108 1132 3178 universa
1177 3107 1482 3178 humana
1534 3107 1823 3178 societas
1880 3118 2335 3179 everteretur.

561 3220 674 3290 Ad
720 3220 859 3292 hoc
910 3222 1095 3291 exitii
1150 3220 1520 3293 discrimen
1568 3219 1658 3291 ab
1701 3221 1784 3292 iis
1826 3244 2167 3294 novarum
2217 3222 2635 3315 opinionum

416 3337 633 3407 initiis
692 3335 1335 3407 scelestissimorum
1401 3335 1770 3408 hominum
1836 3336 2119 3408 audacia
2171 3335 2472 3408 adducta
2524 3357 2636 3407 res

420 3463 559 3521 est:
593 3473 634 3523 a
661 3474 802 3545 qua
840 3451 1126 3546 quidem
1161 3463 1302 3522 tam
1344 3450 1605 3524 nefaria
1643 3454 1980 3525 sententia
2002 3504 2021 3535 ,
2053 3454 2182 3525 etsi
2208 3471 2637 3546 magnopere

424 3564 794 3638 abhorreat
844 3564 1295 3661 politicorum
1346 3579 1748 3639 nostrorum
1796 3568 2113 3639 doctrina
2138 3619 2155 3649 ‚
2195 3569 2318 3662 qui
2355 3589 2639 3640 omnem

423 3678 649 3749 bacin
683 3704 758 3752 re
792 3680 1462 3753 administrationem
1514 3685 1919 3777 permittere
1962 3682 2294 3756 ecclesiae
2338 3680 2634 3764 nolunt;

419 3797 479 3865 si
536 3806 759 3866 tamen
823 3795 1152 3868 audiendi
1196 3807 1427 3868 essent
1465 3848 1483 3879 ,
1552 3808 1910 3870 corrueret
1972 3798 2179 3892 plane
2227 3797 2467 3869 divina
2515 3797 2638 3870 illa

420 3910 764 3981 institutio
790 3962 808 3990 ‚
862 3923 931 3982 et
980 3934 1331 4007 magnum
1391 3911 1570 3984 illud
1629 3931 2163 3985 sacramentum
2190 3969 2211 3994 ,
2267 3925 2347 3986 ut
2409 3910 2642 3985 verbis

421 4036 579 4095 utar
619 4024 980 4119 Apostoli,
1032 4049 1178 4121 quo
1213 4039 1440 4100 castus
1484 4028 1736 4101 Christi
1774 4052 1938 4124 erga
1987 4031 2349 4103 ecclesiam
2392 4051 2632 4111 amor,

418 4163 565 4235 quo
608 4140 862 4212 Christi
916 4164 1078 4213 cum
1127 4144 1413 4217 ecclesia
1446 4195 1464 4227 ‚
1523 4145 1743 4217 immo
1792 4157 1861 4217 et
1912 4148 2175 4218 aeterni
2217 4143 2428 4218 Verbi
2479 4167 2642 4216 cum

420 4255 725 4330 humana
777 4269 1020 4330 natura
1071 4261 1469 4333 coniunctio
1521 4259 1983 4357 significatur,
2053 4260 2449 4334 foedissima
2506 4260 2639 4331 ho-

422 4372 688 4443 minum
719 4384 1074 4466 tamquam
1098 4373 1475 4449 brutorum
1503 4375 1949 4470 copulatione
1971 4387 2635 4473 repraesentaretur.
