3276 5083
645 473 782 524 mr.
815 472 880 522 v.
911 472 993 523 nn
1024 471 1259 524 umor.
1297 470 2318 526 comnffl.mr.111.nc.rnso1..
2474 454 2613 527 557

396 594 772 670 stianorum
793 648 809 678 ,
852 617 1029 690 quae
1062 589 1247 664 nullo
1268 595 1601 691 ‘umquam
1636 591 1707 663 in
1742 617 1904 666 casu
1939 608 2226 692 possunt
2269 592 2494 665 dirimi
2535 620 2618 668 ex

400 735 544 810 quo
579 722 734 781 sunt
764 705 1253 793 consummata,
1294 706 1638 781 constituit
1672 707 2015 782 scribens:
2065 708 2286 780 «Nam
2319 709 2447 781 etsi
2482 736 2618 783 ma-

406 823 792 899 trimonium
841 847 1065 894 verum
1114 821 1288 895 inter
1343 822 1651 897 infideles
1712 823 1994 911 existat,
2050 849 2181 898 non
2240 839 2460 897 tamen
2516 842 2623 899 est

403 954 659 1013 ratum:
711 938 885 1010 inter
931 935 1165 1011 fideles
1217 952 1436 1010 autem
1484 964 1709 1011 verum
1756 954 1824 1012 et
1867 953 2086 1012 ratum
2132 939 2390 1013 existit:
2458 939 2621 1039 quia

402 1047 895 1128 sacramentum
948 1051 1104 1124 fidei
1125 1049 1165 1138 ‚'
1191 1052 1372 1151 quod
1412 1052 1625 1126 ‘semel
1662 1068 1766 1126 est
1797 1052 2169 1127 admissum
2193 1110 2209 1141 ‚
2251 1078 2617 1153 numquam

397 1165 729 1243 amittitur
748 1225 764 1255 ‚
799 1167 918 1241 sed
954 1183 1169 1240 ratum
1198 1167 1403 1240 efficit
1426 1168 1718 1264 coniugii
1746 1165 2231 1242 sacramentum
2250 1224 2267 1255 ‚
2300 1183 2373 1241 ut
2395 1168 2618 1268 ipsum

404 1283 480 1355 in
522 1280 925 1378 coniugibus
973 1279 1089 1354 illo
1132 1280 1416 1354 durante
1466 1281 1782 1380 perduret
1812 1284 2040 1377 (35).»
2063 1281 2165 1353 Ex
2198 1280 2445 1381 quibus
2479 1283 2624 1355 mass—

401 1397 646 1470 nifeste
667 1394 1189 1497 deprehenditur
1204 1453 1220 1482 ‚
1250 1422 1474 1469 verum
1507 1412 1574 1469 et
1605 1411 1824 1469 ratum
1857 1394 1991 1469 dici
2027 1396 2413 1494 coniugium
2456 1396 2623 1470 fide-

404 1510 568 1584 lium
592 1569 608 1598 ,
650 1511 811 1612 quia
847 1525 1329 1584 sacramentum
1370 1525 1496 1583 est.
1540 1510 1962 1610 Quapropter
1992 1510 2152 1583 dum
2190 1511 2620 1585 tridentinum

398 1626 529 1700 sub
576 1626 1024 1700 anathematis
1074 1625 1611 1700 interminatione
1652 1625 1946 1700 declarat
1981 1626 2404 1700 matrimonia
2436 1625 2624 1700 clan-

396 1742 668 1816 destina
701 1739 1014 1814 habenda
1046 1766 1200 1814 esse
1230 1766 1385 1814 vera
1410 1756 1472 1814 et
1492 1756 1685 1826 rata,
1724 1742 1852 1817 hoc
1885 1744 2034 1843 ipso
2059 1740 2352 1816 declarat
2384 1740 2619 1815 eadem

400 1857 715 1954 coniugia
758 1855 1029 1929 totidem
1073 1880 1225 1929 esse
1265 1872 1703 1930 sacramenta.
1747 1857 1914 1930 Cum
1945 1855 2210 1930 veroin
2244 1856 2358 1930 his
2388 1857 2628 1930 coniu-·

400 1972 532 2070 giis
567 1970 830 2044 nullum
865 1971 1259 2046 interveniat
1292 1971 1679 2047 sacerdotis·
1712 1972 2155 2045 ministerium
2176 2029 2192 2059 ‚
2240 1971 2622 2045 necessario

406 2086 744 2186 sequitur,
787 2109 917 2159 non
956 2084 1126 2159 alios
1159 2112 1316 2159 esse
1347 2112 1549 2186 posse
1579 2087 1786 2160 huius
1826 2087 2225 2160 sacramenti
2276 2086 2624 2159 ministros

407 2216 673 2300 praeter
718 2200 902 2301 ipsos
953 2200 1442 2273 contrahentes.
1485 2201 1627 2273 Hoc
1662 2216 2123 2297 argumentum
2143 2257 2158 2285 ‚
2200 2223 2625 2298 quocumque

408 2329 766 2389 seven-tant
785 2315 1154 2390 adversarii
1181 2372 1196 2402 ,
1229 2311 1659 2388 ineluctabile
1692 2329 1817 2387 est.
1850 2316 1990 2387 lmo
2024 2317 2145 2413 pei·
2176 2314 2401 2413 ipsum
2433 2337 2627 2413 prae-

403 2427 698 2503 cluditur
738 2430 849 2503 via
910 2429 998 2502 ad
1056 2421 1556 2503 'distinctionem
1608 2427 1696 2502 ab
1745 2427 1915 2528 ipsis
1964 2427 2397 2525 excogitatam
2451 2425 2623 2498 inter

396 2559 808 2619 contractum
882 2570 1064 2619 mere
1135 2544 1398 2618 civilem
1462 2559 1529 2618 et
1594 2558 2085 2619 sacramentum
2145 2541 2217 2615 in
2285 2540 2620 2640 coniugiis

401 2658 818 2734 christianis.

549 2775 753 2849 Porro
802 2774 1131 2848 eiusmodi
1177 2773 1488 2872 coniugia
1526 2789 1683 2848 sunt
1716 2798 1892 2873 pene
1925 2772 2276 2845 innumera
2298 2829 2314 2858 ,
2353 2787 2420 2845 et
2452 2796 2636 2872 quo·-⁴

400 2887 566 2962 tidie
590 2889 1011 2963 celebrantur
1044 2888 1131 2962 iis
1156 2888 1469 2963 omnibus
1496 2889 1565 2961 in
1593 2888 1788 2976 locis,
1821 2889 1891 2960 in
1916 2887 2165 2987 quibus
2191 2885 2625 2960 tridentinum

402 3003 744 3078 decretum
797 3003 1093 3077 nondum
1126 3002 1551 3105 'publicatum
1614 3019 1739 3077 est.
1797 3004 1882 3076 Et
1931 3002 2098 3076 haec
2159 3001 2248 3074 de
2314 3000 2622 3075 conciliis

400 3120 581 3193 dicta
629 3119 1050 3207 sufficerent3
1092 3114 1160 3193 at
1191 3119 1529 3194 coronidis
1565 3114 1781 3216 gratia
1805 3177 1821 3207 ‚
1862 3133 1929 3191 et
1960 3133 2034 3190 ut
2067 3122 2387 3217 appareat
2419 3120 2632 3214 quam'

401 3232 569 3308 altas
620 3233 881 3308 radices
929 3233 1140 3331 egerit
1184 3249 1446 3308 vetusta
1480 3234 1650 3307 haec
1683 3234 1985 3306 doctrina
2005 3234 2008 3237 ’
2031 3233 2101 3304 in
2143 3229 2426 3305 ecclesia
2457 3229 2619 3316 Dei,

404 3347 804 3446 compendio
867 3363 1272 3447 exponemus
1335 3372 1513 3447 quae
1574 3347 1645 3419 in
1709 3347 1991 3420 concilio
2052 3345 2416 3419 tridentino
2478 3358 2626 3417 acta

407 3475 569 3533 sunt
623 3486 775 3534 cum
826 3476 1133 3558 ageretur
1154 3460 1159 3463 ’
1178 3460 1268 3533 de
1314 3486 1488 3535 novo
1537 3460 2018 3534 introducendo
2066 3458 2626 3533 clandestinitatis

406 3574 904 3674 impedimento.
937 3576 1036 3647 Ex
1077 3576 1190 3648 his
1233 3576 1412 3648 enim
1466 3574 1811 3649 evidenter
1857 3574 2141 3676 patebit,
2196 3588 2420 3674 patres
2471 3571 2624 3646 illos

405 3716 493 3763 ne
540 3692 910 3791 suspicatos
973 3690 1245 3791 quidem
1297 3691 1509 3765 fuisse
1569 3716 1891 3790 umquam
1943 3689 2348 3763 matrimonii
2408 3713 2627 3762 sacra·

402 3820 701 3879 mentum
749 3805 978 3906 perfici
1029 3805 1493 3879 benedictione
1540 3803 1964 3880 sacerdotali.

549 3919 814 3994 Etenim
856 3946 1065 4020 quum
1114 3919 1325 3994 multa
1372 3919 1763 4020 disquisitio
1811 3919 2000 3993 fieret
2046 3918 2119 3989 in
2169 3918 2627 4017 congregatio-

405 4033 607 4107 nibus
660 4035 952 4134 praeviis
994 4060 1169 4109 sess.
1198 4033 1421 4106 XXIV.
1470 4061 1608 4134 qua
1658 4035 1913 4107 ratione
1938 4089 1954 4120 ‚
2012 4032 2201 4107 salva
2249 4031 2626 4106 substantia

402 4149 845 4235 sacramenti,
904 4164 1179 4250 possent
1227 4148 1414 4222 irrita
1464 4147 1609 4221 fieri
1660 4146 1994 4221 connubia
2040 4146 2459 4222 clandestina
2481 4204 2497 4233 ‚
2544 4170 2625 4219 ex

404 4261 708 4360 patribus
773 4261 889 4336 alii
957 4263 1028 4334 in
1094 4262 1272 4336 hanc
1336 4261 1452 4336 alii
1519 4262 1587 4332 in
1663 4259 1845 4335 illam
1907 4262 2303 4339 sententiam
2368 4260 2592 4336 abiere

545 4414 649 4479 (ιε)
680 4395 884 4467 bearet.
907 4413 995 4467 m».
1014 4415 1096 4465 w.
1118 4414 1193 4466 ut.
1211 4415 1343 4467 xix.
1360 4425 1468 4478 cop.
1488 4413 1696 4474 Quanto
1716 4410 1781 4464 aa
1794 4413 2066 4466 mvorms.
