3276 5083
490 457 631 507 cn.
660 455 747 505 tv.
778 452 1045 503 urm.
1070 452 1212 502 Ano.
1239 453 1318 501 nr
1338 452 1475 502 nm.
1497 453 1672 502 sm..
1699 452 1839 502 aar.
1867 452 1960 502 ιιι.
1983 452 2374 512 memrot..
2469 425 2608 502 133

388 574 524 646 uiri
574 596 783 672 posse
806 629 824 659 ,
882 568 1294 643 sacerdotem
1341 570 1721 643 ministrum
1755 595 1908 643 esse
1942 570 2344 643 sacramenti
2383 570 2611 643 matri·

386 688 628 761 monii.
659 686 916 758 Etenim
953 683 1239 758 ecclesia
1281 710 1414 758 non
1458 699 1678 784 potest
1722 685 2096 781 dogmatice
2145 685 2426 759 definire
2476 685 2609 758 nisi

391 804 505 890 id,
546 802 722 902 quod
758 802 827 872 in
863 800 1134 874 divinae
1183 800 1610 874 revelationis
1661 800 1967 900 deposito
2018 799 2432 886 continetur;
2476 800 2610 873 iam

390 943 590 1003 vero,
629 942 780 990 cum
821 942 902 989 ex
950 915 1150 988 dictis
1176 973 1191 1002 ,
1234 941 1454 1014 neque
1489 916 1557 986 in
1594 915 1939 1014 Scriptura
1961 972 1976 1002 ‚
2020 940 2241 1014 neque
2275 916 2346 986 in
2380 915 2612 988 divina

387 1032 751 1105 traditione
779 1031 895 1103 hic
927 1030 1247 1104 articulus
1280 1031 1699 1104 contineatur
1719 1088 1735 1118 ,
1770 1032 1912 1105 fieri
1950 1030 2188 1129 nequit
2212 1045 2287 1102 ut
2317 1030 2604 1103 ecclesia

382 1147 575 1219 illum
609 1146 987 1242 dogmatice
1013 1145 1312 1217 definiat.
1347 1147 1696 1219 Praeterea
1717 1204 1732 1232 ‚
1763 1145 2051 1220 ecclesia
2078 1145 2212 1218 sibi
2240 1170 2606 1244 numquam

381 1261 722 1335 contraria
771 1261 841 1330 in
889 1259 1196 1332 doctrina
1241 1285 1393 1334 esse
1444 1275 1700 1358 potest;
1753 1285 1906 1333 cum
1956 1276 2178 1332 autem
2214 1317 2231 1348 ,
2288 1277 2365 1332 ut
2411 1259 2612 1358 paulo

386 1393 548 1475 post
595 1375 976 1449 ostendetur
998 1432 1013 1460 ,
1067 1376 1400 1448 contraria
1438 1390 1822 1450 constanter
1854 1376 1925 1447 in
1961 1375 2247 1448 ecclesia
2280 1374 2610 1448 catholica

384 1493 674 1588 viguerit
719 1490 1021 1563 doctrina
1069 1507 1137 1563 et
1185 1490 1441 1589 praxis,
1517 1516 1784 1563 rursum
1853 1489 2191 1587 colligitur
2254 1488 2608 1564 ecclesiam

381 1606 760 1704 dogmatice
809 1605 1203 1678 sententiam
1256 1605 1436 1677 illam
1498 1605 1781 1679 definire
1837 1604 2019 1677 haud
2071 1631 2296 1704 posse.

530 1724 647 1793 11.
690 1720 791 1792 Ad
817 1720 887 1792 id
911 1745 1093 1807 vero,
1127 1721 1305 1820 quod
1333 1736 1670 1819 postremo
1703 1719 2023 1794 adiicitur
2055 1720 2140 1793 de
2164 1719 2412 1792 Rened.
2434 1717 2599 1790 xlv.

366 1838 451 1909 ,in
500 1863 705 1936 opere
737 1837 836 1908 De
865 1835 1112 1936 synodo
1160 1835 1539 1908 dioecesana
1560 1892 1578 1921 ‚
1624 1836 1743 1935 qui
1782 1836 2183 1912 sententiam
2218 1834 2386 1908 Cani
2419 1851 2612 1908 vocat

380 1953 574 2027 valde
616 1952 1058 2052 probabilem,
1116 1950 1322 2025 nolim
1373 1951 1567 2026 aliter
1618 1951 1862 2026 melius
1913 1950 2357 2051 respondere,
2405 1973 2609 2051 quam

379 2067 585 2142 verba
632 2068 783 2167 ipsa
830 2065 1222 2165 usurpando
1273 2091 1332 2139 s.
1366 2065 1699 2165 Alphonsi
1750 2066 1838 2140 de
1887 2066 2151 2162 Ligurio
2199 2064 2600 2138 scribentis:

395 2212 433 2250 α
461 2182 587 2254 His
621 2181 854 2280 positis
879 2238 894 2267 ,
927 2178 1125 2254 valde
1156 2179 1360 2253 miror
1394 2179 1575 2279 quod
1611 2179 1930 2253 laudatus
1954 2179 2350 2252 Benedictus
2372 2234 2390 2264 ‚
2423 2191 2608 2275 post-

391 2320 597 2394 quam
653 2294 1058 2369 contenderit
1118 2292 1491 2367 rationibus
1542 2309 1676 2365 tam
1731 2287 2122 2389 urgentibus
2173 2305 2404 2364 contra
2454 2314 2611 2362 sen-

388 2411 666 2484 tentiam
718 2409 921 2496 Cani,
994 2409 1178 2483 illam
1239 2406 1530 2508 appellet
1596 2406 2010 2507 probabilem
2044 2465 2061 2494 ‚
2126 2405 2435 2506 quamvis
2483 2430 2610 2476 non

382 2527 757 2611 mmmm,
799 2525 921 2601 sed
960 2539 1212 2598 tantum
1258 2526 1616 2598 extrinsece
1664 2550 1815 2597 eam
1869 2520 2285 2624 probabilem
2333 2545 2628 2595 censere.

379 2642 719 2730 videatur,
777 2668 859 2716 eo
924 2643 1142 2742 quod,
1208 2657 1281 2715 ut
1334 2641 1468 2727 ait,
1526 2656 1634 2714 est
1682 2640 1833 2741 ipsa
1880 2640 2212 2713 doctorem
2257 2637 2609 2737 sussraqiis

380 2758 796 2828 comunita.
830 2756 1293 2829 Verumtamen
1328 2754 1546 2852 magis
1588 2769 1848 2853 oportet
1896 2753 2238 2828 attendere
2278 2778 2393 2839 ea,
2437 2775 2612 2852 quae

380 2871 621 2944 scribit
664 2868 1064 2945 Benedictus
1100 2871 1169 2942 in
1203 2868 1516 2943 decretali
1554 2895 1680 2943 sua
1713 2868 1998 2968 epistola
2032 2868 2119 2942 ad
2156 2866 2613 2966 archiepisco-

386 3012 544 3085 pum
594 2986 894 3059 Goanum
921 3042 937 3072 ,
991 3010 1164 3085 quae
1214 2985 1485 3083 incipit:
1531 2985 1772 3057 Paucis
1815 2982 1899 3056 ab
1951 2983 2097 3054 hinc
2150 2980 2603 3064 hebdomadi-3,

387 3099 504 3173 ubi
554 3099 790 3174 scribit
839 3113 912 3172 ut
960 3098 1255 3200 pontifex
1276 3156 1292 3186 ‚
1332 3124 1535 3199 quam
1577 3123 1683 3185 ea,
1738 3123 1913 3197 quae
1964 3096 2214 3196 profert
2260 3111 2334 3168 ut
2379 3094 2613 3169 doctor

387 3216 691 3314 privatus
735 3216 803 3287 in
843 3216 1182 3314 praedicto
1232 3236 1434 3312 opere
1481 3214 1576 3284 De
1622 3212 1909 3313 synodo:
1949 3212 2019 3283 in
2056 3210 2398 3310 praedicta
2428 3207 2610 3280 enim

386 3330 701 3405 decretali
762 3355 1077 3431 expresse
1125 3331 1319 3403 docet
1367 3328 1711 3402 ministros
1760 3327 2160 3401 sacramenti
2211 3322 2611 3398 matrimonii

387 3469 545 3518 esse
592 3446 779 3545 ipsos
829 3444 1301 3519 contrahentes
1328 3502 1343 3531 ‚
1400 3469 1537 3517 non
1583 3468 1744 3516 vero
1793 3443 2202 3516 sacerdotem
2235 3444 2254 3528 ',
2311 3440 2472 3512 dum
2518 3437 2614 3510 ait

392 3558 575 3658 quod
619 3562 898 3633 materia
930 3561 1020 3632 sit
1051 3574 1278 3631 mutua
1312 3585 1650 3658 corporum
1685 3558 1959 3631 traditio
1991 3558 2206 3630 verbis
2242 3582 2318 3628 ac
2350 3553 2614 3625 nutibus

385 3698 723 3747 mensum
770 3672 1310 3772 exprimentibus,
1351 3688 1412 3745 et
1443 3688 1674 3745 mutua
1708 3698 2043 3772 corporum
2091 3668 2443 3768 acceptatio
2477 3666 2614 3765 sor-

385 3814 500 3862 ma
529 3791 756 3884 (48).»
788 3791 1127 3863 Hactenus
1178 3814 1235 3862 s.
1270 3788 1684 3888 Alphonsus.

532 3904 775 3976 Verum
816 3930 948 3978 non
985 3903 1111 3977 abs
1149 3928 1221 3975 re
1255 3902 1422 3989 erit,
1467 3918 1540 3975 ut
1579 3902 1830 3975 clarius
1874 3914 2098 3998 pateat
2137 3922 2471 3997 quaenam
2507 3896 2613 3966 in-

388 4019 642 4092 sederit
687 4020 1077 4094 doctissimo
1114 4019 1276 4093 huic
1319 4017 1617 4118 pontifici
1663 4016 1990 4091 sententia
2032 4014 2118 4087 de
2160 4013 2467 4087 ministro
2505 4037 2616 4084 sa-

386 4133 718 4208 cramenti
773 4133 1221 4222 matrimonii,
1288 4130 1605 4207 nonnulla
1669 4130 1802 4205 alia
1853 4158 1934 4205 ex
1981 4130 2129 4204 eius
2178 4128 2496 4229 operibus
2545 4127 2615 4197 in

538 4323 641 4386 (48)
675 4321 850 4373 Theol.
868 4335 1004 4373 mor.
1026 4321 1112 4373 lib.
1128 4324 1212 4372 vl.
1231 4322 1374 4372 tract.
1394 4322 1481 4373 Vl.
1496 4324 1574 4372 Dc
1590 4322 1823 4372 matrim.
1842 4332 1950 4383 cup.
1973 4320 2037 4370 11.
2058 4318 2151 4369 sub
2169 4318 2320 4369 finem
2336 4329 2388 4367 n.
2408 4311 2613 4367 saled.

390 4401 600 4452 Tauria.
628 4406 763 4453 1847.
786 4404 909 4453 tom.
937 4404 998 4452 ΙΙ.
1023 4401 1106 4451 ubl
1133 4401 1231 4453 vid.
1250 4404 1354 4452 not.
1376 4399 1552 4451 editoe.
