3276 5083
617 410 657 481 8
1000 432 1123 481 un.
1167 432 1211 480 ι.
1256 429 1427 480 sacr.
1472 430 1516 478 1.
1561 429 1641 478 ns
1694 430 1956 479 unam.
2003 428 2427 478 sienni-:mc

612 549 951 621 solvuntur
986 562 1516 619 coronae'octava
1550 545 1655 619 die
1696 548 1872 641 (19).
1917 544 2049 631 Qui
2086 571 2230 619 mos
2268 545 2500 618 itidem
2537 561 2845 619 servatur.

616 665 686 735 in
743 648 1126 737 ceterorum·
1172 676 1740 736 sacramentorum
1800 661 2178 761 receptione
2204 719 2219 748 ‚
2278 661 2671 759 praesertim
2721 660 2844 734 ba-

618 778 846 878 ptismi
897 794 964 852 et
1012 777 1455 851 ordinationis
1507 779 1684 872 (20).

765 894 1197 993 Exploratum
1248 893 1475 991 itaque
1516 878 1620 966 est
1659 918 1866 994 penes
1904 909 2261 992 utramque
2300 892 2654 966 ecclesiam
2680 918 2842 966 con-

619 1009 915 1083 nubium·
950 1010 1048 1082 uti
1096 1033 1327 1081 verum
1377 1022 1444 1079 et
1492 1009 1834 1108 proprium
1876 1034 2086 1082 novae
2135 1008 2303 1105 legis
2353 1024 2842 1083 sacramentum

619 1126 863 1222 iugiter
893 1123 1217 1197 creditum
1254 1122 1489 1196 fuisse.
1545 1121 1845 1221 ldipsum
1882 1139 2144 1197 constat
2175 1123 2245 1195 in
2281 1122 2588 1198 ecclesiis
2630 1123 2848 1197 orien-

621 1239 871 1314 talibus
908 1239 1052 1312 sive
1084 1237 1476 1312 orthodoxis
1512 1238 1656 1311 sive
1690 1236 2141 1325 heterodoxis,
2176 1264 2419 1337 nempe
2447 1239 2846 1312 nestorianis

621 1373 687 1429 et
728 1355 1230 1455 monophysitis
1273 1353 1671 1428 obtinuisse.
1724 1353 1822 1427 De
1862 1353 2248 1433 orthodoxis
2300 1380 2421 1429 seu
2472 1354 2807 1428 melchitis
2829 1414 2846 1441 ,

623 1470 808 1544 nulla
843 1483 1063 1568 potest
1094 1468 1379 1543 subesse
1414 1467 1776 1554 dubitatio;
1807 1486 1967 1549 ,cu'm
2002 1469 2181 1541 enim
2216 1470 2854 1543 communicaverint

626 1611 780 1659 cum
840 1583 1127 1658 ecclesia
1186 1610 1502 1669 romana,
1559 1609 1801 1683 nempe
1858 1584 2183 1659 catholica
2209 1643 2224 1670 ,
2282 1610 2560 1659 necesse
2619 1601 2721 1657 est
2776 1601 2854 1658 ut

626 1699 931 1774 eamdem
964 1699 1184 1779 ¹fidem
1237 1700 1583 1799 professae
1635 1699 1905 1774 fuerint.
1949 1700 2254 1775 Ceterum
2306 1727 2459 1775 cum
2508 1727 2554 1775 a
2596 1699 2856 1798 graecis

626 1814 988 1889 orientales
1040 1816 1207 1889 ritus
1258 1841 1417 1890 suos
1468 1841 1710 1913 magna
1753 1814 1991 1888 saltem
2033 1842 2115 1889 ex
2154 1833 2340 1915 parte
2383 1815 2732 1890 hauserint
2768 1816 2856 1889 ab

629 1929 1173 2015 immemorabili,
1218 1930 1344 2003 hoc
1385 1931 1536 2029 ipso
1572 1947 1642 2003 et
1684 1932 2086 2005 matrimonii
2124 1916 2505 2011 celebrandi
2553 1932 2751 2005 ritum
2792 1949 2859 2006 et

628 2044 1003 2127 doctrinam
1062 2044 1147 2117 ab
1210 2046 1380 2144 ipsis
1438 2063 1611 2118 sunt
1657 2047 1964 2120 mutuati.
2025 2047 2345 2145 Superest
2403 2047 2606 2144 igitur
2664 2063 2739 2120 ut
2787 2047 2856 2119 id

630 2160 852 2259 ipsum
887 2161 1272 2234 evincamus
1311 2161 1398 2233 de
1441 2162 1644 2235 sectis
1682 2162 1815 2235 iam
1851 2190 1891 2236 a
1924 2162 2159 2263 quinto
2202 2161 2470 2235 saeculo
2512 2161 2597 2235 ab
2644 2162 2855 2236 eccle-

631 2275 734 2358 sia
775 2277 1157 2362 seiunctis,
1184 2277 1561 2351 cuiusmodi
1605 2295 1765 2351 sunt
1809 2279 2168 2351 nestoriani
2209 2275 2277 2351 et
2316 2277 2849 2378 monophysitae,

631 2392 747 2490 qui
784 2408 860 2464 ut
891 2392 1274 2489 contingere
1308 2392 1478 2466 solet
1513 2392 1580 2464 in
1614 2393 1837 2467 varias
1882 2410 2098 2467 sectas
2138 2392 2226 2469 ab
2268 2393 2551 2466 invicem
2587 2419 2662 2468 se
2696 2392 2858 2466 sub-

632 2505 1027 2580 diviserunt.
1096 2526 1099 2527 ’

781 2618 974 2704 Quod
1011 2622 1291 2719 proinde
1325 2639 1583 2722 spectat
1613 2623 1701 2697 ad
1737 2651 1933 2725 syros
1965 2627 2415 2713 nestorianos,
2448 2627 2658 2700 huius
2678 2625 2856 2726 apud

635 2736 827 2833 ipsos
877 2734 1070 2822 fidei,
1123 2738 1302 2834 quod
1356 2763 1595 2837 nempe
1645 2741 2141 2814 matrimonium
2193 2742 2283 2815 sit
2331 2757 2853 2826 sacramentum,
2935 2808 2946 2816 .

638 2866 871 2923 testem
932 2851 1257 2925 habemus
1319 2851 1918 2951 locupletissimum
1978 2854 2226 2929 Sulaka
2285 2856 2730 2955 patriarcham
2791 2855 2860 2927 in

640 2967 1056 3066 professione
1093 2968 1245 3041 fidei
1268 3028 1282 3054 ,
1324 2995 1526 3068 quam
1563 2970 1809 3043 Romae
1843 2970 2066 3043 adhuc
2105 2971 2476 3045 monachus
2514 2998 2624 3043 an.
2668 2973 2857 3043 1553

638 3081 900 3166 emisit,
959 3082 1025 3152 in
1078 3109 1213 3181 qua
1264 3100 1826 3158 sacramentorum
1885 3110 2161 3158 numero
2212 3086 2706 3159 matrimonium
2758 3083 2865 3156 di-

627 3213 819 3270 serte
868 3197 1188 3271 adscribit
1239 3199 1591 3298 inquiens:
1649 3231 1682 3269 «
1713 3200 2063 3274 Credimus
2115 3215 2386 3301 'quoque
2436 3201 2504 3272 in
2557 3216 2860 3276 sanctum

639 3311 977 3411 baptisma
1012 3330 1077 3386 et
1111 3314 1179 3383 in
1209 3314 1629 3388 sacrificium
1651 3316 1832 3415 quod
1861 3333 1963 3390 est
1996 3341 2240 3416 corpus
2275 3332 2341 3389 et
2373 3317 2654 3413 sanguis
2680 3316 2866 3389 Chri-

644 3428 767 3515 sti,
810 3429 978 3500 etin
1015 3428 1457 3502 sacerdotium
1504 3450 1807 3505 sanctum
1845 3447 1912 3505 et
1954 3433 2020 3503 in
2064 3432 2784 3528 matrimonium‘(21).
2825 3462 2859 3501 ιι

645 3543 810 3615 Item
860 3559 1095 3617 testem
1147 3542 1473 3618 habemus
1513 3545 1887 3632 Ebediesu,
1930 3546 2047 3645 qui
2087 3572 2294 3644 agens
2333 3545 2409 3617 de
2446 3548 2868 3618 sacramentis

644 3657 974 3743 ecclesiae,
1028 3660 1113 3733 de
1152 3660 1571 3733 matrimonio
1615 3661 1899 3760 eiusque
1942 3663 2281 3762 mysteriis
2327 3660 2592 3736 scribit:
2642 3692 2677 3732 «
2707 3688 2869 3736 con-

793 3907 894 3970 (19)
927 3910 1057 3958 Haec
1082 3910 1227 3960 huius
1245 3910 1480 3960 orationis
1493 3910 1701 3960 formula
1720 3914 1808 3961 at:
1836 3912 2072 3961 «Domine
2086 3913 2215 3960 Deus
2231 3911 2415 3973 noster,
2429 3911 2516 3974 qui
2531 3911 2647 3961 anni
2661 3921 2870 3960 coronae

649 3986 970 4049 benedixisti3
998 3989 1049 4037 et
1075 3989 1163 4040 has
1196 4003 1404 4040 coronas
1438 3989 1670 4039 connubii
1693 3990 1796 4053 lege
1826 3991 1887 4041 ad
1923 3990 2130 4040 invicem
2166 3990 2343 4040 iunctis
2375 3990 2561 4055 imponi
2595 3987 2871 4051 tradidisti,

647 4066 799 4116 veluti
822 4068 1151 4120 continentiae
1177 4070 1449 4121 mercedem
1470 4070 1542 4121 eis
1565 4069 1799 4132 reddens,
1824 4071 1942 4134 quia
1959 4071 2067 4134 puri
2091 4071 2154 4120 ad
2178 4073 2375 4133 nuptias
2392 4084 2423 4121 a
2442 4076 2490 4123 te
2507 4070 2720 4122 sancitas
2735 4082 2867 4120 com·

651 4147 943 4198 mandarunt
964 4151 1091 4198 etc.»
1111 4151 1187 4200 cf.
1206 4150 1256 4199 in
1278 4152 1405 4201 hanc
1423 4153 1662 4202 actionem
1686 4156 1826 4202 notas
1844 4152 2007 4202 Goarii
2039 4152 2071 4200 Ι.
2095 4165 2139 4201 c.

793 4228 893 4289 (20)
913 4231 989 4280 ct.
1014 4231 1249 4280 Goarium
1282 4232 1314 4280 Ι.
1346 4245 1390 4282 c.

795 4309 896 4372 (21)
914 4310 989 4358 Cf.
1007 4312 1075 4358 Ιο.
1095 4311 1278 4361 Simon.
1301 4315 1617 4363 Asscmanum
1638 4311 1962 4364 Bibliotheca
1980 4312 2266 4362 orientalis.
2290 4316 2470 4364 Romae
2495 4318 2629 4365 1728.
2647 4317 2765 4365 tom.
2786 4316 2867 4363 ΙΙΙ.

648 4404 749 4452 par.
777 4393 841 4440 ΙΙ.
869 4393 1079 4441 maort,
1109 4391 1171 4441 de
1199 4395 1329 4453 syris
1358 4396 1670 4442 nestorianis
1697 4406 1805 4454 pag.
1830 4393 2087 4443 cccxvii
2110 4406 2247 4455 seqq.
