3276 5083
540 499 677 557 cn.
701 498 788 547 ιν.
815 495 894 545 nt.
929 495 1164 546 Αιισυιι.
1200 494 1316 545 rao
1352 494 1509 545 ιεεε
1545 493 1624 543 nt.
1661 448 2006 545 urasciv.
2039 495 2178 544 Αιιτ.
2215 495 2309 545 ιιι,
2422 475 2560 547 427

339 615 744 716 antiquitate
793 614 1137 688 universa.
1197 614 1406 687 Immo
1456 613 1682 712 potius
1733 611 1863 685 hac
1911 610 2278 712 disciplina
2331 612 2567 689 funda·

337 730 617 804 mentali
665 729 1029 805 constituta
1062 787 1078 818 ,
1118 727 1422 813 ¹ecclesia
1472 728 1832 830 permittit,
1901 753 2024 802 seu
2076 726 2312 802 tolerat
2353 755 2565 829 quae-

339 848 599 923 stiones
644 846 1043 921 theoreticas
1088 863 1154 920 et
1197 844 1646 945 speculativas
1679 904 1695 933 ,
1759 844 2326 946 quemadmodum
2377 845 2567 921 salva

342 963 440 1037 rei
489 962 868 1036 substantia
895 1020 911 1048 ,
971 962 1041 1033 in
1093 959 1401 1062 pluribus
1453 960 1607 1033 aliis
1661 960 2136 1061 permittuntur
2166 985 2247 1034 ac
2281 959 2569 1034 toleran-

341 1094 453 1151 tur
514 1078 847 1177 quaedam
907 1077 1404 1176 disputationes
1469 1075 1954 1175 theologorum.
2013 1076 2231 1176 Atque
2291 1093 2368 1150 ut
2428 1104 2568 1152 rem

339 1192 648 1292 exemplo
701 1194 907 1294 petito
958 1193 1045 1266 ab
1095 1191 1247 1266 aliis
1299 1192 1739 1266 sacramentis
1788 1191 2199 1266 illustremus
2227 1250 2244 1279 ,
2283 1191 2570 1267 ecclesia

341 1306 773 1381 administrat
822 1322 1319 1381 sacramentum
1360 1305 1618 1381 ordinis
1663 1322 1803 1380 tum
1847 1333 2167 1381 manuum
2204 1305 2572 1405 impositio-

344 1449 465 1511 ne,
510 1439 651 1496 tum
704 1425 1298 1497 instrumentorum
1350 1422 1746 1511 traditione,
1798 1422 1968 1497 adeo
2018 1438 2093 1495 ut
2141 1422 2199 1497 si
2252 1421 2571 1497 alterutra

338 1539 625 1612 materia
676 1538 892 1627 desit,
948 1555 1064 1613 aut
1113 1539 1326 1613 forma
1377 1565 1554 1638 quae
1604 1536 1989 1612 alterutram
2041 1539 2393 1613 comitatur
2437 1565 2572 1612 ma·

342 1652 580 1726 teriam
602 1710 618 1741 ,
693 1651 932 1727 saltem
982 1652 1110 1727 sub
1172 1652 1556 1728 conditione
1621 1668 1822 1726 totam
1884 1668 2138 1752 repetat
2202 1652 2571 1728 ordinatio-

340 1793 495 1840 nem
527 1770 753 1863 (112).
790 1768 1116 1842 Permittit
1158 1783 1376 1841 tamen
1414 1785 1487 1841 ut
1523 1768 1593 1840 in
1628 1767 1885 1842 scholis
1918 1768 2330 1868 disceptetur
2361 1795 2571 1869 quae-

342 1908 499 1955 nam
558 1909 640 1955 ex
690 1882 801 1956 his
854 1884 1156 1956 materiis
1222 1881 1563 1956 censenda
1614 1882 1706 1955 sit
1755 1881 2178 1971 essentialis,
2236 1909 2571 1982 quaenam

342 1996 739 2093 integralis3
798 2023 885 2069 an
944 1998 1183 2070 ambae
1246 1996 1641 2070 essentiales
1692 1997 1830 2069 sint
1878 2021 2002 2070 nec
2052 2025 2161 2071 ne.
2219 1999 2296 2070 Id
2346 2000 2573 2097 ipsum

347 2110 537 2184 dicas
574 2111 661 2184 de
695 2110 1276 2186 administratione
1319 2110 1849 2186 confirmationis
1895 2111 1964 2182 in
1999 2139 2139 2210 qua
2171 2130 2577 2187 concurrunt

346 2243 416 2300 et
461 2252 705 2299 manus
755 2226 1098 2326 impositio
1133 2242 1201 2299 et
1235 2227 1463 2301 unctio
1497 2225 1915 2326 opobalsami
1961 2226 2030 2298 in
2081 2226 2333 2316 fronte,
2375 2246 2443 2302 et
2473 2229 2570 2303 ita

342 2367 564 2440 porro.
610 2342 750 2414 lam
799 2368 956 2415 vero
1018 2341 1348 2441 numquid
1394 2368 1475 2415 ex
1525 2341 1635 2416 his
1690 2339 2121 2441 speculativis
2173 2342 2570 2441 disputatio-

341 2455 546 2530 nibus
571 2513 587 2546 ,
629 2483 807 2558 quae
841 2457 928 2530 ab
962 2456 1251 2531 ecclesia
1303 2457 1779 2557 permittuntur
1803 2515 1819 2544 ‚
1876 2457 2275 2531 concludere
2310 2458 2413 2533 sas
2447 2459 2576 2534 erit

344 2599 478 2648 non
532 2574 867 2673 pertinere
920 2573 1007 2647 ad
1056 2572 1485 2673 disciplinam
1536 2573 2107 2647 fundamentalem
2160 2574 2445 2649 sormam
2496 2577 2568 2648 in

342 2688 633 2763 ecclesia
673 2707 1008 2789 receptam
1045 2690 1114 2762 in
1151 2690 1484 2763 eiusmodi
1528 2708 2097 2766 sacramentorum
2148 2691 2571 2766 administra-

340 2802 573 2878 tione?
624 2805 832 2877 Nemo
884 2831 1095 2878 sanus
1150 2804 1219 2876 id
1269 2805 1468 2878 dicet.
1513 2806 1731 2878 Simili
1775 2805 1981 2903 igitur
2015 2807 2271 2881 ratione
2307 2807 2395 2880 de
2428 2833 2570 2880 ma·

344 2918 636 2990 trimonii
688 2936 1113 2994 sacramento
1162 2936 1267 2994 est
1323 2919 1817 2993 disserendum.

484 3032 629 3107 Hac
679 3034 881 3131 igitur
930 3037 1173 3109 reiecta
1214 3036 1621 3136 exclusaque
1672 3037 1846 3111 falsa
1895 3037 2258 3138 hypothesi
2311 3039 2397 3113 de
2447 3065 2556 3113 se-

341 3145 765 3246 parabilitate
807 3166 1185 3224 contractus
1220 3166 1287 3224 et
1321 3152 1720 3225 sacramenti
1758 3153 1828 3225 in
1865 3153 2197 3250 coniugiis
2249 3153 2562 3226 christia-

345 3287 581 3334 norum
610 3319 626 3350 ,
662 3265 896 3363 nequit
921 3265 1213 3365 amplius
1253 3265 1504 3341 habere
1529 3266 1751 3341 locum
1777 3269 1989 3341 illatio
2017 3268 2333 3342 oratoris:
2374 3294 2570 3366 expe-

344 3376 487 3450 dire
510 3394 585 3451 ut
610 3397 1028 3478 separentur.
1066 3383 1414 3456 Praeterea
1439 3408 1644 3479 regno
1671 3398 1787 3455 aut
1813 3382 2222 3482 reipublicae
2248 3382 2569 3483 prodesse

346 3518 476 3567 non
546 3510 765 3592 potest
829 3497 1354 3596 independentia
1419 3498 1506 3571 ab
1572 3498 1909 3586 ecclesia;
1986 3498 2319 3573 eiusmodi
2386 3499 2568 3572 enim

345 3608 865 3708 independentia
917 3615 986 3685 in
1037 3615 1162 3702 iis,
1220 3640 1397 3713 quae
1445 3615 1531 3687 ad
1587 3615 1977 3713 religionem
2034 3618 2404 3716 pertinent,
2460 3641 2570 3688 es-

349 3739 451 3797 set
506 3742 697 3799 actus
748 3727 1227 3828 perduellionis
1281 3746 1512 3803 contra
1574 3730 1760 3803 illam
1821 3731 2307 3817 auctoritatem,
2363 3757 2569 3832 quam

347 3837 656 3913 Christus
712 3842 861 3941 ipse
913 3845 1259 3918 constituit
1324 3845 1622 3919 omnium
1689 3846 1961 3919 omnino
2025 3846 2373 3920 hominum
2427 3873 2571 3919 ma—

347 3970 507 4028 trem
546 3983 625 4030 ac
659 3959 1049 4055 magistram
1086 3963 1312 4057 (113).
1346 3960 1751 4061 Respublica
1773 4020 1789 4049 ,
1846 3977 1963 4034 aut
2011 3988 2290 4059 regnum
2316 4020 2332 4048 ‚
2368 3963 2427 4035 si
2463 3988 2568 4036 ve·

484 4217 616 4279 (112)
649 4217 727 4267 cf.
756 4218 1004 4269 Benedict.
1026 4222 1155 4271 x1V.
1180 4224 1256 4271 De
1280 4220 1475 4285 modo
1499 4221 1662 4272 dioec.
1687 4221 1772 4272 lib.
1793 4223 1927 4272 vul.
1949 4234 2058 4286 cap.
2083 4226 2148 4272 x.
2172 4221 2221 4285 §.
2248 4228 2410 4273 1245.

485 4297 617 4361 (11³)
650 4301 811 4362 Atque
834 4299 943 4351 heic
961 4300 1135 4352 sedulo
1154 4301 1645 4353 animadvertendum
1674 4303 1751 4353 est
1779 4314 2037 4353 erroneum
2066 4304 2211 4367 plane
2245 4315 2351 4354 esse
2385 4302 2567 4366 princi·

346 4372 478 4436 pium
509 4387 611 4439 qno
636 4390 734 4427 non
769 4379 909 4441 pauci
945 4378 1343 4445 pseudo-politici
1376 4383 1607 4442 utuntur,
1630 4384 1688 4431 ut
1710 4381 1945 4444 inserant,
1976 4381 2230 4433 sedeciam
2263 4382 2563 4446 reipublicae

342 4451 514 4503 debere
537 4456 739 4508 subesse
762 4471 820 4508 ac
840 4460 1045 4522 proinde
1066 4460 1400 4525 obtemperare
1418 4499 1433 4524 ,
1458 4475 1518 4512 eo
1542 4461 1678 4524 quod
1702 4461 1976 4526 respublica
2003 4461 2256 4513 admiserit
2278 4461 2561 4523 ecclesiam,
