3276 5083
795 432 932 483 cir.
973 434 1066 483 ιιι.
1102 434 1182 482 ns
1227 434 1489 483 aarum.
1540 432 1763 483 emus
1809 433 1987 481 usas.
2023 433 2162 481 Amr.
2202 433 2247 481 1.
2491 409 2624 478 295

553 551 887 625 Secundo:
924 552 1128 623 immo
1155 576 1313 623 vero
1339 576 1419 623 ea
1446 550 1548 623 lex
1573 566 2025 648 contemptum
2053 547 2276 647 prodit
2299 548 2622 621 ecclesiae

412 693 550 740 non
605 667 876 739 tacitum
930 664 1167 750 modo,
1224 664 1343 737 sed
1396 680 1700 763 apertum
1752 665 1951 736 etiam
2002 679 2203 761 atque
2253 660 2620 735 formalem.

411 781 717 854 Assumit
765 781 943 852 enim
996 806 1198 880 posse
1248 780 1630 879 quempiam
1686 780 1958 878 impune
2010 777 2077 849 id
2131 777 2389 863 facere,
2448 778 2625 877 quod

411 897 538 969 sub
570 896 873 993 gravium
917 894 1365 993 spiritualium
1417 919 1779 993 poenarum
1831 892 2369 965 interminatione
2419 892 2631 964 eecle-

410 1012 512 1084 sia
553 1038 637 1084 ne
682 1011 802 1082 fiat
852 1009 1214 1083 interdicit.
1257 1008 1599 1083 Ecclesiae
1633 1008 1816 1107 leges
1842 1034 1923 1080 ac
1948 1008 2007 1080 si
2035 1008 2348 1107 nuspiam
2383 1007 2629 1081 existe-

412 1141 558 1198 rent
604 1126 1029 1222 ignorantur,
1072 1124 1176 1196 vel
1214 1125 1434 1224 potius
1485 1124 1775 1198 scienter
1820 1123 2249 1222 volenterque
2299 1148 2630 1220 spernun-

409 1258 571 1326 tur;
639 1240 993 1313 auctoritas
1057 1240 1206 1339 ipsa
1267 1266 1387 1337 pro
1455 1238 1668 1311 nihilo
1719 1237 2022 1310 habetur.
2092 1238 2212 1310 Est
2262 1263 2346 1309 ne
2397 1237 2525 1310 hoc
2588 1263 2625 1308 a

415 1355 737 1452 religione
786 1353 1116 1427 catholica
1180 1352 1651 1453 praescindere
1701 1351 2225 1450 abstrahereque
2266 1408 2283 1437 ,
2348 1377 2434 1423 an
2495 1377 2625 1424 non
2744 1438 2748 1441 ¹

412 1470 639 1568 potius
687 1495 834 1542 eam
887 1486 1111 1567 aperte
1174 1483 1598 1541 contemnere
1631 1467 1670 1539 ‘l
1738 1469 1861 1542 Est
1922 1494 2006 1540 ne
2068 1466 2237 1540 haec
2307 1467 2628 1539 innocens

409 1583 739 1683 quaedam
778 1582 883 1655 lex
934 1609 1100 1681 pure
1148 1582 1408 1669 civilis,
1465 1609 1548 1655 an
1603 1583 1827 1681 potius
1877 1582 1986 1655 lex
2033 1580 2506 1655 anticatholica
2548 1606 2627 1653 ac

414 1697 673 1797 impia?

551 1814 806 1886 Tertio:
849 1813 1159 1886 latentem
1197 1813 1415 1913 prodit
1448 1813 1982 1887 incredulitatem
2002 1870 2018 1898 ,
2061 1828 2265 1911 atque
2302 1826 2622 1884 secretam

412 1954 452 1998 a
477 1952 636 1999 vera
670 1927 991 2023 religione
1034 1929 1472 2026 apostasiam.
1506 1928 1706 2013 Sane,
1738 1927 1978 2000 coniici
2004 1927 2117 1998 vix
2145 1941 2364 2025 potest
2405 1950 2633 2024 quem-

414 2041 596 2138 piam
660 2041 835 2113 serio
900 2041 1168 2114 credere
1232 2042 1622 2138 religionem
1686 2041 2079 2115 catholicam
2144 2042 2342 2113 unice
2400 2066 2625 2113 veram
2739 2030 2748 2041 ’

410 2179 562 2227 esse
586 2212 601 2241 ,
647 2180 769 2227 seu
801 2179 1032 2227 verum
1070 2155 1480 2255 unicumque
1532 2156 2110 2229 christianismum
2152 2155 2474 2229 divinitus
2509 2155 2630 2227 da-

408 2283 585 2354 tum,
630 2269 745 2368 qui
784 2285 1001 2341 tamen
1054 2270 1330 2342 firmiter
1376 2269 1559 2368 apud
1611 2295 1687 2342 se
1735 2271 2092 2343 constituat
2126 2271 2195 2342 in
2233 2270 2433 2343 talem
2471 2295 2627 2370 pec-

410 2382 538 2456 cati
603 2382 969 2456 habitualis
1022 2399 1269 2456 statum
1337 2410 1411 2457 se
1463 2385 1793 2457 coniicere
1850 2411 1930 2458 ex
1981 2412 2116 2484 quo
2151 2442 2166 2471 ,
2225 2386 2357 2458 nisi
2407 2383 2628 2458 doleat

413 2498 779 2598 aliquando
834 2514 901 2571 et
952 2498 1329 2597 resipiscat,
1385 2514 1565 2572 certo
1614 2498 1804 2572 novit
1848 2525 1926 2573 se
1973 2516 2314 2572 aeternum
2358 2498 2630 2572 damna-

413 2632 549 2687 tum
587 2615 666 2686 iri
708 2615 891 2687 iuxta
929 2614 1236 2687 eiusdem
1288 2612 1610 2688 ecclesiae
1646 2612 2014 2686 doctrinam
2053 2640 2133 2688 ac
2166 2614 2625 2688 firmissimum

409 2729 677 2826 dogma.
754 2731 893 2802 Iam
959 2755 1116 2803 vero
1184 2729 1336 2803 talis
1400 2746 1506 2803 est
1571 2755 1802 2803 eorum
1855 2746 2112 2816 statue,
2170 2730 2284 2830 qui
2339 2728 2625 2828 nuptiali

411 2844 660 2916 foederi
695 2845 875 2917 civili
912 2862 1167 2919 tantum
1216 2846 1505 2920 contenti
1551 2844 1722 2918 nihil
1774 2844 2055 2919 ulterius
2107 2861 2454 2942 satagunt,
2504 2871 2626 2918 nec

412 2981 485 3028 se
539 2957 775 3029 sistere
837 2984 1062 3030 coram
1113 2959 1398 3032 ecclesia
1466 2960 1894 3057 pertinaciter
1964 2959 2238 3047 volunt,
2304 2985 2384 3032 eo
2442 2958 2622 3058 quod

413 3096 453 3140 a
505 3069 649 3166 lege
708 3071 886 3144 civili
938 3098 1071 3144 non
1121 3073 1630 3172 compellantur.
1689 3074 1772 3144 Hi
1828 3075 2045 3162 enim,
2103 3091 2175 3147 ut
2227 3073 2425 3173 paulo
2476 3089 2629 3146 ante

407 3184 860 3272 ostendimus,
918 3186 986 3256 in
1038 3203 1267 3285 aperto
1301 3214 1379 3259 ac
1413 3188 1669 3268 nefario
1719 3188 2163 3262 concubinatu
2213 3188 2503 3284 degunt,
2542 3213 2625 3259 ac

414 3300 695 3398 proinde
744 3300 815 3370 in
868 3300 1155 3373 lethiferi
1207 3302 1726 3401 gravissimique
1775 3304 2027 3404 peccati
2080 3318 2280 3376 statu.
2331 3302 2415 3382 Hi
2475 3326 2628 3400 pro-

414 3414 585 3486 fecto
626 3417 874 3487 nemini
921 3417 1230 3515 prudenti
1271 3418 1807 3515 persuadebunt,
1849 3446 1923 3492 se
1967 3418 2317 3491 ecclesiam
2357 3416 2629 3490 credere

415 3528 699 3626 eiusque
747 3530 1149 3618 doctrinam,
1207 3531 1516 3630 quamvis
1567 3532 1859 3605 exterius
1911 3532 2306 3605 catholicam
2360 3529 2628 3626 religio-

409 3669 559 3715 nem
591 3645 1056 3741 profiteantur,
1091 3646 1210 3720 sed
1243 3647 1567 3719 increduli
1598 3647 1994 3747 plerumque
2020 3665 2208 3734 sunt,
2257 3648 2362 3718 sin
2401 3646 2624 3717 minus

411 3758 814 3846 theoretice,
862 3762 1151 3858 practice
1206 3761 1466 3835 saltem.
1528 3762 1706 3847 Quid
1758 3788 1953 3862 porro
2004 3761 2127 3834 erit
2176 3760 2619 3845 sentiendum,

408 3891 523 3946 aut
564 3874 921 3946 dicendum
971 3876 1056 3949 de
1108 3878 1191 3950 iis
1243 3876 1853 3977 pseudo-politiciS,
1914 3877 2030 3977 qui
2082 3876 2297 3972 legem
2349 3876 2623 3947 immani

411 3988 634 4062 surore
684 4007 923 4087 urgent
973 4008 1491 4091 promoveatque
1542 3992 1697 4064 totis
1743 3991 2040 4078 viribus,
2080 4017 2215 4090 qua
2266 3990 2627 4064 fornicaria

414 4104 530 4178 illa
570 4105 837 4178 vivendi
890 4107 1057 4179 ratio
1108 4106 1578 4195 cohonestetur
1627 4131 1851 4179 coram
1903 4106 2219 4181 societate
2261 4105 2627 4182 christiana

416 4237 480 4292 et
536 4221 926 4295 catholica?
975 4222 1311 4320 Numquid
1374 4223 1538 4295 istos
1602 4222 1896 4294 sinceros
1962 4221 2196 4296 fideles
2260 4222 2511 4308 dixeris
2562 4235 2627 4291 et

410 4334 728 4423 habebis,
771 4356 835 4412 et
871 4364 1003 4411 non
1042 4335 1263 4434 potius
1302 4336 1666 4410 catholicos
1705 4352 2093 4435 personatos
2121 4395 2137 4424 ,
2180 4337 2295 4436 qui
2333 4335 2622 4408 exterius
