3276 5083
662 440 753 509 60
1044 459 1165 508 un.
1210 456 1469 507 nster.
1514 455 1561 505 1.
1605 456 1686 505 ns
1737 455 1997 506 aarum.
2041 452 2470 507 SAannNTo.

657 575 822 676 quid
872 575 1188 675 ponderis
1230 574 1507 648 haberet
1544 574 1707 671 Cani
1760 573 2172 669 ratiocinatio
2191 630 2207 659 ,
2267 573 2878 670 sequereturiuxta

658 689 1071 791 Paludanum
1106 713 1227 762 nec
1260 689 1483 787 ipsum
1517 689 1924 787 baptismum
1949 714 1991 760 a
2024 686 2194 760 laico
2229 703 2574 785 peccatore
2596 686 2883 759 admini-

659 820 941 878 stratum
989 803 1059 876 in
1110 803 1507 876 necessitate
1554 803 1695 876 fore
1731 801 2026 876 validum
2075 819 2142 876 et
2189 806 2710 903 sacramentum7'
2751 803 2882 875 Sed

657 934 954 1018 praestat
986 917 1289 991 eiusdem
1325 916 1650 990 Paludani
1701 917 1903 991 verba
1944 916 2322 990 describere
2357 915 2442 987 ad
2478 941 2739 989 omnem
2778 942 2884 990 re-

656 1033 1051 1108 movendam
1088 1031 1624 1131 ambiguitatem:
1674 1061 1708 1102 «
1731 1034 2076 1105 Praeterea
2110 1057 2244 1105 non
2275 1030 2541 1104 videtur
2563 1088 2579 1117 ,
2618 1030 2878 1129 inquit,¹

658 1148 842 1246 quod
878 1164 1188 1247 peccator
1219 1146 1623 1221 contrahens
1657 1146 2152 1219 matrimonium
2185 1160 2447 1245 peccet,
2471 1170 2619 1218 cum
2653 1160 2878 1218 tamen

658 1261 956 1336 essentia
987 1261 1394 1361 matrimonii
1428 1259 1758 1334 consistat
1789 1260 1858 1330 in
1894 1274 2125 1333 mutuo
2159 1285 2494 1334 consensu
2528 1284 2649 1358 per
2676 1257 2882 1333 verba

658 1376 860 1451 unius
909 1376 1099 1450 alteri
1149 1402 1500 1476 expressa:
1546 1377 1650 1447 hic
1684 1374 1855 1447 enim
1888 1400 2227 1446 consensus
2261 1388 2736 1473 sacramentum
2765 1376 2885 1445 mi·

655 1493 898 1564 nistrat
916 1545 936 1575 ,
991 1516 1119 1562 non
1167 1505 1381 1591 autem
1418 1489 1715 1563 sacerdos
1766 1487 2169 1574 benedicens,
2227 1489 2342 1587 qui
2395 1488 2614 1561 solum
2664 1513 2882 1561 sacra-

658 1605 948 1680 mentale
994 1604 1335 1732 quoddam
1381 1604 1659 1679 adhibet
1689 1605 1916 1700 (16).»
2435 1612 2436 1617 ’

804 1718 978 1790 Illud
1027 1718 1264 1817 igitur:
1305 1721 1413 1791 vir
1453 1733 1516 1791 et
1550 1720 1834 1817 foemina
1876 1718 2158 1791 civiliter
2204 1718 2619 1801 contrahant,
2672 1715 2882 1789 solius

657 1847 762 1907 est
784 1830 982 1935 Cani,
1024 1858 1158 1904 non
1193 1848 1414 1906 autem
1451 1831 1813 1919 Paludani,
1854 1831 1971 1931 qui
2007 1831 2295 1904 affirmat
2317 1857 2435 1904 eos
2460 1830 2877 1933 contrahere,

663 1947 800 2021 imo
842 1961 910 2020 et
946 1944 1407 2021 administrare
1452 1961 1927 2021 sacramentum
1962 1973 2080 2046 per
2113 1962 2417 2020 mutuum
2450 1971 2875 2019 consensum.

662 2047 1004 2136 Postrema
1050 2078 1275 2135 autem
1319 2064 1564 2151 verba,
1619 2089 1798 2163 quae
1837 2089 1920 2137 ex
1961 2062 2304 2135 Paludano
2345 2061 2744 2134 adduximus
2795 2060 2884 2132 de

658 2178 1014 2252 sacerdote
1066 2177 1543 2266 benedicente,
1610 2180 1731 2277 qai
1782 2178 1992 2251 solum
2038 2176 2507 2249 sacramentale
2563 2156 2888 2273 quoddam

663 2293 963 2379 adhibet,
1006 2293 1416 2393 patefaciunt
1451 2319 1726 2367 sensum
1761 2292 1831 2365 in
1866 2319 2001 2392 quo
2031 2307 2327 2378 veteres,
2360 2291 2458 2363 uti
2489 2289 2883 2395 Guilielmus

660 2408 1059 2506 parisiensis
1097 2408 1350 2508 aliique
1399 2407 1736 2480 interdum
1776 2421 2018 2480 vocant
2061 2417 2567 2491 sacramentum,
2618 2418 2735 2476 aut
2781 2429 2889 2475 sa-

667 2522 1055 2594 cramentale
1079 2520 1610 2595 benedictionem
1630 2518 2150 2594 sacerdotalem
2132 2545 2202 2590 in
2218 2517 2473 2617 nuptiis
2487 2502 2878 2615 iungendis.

807 2635 950 2707 Hac
974 2635 1208 2708 eadem
1243 2635 1476 2733 phrasi
1503 2661 1672 2708 usus
1698 2649 1802 2708 est
1826 2661 1884 2707 s.
1908 2633 2224 2721 Thomas,
2245 2633 2360 2733 qui
2387 2632 2888 2731 pariteraCano

659 2731 1459 2822 utiassertorsententiae
1484 2774 1650 2822 suae
1666 2748 1777 2821 his
1794 2748 2016 2822 verbis
2039 2747 2375 2822 laudatur
2403 2748 2528 2819 «D.
2550 2772 2720 2852 vero
2715 2747 2889 2820 Tho-

659 2862 1112 2950 maS,licet1n
1140 2863 1490 2961 scripturis
1518 2886 1906 2936 communes
1926 2861 2066 2935 fere
2090 2861 2440 2992 opiniones
2468 2846 2878 2961 sequeretur,

658 3003 703 3049 a
726 2979 995 3049 veritate
1022 2976 1279 3049 tandem
1315 2992 1612 3061 coactus,
1654 2991 1909 3048 nostrae
1951 2977 2246 3074 opinioni
2273 2976 2685 3079 subscripsit.
2720 2974 2887 3047 Cum

663 3092 842 3164 enim
894 3093 965 3164 in
1019 3092 1085 3164 4.
1127 3091 1287 3165 dist.
1334 3093 1400 3164 1.
1444 3118 1513 3220 q.
1560 3092 1627 3163 1.
1673 3106 1798 3164 art.
1844 3094 1910 3162 3.
1954 3090 2297 3163 docuisset
2333 3089 2537 3164 verba
2587 3091 2656 3160 in
2705 3089 2885 3163 omni

661 3223 1079 3280 sacramento
1130 3206 1515 3280 necessaria
1568 3231 1758 3293 esse,
1814 3204 2049 3303 quinto
2097 3203 2167 3275 id
2218 3219 2607 3302 argumento
2663 3203 2887 3300 impu-

662 3322 892 3419 gnavit
938 3322 1008 3393 in
1059 3320 1241 3394 hunc
1282 3321 1578 3394 modum.
1614 3320 2028 3393 Poenitentia
2073 3335 2140 3418 et
2181 3319 2675 3393 matrimonium
2724 3334 2888 3391 sunt

663 3451 1113 3511 sacramenta:
1161 3433 1294 3508 sed.
1318 3435 1403 3507 de
1442 3434 1822 3536 integritate
1861 3459 2093 3506 eorum
2138 3462 2272 3508 non
2311 3450 2469 3507 sunt
2507 3431 2711 3507 verba
2758 3432 2886 3505 ali-

660 3576 798 3651 qua
847 3567 971 3625 etc.
1016 3551 1138 3623 Cui
1187 3564 1577 3647 argumento
1624 3550 1718 3623 ita
1765 3548 2041 3649 quidem
2086 3548 2463 3649 respondit,
2515 3547 2696 3648 quod
2742 3574 2885 3621 ma-

665 3665 1047 3740 trimonium
1095 3666 1462 3739 secundum
1513 3662 1695 3764 quod
1736 3679 1842 3738 est
1881 3665 1952 3736 in
1995 3664 2290 3738 officium
2311 3721 2328 3752 ,
2371 3678 2438 3736 et
2478 3662 2887 3762 poenitentia

664 3779 1033 3853 secundum
1057 3779 1238 3881 quod
1265 3794 1371 3853 est
1393 3780 1632 3869 virtus,
1667 3804 1801 3853 non
1828 3780 2079 3854 habent
2112 3778 2407 3879 aliquam
2435 3777 2715 3851 sormam
2737 3803 2884 3851 ver-

661 3893 948 3968 borum:
1015 3897 1134 3971 sed
1185 3896 1556 3972 secundum
1605 3896 1789 3998 quod
1838 3913 2196 3995 utrumque
2244 3912 2347 3968 est
2394 3910 2883 3968 sacramentum

664 4011 736 4081 in
776 4009 1245 4108 dispensatione
1292 4014 1739 4085 ministrorum
1779 4012 2082 4084 ecclesiae
2115 4013 2493 4096 consistens,
2527 4024 2886 4107 utrumque

665 4124 870 4198 habet
915 4125 1146 4224 aliqua
1197 4128 1423 4201 verba.
1477 4129 1817 4201 Hactenus
1868 4128 1937 4198 d.
1991 4127 2304 4201 Thomas.
2348 4127 2433 4198 Et
2486 4128 2551 4197 4.
2602 4124 2722 4196 lib.
2764 4122 2884 4196 ad-

664 4265 900 4316 versus
935 4255 1166 4338 gentes
1217 4269 1277 4314 c.
1327 4245 1444 4315 78.
1481 4268 1613 4316 non
1659 4241 1850 4316 aliter
1908 4240 2101 4315 docet
2162 4240 2462 4341 nuptias
2503 4263 2884 4314 sacramen-

807 4391 908 4455 (16)
942 4393 998 4444 ln
1018 4394 1063 4445 ⁴.
1085 4391 1200 4446 dist.
1225 4400 1271 4445 5.
1297 4406 1348 4456 q.
1375 4401 1420 4443 2.
1448 4392 1534 4443 fol.
1560 4399 1636 4443 23.
1660 4405 1799 4441 verso
1822 4390 1917 4443 eol.
1946 4400 1988 4443 1.
2009 4400 2056 4442 2.
