3276 5083
645 387 779 458 408
1026 408 1146 458 m.
1191 408 1236 457 ι.
1278 406 1451 458 ster.
1495 404 1754 457 urm.
1795 407 1875 456 nr
1925 405 2189 458 nimii.
2232 404 2448 458 cmm.

641 550 847 624 quam
899 525 1341 598 ceremoniam
1407 522 1859 596 adhibuerunt
1890 581 1906 609 ‚
1975 540 2050 597 ut
2096 540 2360 598 constat
2406 550 2491 598 ex
2540 525 2713 623 ipsis
2769 525 2858 598 ab

642 656 904 717 oratore
953 639 1233 739 prolatis
1280 637 1602 738 exemplis
1643 640 1836 711 Isaac
1884 653 1949 711 et
1997 638 2334 712 Rebeccae
2378 639 2592 735 (Gen.
2625 639 2850 711 XXIV.

646 759 815 828 3-60
837 759 894 852 );
928 755 1104 829 Ruth
1130 771 1197 828 et
1219 756 1393 828 Booz
1433 755 1553 850 (L.
1588 754 1763 826 Ruth
1791 755 1895 826 lv.
1929 756 2179 826 11-12.
2203 757 2260 850 );
2293 753 2541 828 Tobiae
2562 771 2632 828 et
2654 755 2861 828 Same

649 872 1037 968 (Tob.V11‚
1069 874 1185 942 15.
1217 873 1275 966 ),
1315 869 1627 971 quamvis
1664 895 1796 943 non
1849 895 2115 969 semper
2166 869 2519 956 sacerdos,
2561 869 2682 941 sed
2718 893 2867 942 ma-

645 989 748 1062 ior
797 1003 960 1060 natu
983 1045 1000 1075 ‚
1041 1004 1161 1061 aut
1204 986 1686 1086 paterfamilias
1735 985 2267 1060 benedictionem
2317 985 2648 1059 conferret
2676 987 2854 1080 (91).

644 1104 729 1175 At
775 1101 1107 1202 quidquid
1156 1102 1286 1187 sit,
1342 1100 1605 1174 etiamsi
1658 1126 1765 1174 res
1818 1116 1953 1174 tota
1974 1158 1990 1187 ‚
2031 1117 2106 1174 ut
2138 1127 2219 1174 ex
2253 1101 2536 1200 Fleuryo
2584 1100 2863 1200 opponit

645 1233 874 1291 orator
895 1275 910 1302 ‚
966 1216 1140 1288 inter
1187 1231 1499 1314 parentes
1551 1230 1619 1288 et
1665 1214 2074 1289 domesticos
2124 1215 2603 1312 transigeretur
2629 1272 2644 1301 ‚
2702 1215 2863 1288 inde

649 1358 780 1406 non
852 1344 1241 1430 sequeretur
1298 1328 1793 1403 matrimonium
1859 1343 2232 1428 spectatum
2291 1329 2505 1403 fuisse
2565 1346 2640 1403 ut
2702 1354 2864 1403 con-

649 1461 930 1519 tractum
983 1446 1241 1518 civilem
1264 1502 1280 1531 ,
1329 1444 1448 1517 sed
1500 1445 1727 1543 potius
1758 1461 1835 1518 ut
1867 1444 2235 1518 naturalem
2278 1469 2357 1517 ac
2392 1443 2859 1518 domesticum.

795 1562 954 1635 Ideo
980 1586 1138 1634 vero
1175 1562 1607 1659 imperatores
1644 1561 1900 1634 romani
1929 1587 1971 1633 a
1996 1559 2431 1634 Constantino
2457 1576 2525 1633 et
2546 1559 2868 1659 deinceps

649 1677 902 1749 nullam
943 1676 1237 1749 tulerunt
1278 1674 1493 1771 legem
1527 1700 1666 1773 qua
1699 1675 2047 1748 christiani
2084 1675 2513 1773 adigerentur
2544 1673 2630 1747 ad
2666 1676 2865 1748 ritum

652 1792 1039 1888 religiosum
1066 1791 1138 1861 in
1167 1788 1615 1863 celebratione
1648 1790 2035 1889 nuptiarum
2058 1848 2074 1877 ‚
2114 1791 2278 1889 quia
2310 1789 2649 1887 negotium
2684 1787 2865 1862 istud

650 1905 981 1979 ecclesiae
1005 1905 1443 1991 dimiserunt,
1484 1930 1661 2003 quae
1694 1903 1853 1978 licet
1885 1905 2128 2002 iugiter
2159 1905 2476 1993 voluerit,
2510 1906 2648 1978 imo
2681 1929 2870 2003 prae-

652 2021 903 2121 ceperit
967 2036 1042 2093 ut
1105 2019 1604 2092 matrimonium
1667 2020 1737 2091 in
1800 2021 1969 2094 facie
2027 2020 2350 2094 ecclesiae
2401 2021 2685 2115 iniretur
2717 2076 2734 2106 ‚
2799 2035 2874 2092 ut

657 2160 781 2208 suo
828 2134 975 2208 loco
1015 2134 1434 2208 ostendimus
1461 2191 1476 2221 ‚
1536 2161 1905 2234 numquam
1957 2151 2180 2208 tamen
2204 2194 2219 2224 ‚
2260 2136 2408 2233 lege
2440 2134 2676 2208 saltem
2721 2135 2876 2207 uni-

655 2248 900 2325 versali
923 2309 939 2337 ,
996 2250 1252 2321 irritum
1306 2250 1471 2322 illud
1533 2251 1689 2323 fecit
1740 2251 1799 2322 si
1859 2249 2278 2324 clandestino
2329 2276 2513 2325 more
2561 2250 2865 2322 iniretur.

662 2364 972 2462 Plerique
1008 2362 1304 2436 fidelium
1339 2363 1721 2460 coniugium
1770 2390 1965 2436 suum
2010 2365 2144 2438 ritu
2185 2390 2376 2439 sacro
2410 2363 2867 2449 celebrabant;

656 2506 807 2553 cum
860 2504 1017 2554 vero
1067 2480 1383 2580 temporis
1436 2479 1632 2579 lapsu
1678 2481 1936 2579 passim
1972 2481 2140 2554 ritus
2176 2481 2287 2555 hic
2319 2481 2731 2555 omitteretur
2753 2537 2770 2568 ,
2809 2496 2877 2554 et

657 2597 897 2669 exinde
947 2621 1079 2669 non
1131 2621 1347 2695 pauca
1395 2597 1724 2668 orirentur
1772 2595 1949 2670 mala
1992 2613 2059 2670 et
2100 2597 2525 2671 incommoda
2558 2597 2762 2671 etiam
2799 2596 2870 2667 in

658 2712 1042 2784 societatem
1080 2712 1297 2810 ipsam
1320 2770 1336 2798 ,
1393 2727 1532 2783 tum
1583 2712 2020 2811 imperatores
2063 2713 2419 2786 orientales
2458 2739 2578 2786 seu
2618 2711 2875 2812 byzan-

662 2826 820 2911 tini,
879 2839 1015 2896 tum
1070 2825 1348 2898 Carolus
1399 2828 1678 2922 Magnus
1732 2828 1912 2900 datis
1974 2828 2423 2902 severissimis
2473 2827 2738 2926 legibus
2787 2827 2871 2900 ad

663 2941 862 3012 ritum
887 2938 1275 3037 religiosum
1301 2939 1773 3014 celebrandum
1800 2967 2034 3014 omnes
2061 2959 2450 3039 coegerunt,
2493 2943 2623 3016 sub
2656 2966 2873 3041 poena

662 3055 979 3127 infamiae
1006 3113 1021 3142 ,
1072 3080 1152 3127 ac
1194 3054 1562 3144 nullitatis‚
1599 3057 1835 3130 saltem
1873 3058 1940 3129 in
1980 3059 2121 3133 foro
2153 3076 2457 3146 externo,
2499 3059 2680 3158 quod
2719 3060 2875 3131 item

662 3170 1211 3268 significavimus.
1238 3171 1544 3242 Attamen
1580 3172 1731 3270 ipso
1760 3172 2002 3246 fatente
2026 3173 2433 3261 adversario,
2457 3172 2874 3247 clandestina

662 3287 975 3382 coniugia
1018 3285 1242 3358 adhuc
1289 3286 1456 3358 inita
1501 3304 1679 3359 sunt.

817 3563 917 3626 (91)
948 3565 1019 3613 lo.
1045 3562 1283 3616 seldenus
1308 3566 1359 3614 in
1386 3578 1468 3629 op.
1497 3568 1640 3616 Uxor
1669 3564 1925 3616 Hebraea.
1947 3566 2157 3616 Londini
2201 3569 2334 3616 16⁴6.
2356 3564 2441 3614 lib.
2473 3565 2538 3614 11.
2572 3575 2680 3627 cap.
2706 3566 2755 3612 7.
2781 3561 2881 3626 agit

661 3641 725 3693 de
752 3641 1092 3693 benedictione
1119 3645 1457 3708 sponsalium,
1492 3648 1544 3696 et
1579 3658 1688 3710 cap.
1728 3654 1801 3697 ¹2.
1835 3649 1910 3696 De
1935 3645 2283 3696 benedictione
2307 3647 2363 3694 tn
2396 3642 2710 3694 Thalamum
2737 3641 2883 3704 utque

664 3722 781 3786 ipsis
803 3723 987 3787 nuptiis
1005 3724 1231 3787 praevia:
1260 3725 1502 3788 refertque
1525 3726 1787 3776 formulam
1810 3726 2063 3790 utriusque
2084 3724 2435 3776 benedictionis
2453 3723 2516 3772 ab
2529 3720 2880 3786 antiquissimi·

666 3806 965 3867 temporibus
995 3808 1252 3869 receptam.
1277 3807 1516 3870 Componi
1540 3810 1702 3857 autem
1731 3810 1935 3871 possunt
1969 3821 2081 3857 cum
2112 3808 2200 3867 iis,
2230 3819 2356 3868 quae
2391 3804 2537 3855 babet
2562 3803 2797 3866 Flenrym
2832 3803 2883 3852 et

648 3877 776 3945 ‘post
813 3897 926 3934 eum
967 3885 1233 3948 Salvador,
1276 3897 1432 3949 quum
1468 3886 1737 3937 sacerdotis
1779 3888 2104 3937 interventum
2129 3886 2180 3935 in
2202 3885 2388 3948 nuptiis
2413 3885 2620 3946 negant:
2656 3882 2798 3945 quia,
2826 3883 2882 3931 ut
2969 3928 2974 3932 ,

662 3962 831 4011 scribit
860 3963 1097 4013 seldenus
1115 3978 1223 4028 cap.
1248 3973 1322 4015 12.
1344 3978 1393 4029 p.
1422 3972 1524 4016 180.
1545 3965 1607 4014 ad
1631 3965 1909 4029 exemplum
1945 3965 2225 4028 nuptiarum
2250 3965 2380 4013 Booz
2403 3963 2585 4027 quibus
2620 3960 2880 4012 adfuerunt

664 4043 832 4093 decem
854 4044 1070 4093 seniores
1085 4064 1109 4086 «ι
1121 4044 1298 4094 horum
1316 4044 1403 4107 qui
1419 4044 1663 4096 maximus
1678 4046 1794 4094 natu
1814 4045 1937 4107 erat,
1950 4046 2037 4093 aut
2052 4043 2269 4106 dignior,
2290 4041 2674 4092 benedictionem
2702 4038 2886 4104 praebe·

669 4121 802 4173 bat.»
827 4121 942 4172 Vid.
965 4123 1112 4173 etiam
1131 4126 1263 4174 sam.
1287 4125 1677 4175 Sebelivecbium
1701 4127 1777 4174 De
1799 4125 2145 4189 antiquitate,
2164 4119 2881 4187 etebristoph.1{artolsisdum

669 4205 746 4252 De
768 4205 1072 4253 necessitate
1093 4206 1497 4254 consecrationis
1528 4203 1784 4268 nuptialis
1801 4239 1819 4263 ,
1852 4205 2132 4254 Grctserum
2156 4206 2231 4254 De
2255 4201 2695 4254 benedictionibus
2714 4200 2800 4252 ub.
2819 4202 2877 4252 11.

667 4297 711 4331 e.
738 4286 815 4333 ⁴³.
839 4284 910 4333 lo.
937 4284 1264 4347 Dongtbeinm
1296 4285 1347 4334 in
1381 4284 1649 4335 Analecta
1689 4286 1856 4335 sacris
1886 4283 1948 4333 ad
1969 4283 2177 4335 Malacb.
2196 4284 2261 4333 11.
2289 4286 2358 4334 1⁴.
2377 4282 2455 4334 ct.
2478 4283 2627 4333 etiam
2650 4280 2770 4332 lehn
2790 4282 2876 4332 Ar-

666 4360 926 4424 clamem.
968 4362 1094 4413 bibl.
1117 4364 1294 4414 vienn.
1319 4369 1454 4416 1814.
1474 4363 1520 4426 §-
1551 4368 1654 4414 154.
