3276 5083
518 493 656 543 ειν.
680 493 770 541 iv.
797 491 1062 542 nxrnnn.
1094 490 1235 539 Aac.
1262 490 1341 539 nr
1359 489 1498 540 um.
1519 489 1692 539 sica.
1710 489 1849 538 Aur.
1874 489 1941 539 ιι.
1967 490 2109 539 Aac.
2138 489 2317 538 rain.
2444 466 2579 536 107

521 612 750 683 Nonus
801 628 905 683 est
953 608 1216 682 concilii
1268 609 1708 682 lateranensis
1745 608 1861 679 111.
1906 608 2021 705 qui
2063 608 2393 680 invenitur
2426 609 2596 682 inter

376 726 756 800 Decretales
790 724 910 797 lib.
944 725 1017 794 V.
1058 724 1154 796 De
1187 726 1465 796 simonia
1503 723 1601 797 tit.
1643 724 1759 794 111.
1794 749 1855 795 c.
1892 725 1959 793 9.
1998 722 2162 793 Cum
2195 724 2264 793 in
2298 724 2585 796 ecclesia.

381 842 483 913 Ita
507 866 661 913 vero
686 865 760 912 se
786 838 1018 912 habet:
1066 868 1101 906 (ι
1122 837 1456 911 Horribile
1489 837 1690 910 nimis
1715 853 1849 921 est,
1882 835 2061 935 quod
2095 837 2165 908 in
2191 834 2595 935 quibusdam

378 954 684 1028 ecclesiis
711 953 928 1026 locum
946 952 1273 1025 venalitas
1301 952 1692 1050 perhibetur
1709 950 1982 1023 habere:
2006 952 2097 1024 ita
2115 967 2188 1024 ut
2206 976 2327 1050 pro
2344 952 2598 1049 episco-

378 1071 509 1169 pis,
533 1068 637 1142 vel
663 1067 1046 1153 abbatibus,
1071 1093 1193 1140 seu
1220 1067 1757 1166 quibuscumque
1790 1067 2098 1166 personis
2122 1066 2595 1140 ecclesiasticis

375 1184 707 1284 ponendis
758 1183 827 1254 in
878 1182 1106 1256 sedem
1139 1157 1183 1268 ,⁰
1212 1208 1332 1256 seu
1384 1181 1857 1256 benedicendis
1911 1181 2318 1282 presbyteris
2368 1182 2438 1254 in
2487 1207 2598 1256 ec-

375 1301 653 1373 clesiam
675 1357 691 1385 ,
749 1324 871 1372 nec
921 1325 1050 1371 non
1106 1324 1225 1397 pro
1276 1298 1673 1398 sepulturis,
1703 1307 1780 1370 ‘et
1810 1298 2112 1397 exequiis
2148 1305 2589 1384 mor-tucrum,

378 1432 447 1488 et
496 1415 1071 1490 benedictionibus
1124 1416 1516 1489 nubentium
1539 1473 1554 1500 ,
1612 1440 1733 1487 seu
1783 1413 1936 1487 aliis
1988 1415 2424 1488 sacramentis
2475 1414 2599 1487 ali-

380 1531 546 1630 quid
593 1531 991 1630 requiratur.
1027 1589 1039 1600 .
1075 1588 1088 1601 .
1124 1532 1261 1603 ‚Ne
1291 1529 1495 1627 igitur
1528 1531 1700 1602 haec
1731 1530 1817 1602 de
1849 1544 2068 1602 cetero
2104 1529 2304 1617 fiant,
2337 1530 2442 1604 vel
2478 1556 2599 1629 pro

379 1646 682 1745 personis
733 1644 1208 1718 ecclesiasticis
1261 1642 1671 1717 deducendis
1727 1643 1793 1715 in
1845 1644 2072 1716 sedem
2096 1701 2111 1730 ,
2150 1643 2255 1716 vel
2291 1644 2600 1718 sacerdo-

379 1761 559 1835 tibus
596 1760 1021 1834 instituendis
1043 1819 1057 1848 ,
1096 1760 1203 1833 vel
1239 1758 1645 1858 sepeliendis
1697 1760 2000 1846 mortuis,
2046 1785 2167 1833 seu
2200 1759 2599 1833 benedicen-

378 1878 485 1950 dis
523 1876 933 1950 nubentibus
961 1934 976 1963 ,
1019 1901 1139 1949 seu
1173 1876 1326 1949 aliis
1362 1875 1795 1949 sacramentis
1830 1875 2283 1963 conferendis,
2318 1901 2441 1950 scu
2473 1877 2603 1949 col-

384 1992 537 2065 latis
564 1992 822 2091 aliquid
849 1992 1152 2088 exigatur
1183 1990 1552 2065 districtius
1580 1990 2099 2090 prohibemus.»
2124 1990 2460 2089 Numquid
2495 1991 2599 2064 vel

383 2135 423 2179 a
465 2108 666 2203 longe
712 2107 1057 2207 quidpiam
1111 2107 1490 2180 insinuatur
1523 2106 1633 2177 his
1668 2105 1889 2179 verbis
1941 2105 2120 2178 unde
2167 2105 2389 2201 colligi
2443 2131 2600 2205 pos-

386 2224 485 2296 sit
539 2222 997 2296 benedictione
1066 2223 1433 2297 sacerdotis
1484 2221 1725 2296 confici
1778 2222 2159 2319 nuptiarum
2223 2244 2602 2292 sacramen-

387 2357 565 2425 tum,
616 2340 705 2410 ita
752 2355 821 2411 ut
869 2339 928 2412 si
980 2336 1412 2412 sacerdotalis
1460 2337 1793 2411 eiusmodi
1843 2335 2215 2408 benedictio
2250 2360 2382 2407 non
2418 2359 2601 2407 acce-

386 2455 609 2540 deret,
668 2456 1066 2528 matrimonii
1137 2455 1402 2555 proprie
1452 2470 1940 2528 sacramentum
1995 2477 2126 2524 non
2180 2450 2598 2525 haberetur?

385 2571 490 2642 Nil
540 2571 790 2643 minus.
842 2568 1151 2670 Alioquin
1204 2596 1352 2644 cum
1408 2568 1610 2643 illud:
1669 2570 1946 2668 aliisque
1993 2568 2430 2640 sacramentis*
2466 2593 2597 2640 non

385 2687 582 2760 modo
637 2686 1179 2760 benedictionibus
1247 2687 1622 2759 nubentium
1645 2744 1663 2769 ,
1719 2711 1947 2759 verum
1999 2686 2200 2757 etiam
2250 2683 2600 2782 sepulturis

384 2818 443 2874 et
481 2804 777 2900 exequiis
825 2817 1221 2873 mortuorum
1255 2817 1549 2900 aptetur,
1589 2825 2011 2899 consequens
2047 2799 2213 2873 foret
2244 2826 2325 2872 ex
2358 2798 2598 2871 horum

383 2916 843 3014 theologorum
895 2916 1467 3014 interpretatione,
1510 2931 1649 2987 tum
1686 2914 2065 3014 sepulturas
2118 2931 2255 2986 tum
2311 2932 2603 2987 mortuo-

386 3057 533 3102 rum
584 3032 942 3129 exequias,
996 3057 1170 3129 quae
1219 3031 1365 3103 sine
1413 3030 1784 3105 ministerio
1816 3029 2185 3103 sacerdotis
2222 3054 2355 3101 non
2391 3029 2593 3114 fiunt,

384 3145 656 3219 totidem
705 3172 858 3220 esse
908 3164 1352 3232 sacramenta,
1394 3145 1574 3245 quod
1610 3171 1805 3219 nemo
1840 3171 2048 3219 sanus
2084 3144 2344 3217 dixerit.
2390 3144 2600 3241 Igitur

388 3262 537 3334 heic
570 3262 842 3361 ponitur
873 3262 1248 3335 benedictio
1283 3262 1669 3360 nuptiarum
1691 3320 1705 3347 ,
1747 3261 1907 3361 quia
1940 3261 2107 3334 haec
2131 3277 2236 3333 est
2259 3261 2327 3332 id
2352 3286 2561 3332 unum
2582 3317 2596 3345 ,

389 3376 570 3473 quod
622 3376 923 3449 minister
970 3376 1293 3450 ecclesiae
1344 3393 1675 3476 praestat,
1716 3393 1783 3450 et
1817 3402 1937 3474 pro
1986 3403 2118 3476 quo
2171 3375 2449 3475 proinde
2484 3376 2606 3449 sti-

390 3491 707 3588 pendium
758 3508 1106 3591 acceptare
1157 3518 1355 3591 posse
1406 3493 1536 3565 sibi
1587 3492 1846 3566 videtur
1889 3494 2331 3591 (11).1taque
2380 3507 2446 3565 et
2493 3492 2605 3564 hic

392 3621 608 3679 textus
660 3607 1087 3706 seponendus
1138 3623 1262 3680 est.

532 3810 634 3872 (ιι)
663 3813 789 3862 sane
823 3814 1033 3863 mentem
1056 3824 1324 3875 numquam
1364 3811 1512 3863 fuisse
1552 3825 1690 3863 conc.
1725 3813 1926 3863 lateran.
1951 3815 2038 3863 111.
2061 3812 2281 3875 adeoque
2297 3824 2387 3862 nec
2403 3813 2605 3864 Alexan·

386 3890 478 3940 dro
499 3891 586 3939 lu.
603 3890 697 3941 cub
716 3904 819 3954 quo
838 3891 1100 3942 concilium
1121 3891 1419 3943 celebratum
1437 3894 1535 3953 est,
1557 3892 1630 3942 uti
1652 3892 1956 3943 mentialem
1977 3893 2282 3942 sacramento
2304 3892 2606 3942 matrimonii

388 3969 648 4021 doeemere
664 3970 1051 4022 benedictionem
1063 3971 1413 4022 sacerdotalem
1428 3970 1678 4023 evidenter
1694 3974 1880 4023 constat
1896 3985 1955 4022 ex
1972 3972 2236 4036 appendice
2256 3972 2474 4023 eiusdem
2494 3985 2606 4024 con·

386 4050 486 4100 ciiii
501 4054 628 4114 part.
642 4053 725 4100 vi.
737 4063 846 4114 cap.
857 4058 901 4102 8.
916 4051 998 4101 nbi
1011 4051 1266 4104 exhibetur
1277 4051 1465 4102 laudati
1483 4051 1726 4115 pontificis
1739 4053 2027 4116 rescriptum
2042 4053 2119 4103 his
2132 4052 2293 4104 verbis
2304 4066 2607 4116 expressum:

394 4150 418 4172 ι
441 4133 597 4193 Super
620 4132 714 4181 hoc
735 4131 1040 4194 inquisitioni
1070 4134 1183 4182 tuae
1216 4132 1381 4183 taliter
1407 4132 1784 4196 respondeinu85
1808 4132 1942 4196 quod
1966 4132 2009 4183 si
2032 4133 2276 4195 legitimus
2296 4144 2560 4186 consensus
2579 4146 2609 4182 a

386 4210 653 4273 (torteea)
673 4211 1005 4274 solemnitate,
1025 4225 1123 4276 qna
1145 4211 1249 4263 fieri
1269 4212 1421 4275 solet,
1451 4215 1703 4276 praesente
1729 4212 2005 4276 sacerdote,
2030 4217 2129 4264 aut
2150 4216 2311 4265 eliam
2332 4216 2445 4265 eius
2465 4215 2610 4264 nota·

388 4291 489 4349 rio,
500 4290 629 4340 sicut
648 4289 797 4341 eiiam
819 4291 870 4340 in
889 4289 1182 4354 quibusdam
1201 4291 1323 4344 locis
1344 4292 1503 4343 adhuc
1519 4291 1833 4355 observatur,
1850 4304 2015 4343 coram
2036 4291 2224 4344 idoneis
2244 4292 2447 4344 testibus
2465 4291 2609 4342 inter-

393 4369 556 4419 veniat
575 4369 639 4420 dc
662 4371 901 4433 praesenti
913 4408 928 4432 ‚
952 4370 1021 4420 ita
1042 4371 1178 4434 quod
1202 4385 1327 4422 unus
1350 4372 1501 4422 alium
1522 4374 1573 4422 in
1592 4385 1734 4423 snam
1752 4375 1924 4424 mutuo
1939 4385 2177 4425 consensu
2193 4372 2356 4424 verbis
2373 4371 2612 4435 expressis

393 4448 620 4511 recipiat,
644 4449 890 4513 utrimque
908 4448 1139 4499 dicendo:
1166 4452 1274 4513 qu
1293 4454 1341 4500 te
1361 4455 1629 4516 recipiam
1653 4465 1840 4514 meam,
1867 4455 1918 4503 el
1937 4466 2029 4516 eqo
2047 4456 2096 4503 te
2120 4455 2311 4513 recipio
2330 4455 2382 4502 in
2404 4463 2576 4502 mcum
2593 4468 2614 4510 ,-
