3276 5083
699 450 836 501 mr.
881 451 975 501 ιιι.
1019 451 1097 499 na
1143 449 1404 500 ιιΑτιιιιι.
1451 449 1678 500 civms
1713 451 1894 500 tres.
1940 450 2080 501 aar.
2126 453 2218 502 111.
2431 408 2561 500 321

359 568 538 643 siliis
588 568 906 666 decepto,
958 584 1031 641 ut
1081 594 1285 667 saepe
1333 566 1706 663 contingit,
1759 594 1865 641 res
1909 567 2130 641 adhuc
2179 567 2575 644 luculentior

361 682 607 758 evadit.
660 684 828 756 Nam
877 684 1185 784 quamvis
1229 700 1519 782 nequeat
1568 682 1854 756 ecclesia
1900 684 2036 756 vim
2088 684 2151 757 vi
2204 684 2567 782 repellere,

362 815 766 898 protestatur
800 815 1022 872 tamen
1072 797 1399 872 adversus
1451 799 1723 900 iniquas
1774 799 2248 898 usurpationes
2293 815 2577 899 potesta-

362 915 451 987 tis
501 914 847 1014 politicae;
897 914 1145 987 deinde
1195 914 1523 1014 patienter
1574 914 1812 988 tolerat
1855 914 1942 987 ad
1981 913 2275 987 deterius
2328 914 2576 988 malum

359 1030 739 1116 vitandum;
782 1056 1007 1104 coram
1053 1031 1195 1104 Deo
1245 1030 1452 1128 gemit
1501 1029 1587 1103 de
1638 1029 1825 1103 illata
1875 1031 2005 1103 sibi
2060 1031 2312 1103 iniusta
2346 1030 2456 1117 vi,
2497 1057 2578 1103 ac

362 1144 632 1219 divinae
665 1145 1126 1244 providentiae
1159 1145 1545 1219 universum
1585 1146 1925 1242 negotium
1960 1145 2260 1218 dimittit.
2304 1145 2577 1218 Interim

358 1258 467 1332 lex
508 1286 685 1360 quae
730 1261 1167 1360 parturiebat,
1223 1260 1478 1334 fructus
1514 1287 1676 1335 suos
1715 1261 2043 1359 pessimos
2082 1260 2288 1359 parit,
2333 1260 2580 1332 malum

364 1399 591 1450 semen
617 1433 633 1464 ‚
673 1376 855 1476 quod
891 1392 1111 1451 satum
1146 1393 1287 1465 est,
1329 1402 1840 1476 quaquaversus
1892 1392 2300 1475 propagatur
2322 1434 2337 1463 ,
2379 1391 2582 1476 atque

362 1515 525 1564 suos
576 1491 881 1589 producit
926 1492 1206 1565 effectus
1243 1494 1312 1563 in
1347 1518 1580 1565 eorum
1614 1490 1816 1564 etiam
1856 1490 2219 1589 perniciem
2243 1548 2259 1575 ‚
2299 1491 2417 1589 qui
2457 1491 2581 1561 im-

360 1604 727 1702 prudenter
774 1605 943 1678 illud
995 1621 1330 1680 severunt.
1376 1607 1561 1678 Tunc
1609 1606 1881 1679 demum
1917 1621 2070 1704 post
2105 1604 2334 1703 plures
2387 1606 2583 1678 inter-

360 1720 520 1794 dum
582 1748 796 1796 annos
820 1780 835 1809 ,
902 1720 1311 1822 quandoque
1359 1722 1558 1795 etiam
1612 1736 1763 1821 post
1815 1720 2041 1793 secula
2090 1738 2421 1817 coguntur
2470 1749 2580 1820 po-

362 1837 521 1910 steri
578 1837 880 1938 iniquam
930 1838 1144 1936 legem
1179 1865 1219 1911 e
1251 1838 1475 1911 medio
1529 1836 1795 1923 tollere,
1841 1836 2179 1935 aliamque
2227 1836 2575 1923 sufficere,

363 1978 540 2050 quae
573 1977 727 2025 cum
762 1952 1088 2026 ecclesiae
1138 1952 1401 2024 iuribus
1445 1950 1838 2025 harmonice
1878 1950 2327 2024 coordinetur.
2381 1951 2586 2025 Inter-

363 2064 525 2135 dum
575 2063 863 2139 ecelesia
889 2090 1008 2162 per
1035 2063 1310 2160 longam·
1333 2089 1658 2135 annorum
1689 2064 1929 2135 seriem
1958 2063 2185 2135 animo
2220 2064 2581 2162 tranquillo

364 2176 677 2248 iniuriam
730 2175 978 2275 perfert
1025 2193 1204 2250 certo
1252 2175 1596 2248 confidens
1624 2232 1641 2261 ,
1696 2200 1771 2246 se
1816 2175 2161 2247 victoriam
2215 2175 2585 2274 aliquando

363 2290 645 2365 laturam
688 2317 841 2365 esse
871 2290 961 2364 de
993 2291 1337 2365 hominum
1373 2288 2078 2390 pseudo-politicorum
2120 2290 2421 2376 vafritie;
2467 2317 2587 2364 nec

364 2432 682 2505 umquam
731 2406 1062 2480 eiusmodi
1117 2432 1277 2506 spes
1327 2432 1475 2478 eam
1522 2403 1778 2477 fefellit.
1822 2404 2128 2477 Ecclesia
2172 2404 2426 2504 quippe
2462 2407 2588 2501 im-

366 2520 708 2596 mutabilis
746 2540 1127 2623 permanet,
1171 2520 1506 2621 habetque
1542 2549 1663 2621 pro
1699 2546 1775 2594 se
1810 2519 2037 2595 secula
2070 2520 2303 2593 innixa
2335 2520 2585 2595 divinis

364 2638 761 2711 Fundatoris
796 2638 906 2711 sui
942 2637 1298 2738 promissis
1334 2661 1413 2708 ac
1449 2635 2079 2736 pollicitationibus;
2116 2635 2273 2709 hinc
2309 2635 2395 2709 ad
2432 2652 2589 2709 tem-

365 2780 492 2850 pus
544 2752 817 2852 quidem
868 2766 1073 2838 tacet,
1136 2751 1257 2824 sed
1308 2750 1516 2824 vincit
1568 2766 1789 2822 tamen
1823 2752 2000 2844 (19).

513 2867 708 2953 Quod
745 2866 804 2941 si
840 2883 935 2941 tot
966 2866 1173 2964 leges·
1199 2883 1429 2965 utpote
1478 2865 1807 2940 ecclesiae
1858 2865 2005 2937 iura
2055 2865 2396 2939 laedentes
2433 2867 2584 2940 ubi-

349 3009 499 3081 ·que
545 2983 841 3055 locorum
891 2999 1343 3068 evanuerunt,
1394 3000 1509 3055 aut
1562 2979 1921 3078 abrogatae
1956 2997 2022 3054 et
2055 2981 2345 3054 abolitae
2395 3000 2577 3070 sunt,

368 3095 717 3193 analogiae
762 3096 930 3169 ratio
978 3121 1103 3169 nos
1154 3095 1341 3168 ducit
1389 3096 1474 3168 ad
1526 3095 1705 3168 idem
1751 3095 2223 3169 affirmandum
2269 3096 2356 3168 de
2407 3097 2578 3194 lege,

370 3236 545 3309 quae
595 3225 993 3285 statueretur
1042 3210 1112 3281 in
1164 3236 1368 3306 regno
1428 3211 1760 3285 catholieo
1810 3211 1896 3284 ad
1948 3210 2317 3284 sancienda
2358 3214 2589 3285 matri-

372 3325 596 3399 monia
645 3350 813 3424 pure
866 3324 1114 3399 civilia.
1171 3322 1473 3396 Ecclesia
1504 3381 1521 3410 ‚
1589 3323 1720 3397 hac
1774 3325 1844 3396 in
1895 3324 2298 3424 hypothesi,
2356 3341 2588 3400 contra

372 3465 522 3513 eam
570 3439 785 3536 legem
834 3453 1350 3539 protestaretur;
1408 3454 1767 3538 postquam
1817 3465 1974 3512 vero
2000 3496 2015 3526 ,
2057 3455 2130 3512 ut
2164 3468 2285 3539 par
2317 3457 2444 3527 est,
2489 3467 2587 3514 re-

507 3679 606 3742 (19)
634 3681 852 3743 Horum,
887 3694 1014 3744 quae
1046 3681 1128 3731 liic
1163 3680 1445 3743 asserimus,
1467 3680 1908 3730 luculentissimum
1936 3680 2215 3744 exemplum
2235 3679 2375 3729 nobis
2394 3678 2591 3728 exhibet

373 3757 688 3810 celeberrima
720 3759 980 3811 conventio
997 3796 1011 3822 ,
1045 3773 1172 3823 quae
1208 3772 1321 3810 cum
1358 3759 1625 3823 apostolica
1659 3759 1776 3810 sede
1813 3759 1943 3810 sacta
1970 3762 2089 3810 esta
2110 3759 2329 3822 piissimo
2366 3758 2588 3808 austriae

368 3838 662 3902 imperatore
680 3849 739 3886 ac
760 3850 871 3901 rege
893 3838 1160 3901 apostolico
1182 3838 1439 3887 Franciseo
1474 3838 1682 3901 losepho
1717 3850 1798 3886 an.
1825 3845 1960 3888 1855.
1983 3838 2031 3887 vi
2058 3839 2199 3887 cuius
2229 3838 2339 3900 post
2373 3850 2454 3887 an.
2481 3837 2592 3898 plus

372 3917 536 3968 minus
556 3917 861 3981 septuaginta
883 3917 1010 3981 leges
1029 3917 1101 3967 sic
1123 3917 1284 3968 dictae
1307 3916 1591 3980 losephinae
1605 3954 1621 3979 ‚
1659 3930 1786 3980 quae
1817 3917 1940 3967 adeo
1962 3917 2013 3967 in
2036 3917 2267 3978 materia,
2288 3917 2350 3966 de
2372 3930 2471 3980 qua
2491 3919 2592 3980 agi·

373 4010 508 4059 mus,
541 3997 797 4048 christiani
830 3996 1044 4061 coniugii
1065 3997 1128 4047 ab
1149 3996 1381 4050 ecclesia
1407 3996 1632 4048 doctrina
1661 4000 1711 4048 et
1743 3997 1880 4060 praxi
1918 3997 2170 4047 difformes
2200 3999 2367 4058 erant,
2397 3996 2593 4047 tandem

374 4076 634 4140 abrogatae
665 4078 800 4127 sunt.
833 4076 978 4135 Quod
1012 4077 1210 4139 quidem
1246 4076 1523 4140 exernplum
1560 4077 1646 4126 alii
1690 4076 1939 4140 principes
1974 4077 2148 4127 imitati
2183 4079 2328 4138 sunt,
2350 4079 2400 4127 et
2430 4076 2511 4126 alii
2546 4077 2596 4124 in

378 4157 604 4217 proximo
623 4156 717 4207 sibi
737 4155 919 4208 imitari
942 4158 1309 4220 proposuerunt.
1333 4156 1539 4207 silentio
1562 4159 1831 4219 praetereo,
1854 4169 1981 4219 quae
1997 4169 2152 4219 nuper
2171 4155 2222 4205 in
2244 4157 2403 4219 regnis
2423 4157 2594 4219 Hispa·

379 4236 571 4286 uiarum
594 4237 686 4287 hac
706 4237 758 4286 in
777 4239 919 4301 parte
937 4235 1146 4299 gloriose
1165 4238 1300 4297 gesta
1321 4238 1465 4297 sunt,
1490 4235 1574 4286 ubi
1599 4249 1698 4286 non
1723 4249 1909 4298 paucae
1929 4235 2056 4298 leges
2076 4236 2371 4300 apostolicae
2398 4235 2503 4286 sedi
2525 4235 2594 4284 in·

379 4315 541 4367 tenue
557 4316 737 4379 pariter
754 4330 835 4367 an.
857 4323 992 4369 1856.
1015 4315 1225 4366 abolitae
1244 4315 1465 4378 suen-unu
1481 4317 1531 4368 et
1547 4316 1615 4368 ita
1634 4329 1781 4380 porro
1799 4315 1849 4366 in
1867 4329 2014 4379 regno
2028 4315 2528 4379 Wuertemburgensi,
2546 4314 2596 4364 in

372 4405 551 4458 magno
572 4394 753 4448 ducatu
773 4395 990 4448 Badensi
1005 4433 1021 4459 ,
1045 4397 1097 4455 et
1118 4394 1237 4447 alibi
1258 4394 1455 4458 passim.

2435 4503 2498 4552 21
