3276 5083
666 381 801 449 ⁴20
1074 401 1196 449 un.
1242 400 1287 448 1.
1332 399 1504 449 secr.
1548 398 1808 447 Atreu.
1846 397 1924 446 nr:
1961 396 2225 447 ιΑτιιικ.
2260 397 2472 447 civim.

1573 658 1578 664 .
1651 606 1723 701 g.
1786 604 1889 676 ιν.

704 774 1050 857 separabilitas
1071 795 1352 842 contractus
1369 805 1398 841 a
1417 793 1722 841 sacramento
1742 803 1801 840 ac
1822 790 2074 840 distinctio
2096 790 2397 840 Matrimonii
2432 789 2635 853 legitimi
2656 793 2707 842 et
2732 791 2858 842 ruti.

807 964 1027 1059 Longe
1053 962 1289 1033 maiori
1320 960 1647 1033 modestia
1672 1017 1687 1045 ‚
1721 985 1800 1031 ac
1824 956 2083 1031 meliori
2110 958 2398 1030 artificio
2424 984 2547 1056 pro
2573 958 2720 1056 lege
2746 959 2915 1032 dis-

663 1079 870 1150 seruit
897 1092 1120 1149 orator
1142 1134 1156 1161 ‚
1192 1076 1309 1174 qui
1336 1074 1544 1148 buius
1569 1099 1813 1146 causae
1842 1074 1911 1144 in
1940 1089 2180 1147 senatu
2215 1074 2458 1145 relator
2493 1073 2621 1145 fuit
2652 1075 2856 1169 (107)
2880 1131 2896 1142 .

664 1192 827 1263 Eius
877 1190 1274 1297 disceptatio
1326 1187 1733 1287 peculiarem
1774 1203 2065 1260 meretur
2111 1186 2636 1260 discussionem.

809 1304 1217 1376 Sententiam
1256 1302 1403 1401 ipse
1438 1315 1732 1374 sectatur
1766 1299 2253 1374 divisibilitatis
2291 1315 2672 1374 contractus
2705 1326 2747 1373 a
2783 1327 2906 1373 sa-

665 1434 1040 1506 cramento,
1083 1434 1288 1516 atque
1334 1416 1505 1490 ultro
1544 1416 1877 1504 concedit,
1911 1415 2092 1515 quod
2119 1416 2178 1489 si
2206 1441 2435 1489 verum
2470 1431 2651 1488 esset
2683 1442 2907 1514 penes

664 1533 1032 1606 catholicos
1076 1530 1331 1604 nullum
1384 1529 1617 1603 haberi
1666 1530 2167 1603 matrimonium
2202 1528 2503 1602 validum
2536 1529 2673 1603 nisi
2710 1529 2904 1629 quod

668 1650 736 1719 in
782 1648 953 1721 facie
1006 1646 1331 1720 ecclesiae
1379 1645 1792 1731 celebratur,
1839 1643 1943 1717 lex
1987 1644 2395 1719 matrimonii
2441 1643 2665 1718 civilis
2715 1660 2910 1718 esset
3029 1643 3049 1653 “

670 1761 867 1860 plane
909 1760 1408 1835 anticatholica.
2071 1820 2081 1865 ,

742 1960 749 1969 Δ
817 1877 974 1963 Ast,
1030 1902 1265 1950 verum
1321 1903 1406 1948 ne
1455 1892 1606 1962 est,
1664 1875 1888 1975 inquit
1920 1931 1936 1961 ,
1988 1876 2398 1949 connubium
2453 1877 2628 1949 inter
2667 1875 2901 1949 catho-

674 1992 842 2068 licos
893 2017 933 2064 a
983 2007 1401 2066 sacramento
1453 1991 1754 2091 separari
1801 2016 1933 2064 non
1984 2016 2190 2090 posse
2215 1989 2251 2062 ἳ

813 2107 1236 2183 Connubium
1272 2125 1377 2181 est
1410 2123 1815 2182 contractus.
1852 2105 2200 2192 Quomodo
2228 2106 2433 2204 igitur
2457 2132 2577 2207 per
2601 2107 2899 2181 evectio-

670 2250 823 2298 nem
892 2224 1097 2298 huius
1147 2238 1526 2297 contractus
1579 2222 1666 2296 ad
1713 2222 2110 2320 dignitatem
2179 2222 2582 2295 sacramenti
2647 2222 2897 2295 factum

671 2356 821 2425 est,
887 2355 960 2411 ut
1001 2338 1470 2435 inseparabilis
1522 2338 1810 2410 evaserit
1856 2363 1895 2409 a
1944 2353 2360 2410 sacramento
2393 2392 2409 2422 ,
2469 2363 2548 2409 ac
2589 2336 2901 2410 sublatus

676 2455 876 2528 fuerit
926 2481 964 2526 a
1017 2468 1345 2555 potestate
1386 2451 1635 2526 civili?

821 2572 905 2643 Ut
953 2569 1417 2644 ostenderetur
1465 2569 1982 2669 inseparabilem
2033 2595 2187 2642 esse
2237 2584 2650 2642 contractum
2700 2596 2742 2643 a
2788 2596 2903 2642 sa·

678 2701 1018 2759 eramento
1041 2743 1057 2771 ,
1101 2709 1377 2758 necesse
1412 2699 1591 2757 esset
1626 2681 2012 2771 ostendere,
2047 2699 2162 2757 aut
2186 2684 2281 2756 ita
2303 2683 2644 2781 placuisse
2671 2683 2903 2758 divino

680 2801 1054 2875 Institutori
1080 2858 1096 2887 ,
1146 2816 1261 2873 aut
1299 2800 1392 2873 ita
1438 2798 1778 2900 postulare
1829 2800 1922 2872 rei
1973 2816 2277 2872 naturam
2304 2856 2320 2885 ,
2362 2817 2480 2872 aut
2512 2799 2712 2872 talem
2747 2825 2901 2873 esse

674 2912 1126 2987 universalem
1180 2912 1509 2986 ecclesiae
1558 2913 1926 2986 doctrinam
1954 2971 1969 3000 ,
2014 2914 2123 2985 sin
2158 2912 2385 2987 minus
2416 2914 2893 3011 dogmaticam,

675 3027 1185 3128 disciplinarem
1235 3026 1471 3101 saltem
1524 3026 2115 3102 fundamentalem.

822 3145 962 3217 lam
1012 3169 1171 3217 vero
1219 3146 1285 3215 1.
1319 3142 1628 3217 Christus
1683 3143 1896 3216 noluit
1939 3142 2004 3214 id
2051 3143 2234 3242 quod
2277 3144 2622 3242 spectabat
2654 3145 2739 3218 ad
2776 3144 2901 3216 do-

674 3261 959 3332 minium
1009 3258 1205 3333 civile
1256 3257 1510 3332 devolvi
1551 3257 1637 3331 ad
1683 3257 2074 3345 ecclesiam;
2118 3259 2285 3357 quin
2323 3259 2548 3358 potius
2583 3258 2797 3333 voluit
2827 3276 2904 3331 ut

677 3374 950 3449 Caesari
1006 3373 1440 3447 redderentur
1465 3431 1480 3460 ‚
1523 3400 1699 3473 quae
1747 3389 1905 3447 sunt
1938 3374 2277 3448 Caesaris.
2328 3374 2641 3448 Christus
2691 3373 2907 3449 noluit

674 3488 1057 3562 annihilare
1109 3515 1230 3562 seu
1286 3489 1631 3563 destruere
1684 3504 2097 3563 contractum
2133 3549 2149 3577 ,
2209 3489 2330 3563 sed
2384 3491 2452 3562 in
2507 3489 2903 3564 nobiliorem

679 3618 933 3675 tantum
971 3602 1275 3677 ordinem
1315 3602 1562 3676 retulit.
1600 3604 1922 3677 Remanet
1964 3604 2171 3701 igitur
2215 3620 2628 3693 contractus;
2690 3631 2907 3678 rema-

679 3734 790 3791 net
825 3744 984 3816 ergo
1020 3734 1250 3818 utpote
1292 3718 1470 3805 talis,
1517 3718 1896 3793 auctoritati
1932 3718 2114 3793 civili
2158 3718 2527 3808 obnoxius,
2570 3736 2644 3793 ut
2680 3721 2905 3820 quivis

680 3831 859 3908 alius
897 3849 1301 3908 contractus.

828 3952 895 4020 2.
958 3949 1074 4022 Rei
1129 3966 1402 4036 natura,
1446 3948 1515 4020 id
1551 3964 1657 4022 est
1689 3949 1945 4023 evectio
1984 3964 2367 4024 contractus
2403 3950 2488 4023 ad
2526 3975 2906 4024 sacramen-

681 4079 823 4134 tum
851 4061 1033 4136 baud
1072 4064 1380 4136 immutat
1412 4063 1717 4136 ordinem
1756 4062 2268 4138 iurisdictionis.
2306 4063 2702 4140 Coniunctio
2727 4064 2903 4136 enim

824 4249 956 4313 (ιω)
973 4249 1064 4300 ilic
1079 4249 1423 4313 iuitDynastes
1433 4249 1822 4316 Demargherita.
1841 4251 1888 4299 Is
1905 4249 2089 4299 nonita
2101 4248 2292 4313 pridem
2309 4251 2388 4314 pie
2405 4250 2549 4314 obiit,
2559 4253 2608 4301 et
2617 4249 2755 4314 prius
2770 4261 2913 4312 quae-

679 4343 892 4394 cumque
914 4343 1001 4394 pro
1028 4330 1131 4392 lege
1154 4328 1372 4394 dixerat,
1398 4331 1696 4380 retractavit.
1712 4330 1824 4380 Vid.
1843 4329 2040 4379 Civile&
2058 4327 2319 4380 Cattoltca
2345 4339 2387 4381 1.
2405 4329 2607 4380 sabbato
2630 4332 2754 4380 Nor.
2777 4335 2910 4379 1856.
