3276 5083
661 438 798 510 1⁴.ss
1059 462 1181 511 us.
1222 462 1267 512 1.
1310 462 1481 512 sacr.
1522 463 1569 512 1.
1615 462 1694 511 ns
1733 462 1996 512 ιιιτιιιιι.
2042 462 2474 513 ειοιιιιιιιιιο.

804 578 873 648 2.
915 575 1100 651 Alter
1138 603 1353 651 canon
1396 595 1531 666 est,
1588 594 1855 652 sanctos
1896 578 2225 653 ecclesiae
2271 596 2497 678 patres
2551 578 2876 653 habuisse

652 691 1122 767 contrahentes
1171 709 1510 793 tamquam
1557 719 1754 767 veros
1805 692 2008 766 huius
2052 693 2455 766 sacramenti
2495 692 2869 782 ministros,

654 807 716 881 si
776 806 978 882 talem
1033 807 1394 882 exhibeant
1454 808 1807 881 christiani
1868 808 2161 906 coniugii
2229 809 2488 895 ideam,
2546 824 2623 882 ut
2670 825 2879 885 totam

657 924 1056 998 sacramenti
1107 925 1430 998 rationem
1480 941 1849 1023 agnoscant
1890 924 1959 996 in
2000 925 2153 1024 ipsa
2201 924 2672 999 celebrationis
2721 952 2885 1000 con·

658 1037 845 1110 nubii
899 1038 1182 1112 actione.
1226 1040 1392 1109 Nam
1442 1055 1599 1111 tunc
1641 1039 1901 1140 absque
1933 1037 2071 1111 ulla
2103 1040 2552 1113 controversia
2596 1038 2877 1137 planum

655 1151 784 1225 erit
829 1178 944 1225 eos
993 1151 1122 1224 hac
1171 1152 1240 1222 in
1295 1150 1652 1250 hypothesi
1707 1169 2011 1251 spectare
2070 1152 2539 1226 contrahentes
2591 1179 2716 1227 ceu
2768 1180 2882 1227 sa-

657 1266 978 1340 cramenti
1004 1265 1370 1351 ministros,
1387 1282 1454 1338 et
1480 1265 1893 1339 sacerdotem
1920 1282 2258 1367 tamquam
2284 1293 2464 1354 eum,
2495 1267 2612 1366 qui
2638 1268 2884 1339 extrin-

660 1406 854 1455 secus
903 1380 1039 1479 ipsi
1086 1379 1481 1453 confectioni
1539 1380 1938 1454 sacramenti
2008 1381 2436 1480 superveniat
2461 1438 2476 1468 ‚
2536 1398 2743 1481 atque
2791 1381 2879 1454 ad

658 1496 1033 1569 uberiorem
1080 1496 1303 1592 magni
1355 1494 1560 1568 huius
1611 1498 2005 1570 sacramenti
2056 1496 2530 1570 celebritatem.

801 1608 1064 1695 Quibus
1112 1609 1481 1682 canonibus
1530 1609 1948 1697 constitutis,
1996 1626 2306 1710 superest
2352 1627 2429 1684 ut
2477 1610 2564 1684 iis
2608 1627 2883 1684 utamur

658 1724 745 1799 ad
794 1724 1095 1822 ipsorum
1142 1739 1429 1797 mentem
1482 1739 1622 1797 tuto
1671 1723 2217 1820 dignoscendam.

802 1838 888 1912 Ut
920 1838 1123 1936 igitur
1146 1865 1187 1911 a
1215 1838 1419 1937 priori
1463 1851 1720 1912 canone
1764 1839 2169 1939 incipiamus
2201 1898 2217 1928 ‚
2284 1857 2539 1915 certum
2594 1859 2701 1915 est
2756 1868 2884 1942 pa-
2995 1869 3004 1874 ·

659 1970 792 2029 tres
828 1952 922 2028 ita
944 1953 1452 2028 commendasse
1492 1954 2020 2028 benedictionem
2063 1956 2542 2031 sacerdotalem
2566 2014 2582 2042 ,
2622 1973 2698 2030 ut
2747 1983 2880 2032 non

659 2069 1015 2144 abnuerint
1039 2094 1268 2143 verum
1307 2069 1551 2144 adesse
1583 2068 2025 2143 christianum
2067 2072 2470 2145 connubium
2500 2130 2515 2160 ,
2569 2072 2883 2171 quamvis

663 2213 881 2289 neque
931 2187 999 2259 in
1049 2187 1223 2260 facie
1271 2186 1597 2262 ecclesiae
1621 2244 1637 2274 ‚
1678 2186 1775 2260 uti
1811 2186 2127 2285 loquendi
2163 2212 2332 2259 usus
2369 2212 2549 2260 nunc
2589 2185 2877 2273 obtinet,

660 2302 1067 2377 celebratum
1117 2302 1320 2376 fuerit
1344 2359 1360 2389 ‚
1403 2327 1620 2402 neque
1656 2301 1933 2401 proinde
1973 2299 2435 2374 benedictione
2485 2299 2880 2375 sacerdotali

664 2417 1193 2493 cohonestatum.

811 2532 1030 2605 Huius
1057 2531 1150 2604 rei
1187 2531 1637 2604 testimonium
1664 2557 1746 2604 ac
1770 2529 2238 2604 documentum
2275 2528 2881 2629 locupletissimum

665 2645 861 2719 nobis
898 2628 1169 2719 exhibet
1204 2644 1693 2730 Tertullianum,
1734 2644 1853 2745 qui
1888 2644 2108 2718 licet
2091 2674 2161 2718 m
2211 2645 2332 2718 lib.
2368 2646 2452 2717 11.
2486 2646 2573 2720 ad
2607 2671 2883 2719 uxorem

667 2758 1194 2831 benedictionem
1261 2775 1732 2831 commemoret
1786 2757 1924 2833 illis
1981 2758 2263 2834 verbis:
2337 2762 2638 2859 obsignat
2699 2761 2886 2832 benc-

661 2872 859 2945 dictio
890 2873 1023 2970 (4),
1049 2867 1273 2946 tamen
1309 2872 1378 2944 in
1412 2872 1532 2946 lib.
1556 2874 1656 2946 De
1680 2873 2004 2972 pudicitia
2038 2890 2268 2974 aperte
2290 2874 2484 2949 docet
2518 2876 2667 2949 sine
2700 2875 2886 2949 eius-

666 2987 847 3062 modi
873 2987 1335 3063 henedictione
1361 3004 1565 3088 atque
1596 2987 2060 3086 obsignatione
2091 2991 2367 3090 nuptias
2397 2987 2654 3078 valere,
2684 2990 2883 3064 euius

661 3103 870 3178 verba
917 3129 1125 3204 supra
1165 3103 1685 3204 descripsimus:
1715 3133 1751 3174 α
1781 3105 1941 3179 Ideo
1977 3129 2182 3204 penes
2217 3131 2342 3178 nos
2379 3105 2680 3180 occultae
2714 3131 2886 3205 quo·

670 3245 805 3319 que
869 3218 1367 3294 coniunctiones
1406 3274 1423 3306 ,
1492 3217 1620 3292 hoc
1686 3235 1790 3292 est
1843 3244 1976 3292 non
2042 3219 2230 3318 prius
2288 3220 2472 3319 apud
2530 3218 2884 3293 ecclesiam

668 3335 1015 3435 professae
1032 3393 1049 3423 ‚
1083 3335 1265 3408 iuxta
1292 3333 1665 3408 moechiam
1690 3349 1757 3406 et
1781 3333 2277 3408 fornicationem
2306 3333 2587 3406 iudicari
2621 3335 2887 3431 pericli·-

665 3465 887 3523 tantur
917 3454 1101 3547 (5).«
1127 3449 1320 3537 Quod
1372 3450 1430 3523 si
1473 3449 2023 3548 periclitabantur
2069 3463 2327 3521 tantum
2369 3448 2655 3521 iudicari
2698 3447 2886 3544 clanf

665 3565 932 3643 destina
981 3566 1291 3664 coniugia
1354 3566 1538 3639 iuxta
1587 3564 1960 3638 moechiam
2008 3581 2076 3638 et
2124 3563 2669 3651 fornicationem;
2725 3588 2886 3662 ergo

810 3851 880 3912 (4)
913 3853 1023 3909 Quo
1048 3866 1191 3904 sensu
1214 3852 1361 3917 paulo
1381 3853 1493 3901 ante
1509 3865 1620 3901 cum
1645 3850 1852 3914 Rigaltio
1872 3850 2204 3913 exposuimus.

811 3928 882 3991 (a)
914 3932 1151 3988 Quamvis
1172 3931 1502 3983 Tertullianus
1524 3932 1760 3995 loquatur
1781 3929 1845 3979 de
1863 3932 1994 3979 secta
2016 3940 2106 3978 sua
2125 3927 2567 3990 montanistarum,
2593 3929 2651 3977 ut
2670 3928 2807 3991 patet
2826 3940 2886 3978 ex

675 4008 776 4060 illis
795 4007 985 4060 verbis:
972 4023 1159 4075 penes
1181 4026 1300 4074 nos,
1326 4026 1441 4064 cum
1463 4015 1625 4063 tamen
1653 4025 1712 4062 ea
1729 4010 1914 4062 tribuat
1934 4008 2167 4060 ecclesia
2197 4019 2342 4070 suae,
2370 4021 2454 4059 seu
2490 4008 2654 4073 potius
2688 4008 2889 4059 factioni

668 4101 810 4150 suae,
828 4089 1022 4151 quaein
1044 4093 1245 4144 ecclesia
1264 4094 1503 4146 catholica
1520 4092 1837 4145 obtinebant
1822 4104 1875 4141 ιιι
1898 4090 2041 4150 iis,in
2062 4089 2242 4152 quibus
2267 4088 2590 4139 montanistae
2605 4087 2668 4139 ab
2681 4088 2768 4138 illa
2788 4101 2887 4139 non

672 4168 1051 4230 dissentiebant,
1080 4171 1172 4221 rite
1194 4173 1399 4231 insertur
1428 4185 1555 4237 quae
1572 4172 1678 4236 ipse
1695 4171 1757 4221 dc
1777 4183 1868 4220 sua
1884 4170 2015 4220 secta
2035 4167 2287 4232 speciatim
2314 4170 2551 4217 memorat
2576 4166 2670 4217 hac
2692 4168 2744 4218 in
2765 4180 2822 4217 re
2841 4167 2893 4217 in

667 4248 879 4303 ecclesia
906 4262 1105 4314 quoque
1133 4252 1373 4303 catholica
1387 4252 1674 4304 obtinuisse.
1698 4251 1781 4301 Uti
1802 4262 1934 4300 nnnc
1950 4248 2184 4313 temporis
2205 4247 2434 4299 haeretici
2461 4246 2578 4298 licet
2592 4247 2888 4299 catholicam

671 4329 955 4393 impugnent
975 4329 1226 4380 ecclesiam
1238 4367 1255 4393 ,
1274 4334 1436 4382 tamen
1453 4334 1621 4385 amant
1637 4330 1863 4381 catholici
1878 4330 1976 4379 dici
1990 4365 2005 4392 ‚
2028 4330 2078 4379 id
2099 4329 2260 4394 ipsum
2283 4329 2441 4378 aetate
2460 4326 2749 4377 Tertulliani
2773 4339 2888 4377 con·

665 4407 900 4472 tingebat.
919 4409 1149 4459 Nonnulli
1172 4409 1291 4459 illud
1312 4409 1458 4472 apud
1474 4423 1566 4461 nos
1586 4409 1884 4472 intelligunt:
1906 4409 2053 4473 apud
2071 4422 2162 4459 nos
2183 4408 2496 4460 chr-isllonos
2516 4406 2566 4455 in
2589 4418 2780 4468 genere.
