3276 5083
668 339 804 408 406
1062 360 1184 408 m.
1226 359 1271 407 1.
1315 357 1487 407 sacr.
1531 357 1790 407 Atrum.
1824 357 1904 406 nn
1938 356 2201 408 nrum.
2227 356 2442 408 oivm.

576 462 597 485 χ
663 492 769 549 tae
792 533 808 562 ‚
862 473 1139 574 perinde
1189 499 1268 547 ac
1320 472 1891 573 subsequentibus
1949 473 2332 561 aetatibus;
2390 475 2450 548 si
2502 475 2674 550 forte
2728 493 2948 550 tem-

662 617 826 691 pora
888 589 1136 688 quibus
1189 606 1549 686 regnarunt
1596 587 2136 685 Carolovingiani
2204 590 2643 690 imperatores
2704 594 2942 667 exci-

661 709 931 807 piantur
961 708 1138 801 (88).

811 822 1250 921 Imperatores
1312 820 1569 893 romani
1636 834 1791 918 post
1846 818 2359 893 Constantinum
2392 876 2407 907 ,
2466 820 2657 893 addit
2710 821 2933 896 alius

664 953 889 1012 orator
917 994 933 1024 ,
992 962 1070 1009 ac
1132 936 1548 1010 Iustinianus
1602 936 1751 1035 ipse
1801 935 2111 1033 quamvis
2166 935 2440 1034 saepius
2505 935 2932 1034 theologum

665 1080 864 1150 agere
913 1051 1231 1138 voluerit,
1300 1077 1670 1149 numquam
1726 1066 1947 1123 tamen
1995 1049 2508 1124 celebrationem
2561 1052 2736 1124 ritus
2794 1077 2928 1124 n&

664 1169 889 1266 ligiosi
932 1183 1008 1240 ut
1041 1167 1489 1241 conditionem
1542 1166 1761 1239 civilis
1805 1167 2211 1241 matrimonii
2264 1167 2719 1240 necessariam
2767 1184 2926 1240 sta-

667 1300 954 1359 tuerunt.
1005 1284 1353 1357 Eiusmodi
1400 1284 1767 1357 necessitas
1806 1284 2081 1356 inducta
2124 1284 2248 1357 fuit
2281 1310 2322 1356 a
2363 1283 2602 1359 Carolo
2642 1285 2736 1355 M.
2777 1310 2926 1358 nec

666 1403 817 1475 sine
869 1400 1374 1498 exceptionibus
1403 1401 1428 1485 ,'
1476 1400 1701 1498 iisque
1752 1402 1883 1473 non
1939 1397 2209 1498 pauciS‚
2253 1415 2326 1471 ut
2368 1415 2549 1498 patet
2597 1425 2681 1471 ex
2733 1425 2920 1472 cou—

667 1516 871 1613 iugiis
913 1514 1377 1587 clandestinis.
1411 1514 1671 1586 Deinde
1710 1514 2063 1588 concilium
2103 1513 2539 1586 tridentinum
2576 1539 2714 1586 non
2752 1514 2918 1613 qui-

668 1631 820 1704 dem
865 1631 1241 1726 dogmatica
1272 1629 1699 1715 definitione,
1747 1629 1866 1703 sed
1913 1656 2032 1729 per
2069 1630 2340 1703 modum
2394 1630 2910 1704 reformationis

672 1744 1037 1817 solemnem
1088 1744 1492 1818 matrimonii
1546 1745 1746 1817 ritum
1799 1744 2181 1830 constituit,
2238 1771 2319 1818 ac
2367 1744 2695 1843 gubernia
2744 1772 2905 1818 eam

671 1860 887 1956 legem
937 1859 1362 1959 adoptarunt.
1406 1859 1588 1933 Haec
1640 1876 1745 1933 est
1791 1860 2084 1958 genuina
2134 1859 2443 1933 historia.

817 1977 973 2050 Post
1008 1976 1230 2075 ipsum
1272 1975 1706 2047 tridentinum
1748 1976 2107 2049 concilium
2153 2002 2430 2049 romana
2467 1976 2655 2048 curia
2697 2002 2903 2048 num·

671 2117 873 2190 quam
941 2090 1251 2187 gallicam
1322 2088 1537 2186 legem
1597 2089 1685 2160 de
1747 2090 2170 2163 matrimonio
2221 2089 2403 2161 civili
2470 2089 2906 2163 anticatholi-

668 2230 816 2276 cam
866 2203 1251 2276 declaravit.
1297 2204 1659 2301 Postquam
1711 2203 2009 2299 organici
2052 2202 2313 2276 articuli
2366 2203 2530 2277 editi
2582 2204 2895 2289 fuerunt,

671 2335 904 2393 sancta
952 2320 1148 2392 sedes
1201 2317 1531 2417 quasdam
1568 2316 1728 2390 fecit
1760 2318 2329 2417 expostulationes
2354 2377 2370 2406 ,
2409 2334 2482 2392 at
2515 2317 2686 2389 nihil
2727 2319 2903 2392 dixit

669 2435 943 2508 omnino
1002 2434 1088 2505 de
1152 2432 1570 2507 matrimonio
1632 2433 1867 2520 civili,
1935 2433 2062 2507 sed
2130 2434 2215 2506 de
2282 2434 2571 2508 divortio
2636 2449 2898 2506 tantum

671 2565 1040 2648 conquesta
1097 2565 1221 2621 est.
1279 2548 1469 2622 Anno
1532 2550 1747 2620 1817.
1808 2565 2037 2622 sancta
2102 2548 2300 2623 sedes
2368 2549 2501 2622 alia
2560 2549 2895 2648 quaedam

671 2665 849 2737 circa
896 2664 1398 2737 conventionem
1425 2721 1440 2748 ,
1499 2689 1702 2762 quam
1752 2679 2018 2751 vocant,
2077 2683 2278 2762 atque
2327 2666 2679 2761 organicos
2730 2666 2897 2738 arti·

669 2778 857 2851 culos
908 2777 1304 2875 proposuit,
1365 2778 1483 2849 sed
1538 2765 1775 2850 iterum
1829 2780 2013 2852 siluit
2055 2781 2140 2852 de
2190 2781 2614 2855 matrimonio
2678 2779 2886 2854 civili.

670 2891 978 2964 Attamen
1038 2906 1195 2962 tunc
1260 2891 1575 2991 temporis
1627 2907 1781 2990 post
1831 2893 1964 2965 fata
2026 2919 2136 2965 an.
2196 2897 2409 2968 1814.
2480 2894 2711 2992 religio
2777 2920 2894 2966 ca-

681 3009 920 3080 tholica
966 3023 1306 3106 tamquam
1352 3023 1566 3080 status
1605 3007 1840 3105 religio
1869 3009 2244 3082 habebatur
2274 3013 2449 3106 (89).

819 3123 1033 3222 Atque
1082 3123 1166 3195 ad
1220 3122 1499 3196 Galliam
1551 3123 1825 3222 quidem
1862 3182 1877 3210 ,
1926 3126 2107 3224 quod
2159 3126 2440 3211 attinet,
2479 3126 2556 3198 >si
2607 3125 2752 3198 eius
2790 3124 2890 3196 hi·

674 3240 878 3313 storia
936 3253 1151 3313 aetate
1203 3240 1353 3338 ipsa
1380 3239 1739 3313 tridentini
1780 3240 2219 3340 inspiciatur,
2272 3241 2483 3314 Gallia
2525 3266 2886 3340 numquam

674 3353 1107 3453 disciplinam
1157 3354 1500 3427 tridentini
1537 3355 1804 3428 concilii
1840 3358 2117 3456 accepit.
2149 3356 2370 3431 Voluit
2397 3357 2670 3456 quidem
2696 3381 2883 3430 suam

672 3496 825 3543 esse
874 3470 1153 3543 formam
1202 3471 1607 3545 matrimonii
1633 3472 1704 3542 in
1729 3473 2015 3545 concilio
2052 3489 2401 3561 statutam,
2437 3499 2519 3548 eo
2543 3472 2650 3547 vel
2678 3473 2884 3545 maxi-

674 3611 779 3658 me
805 3643 820 3672 ,
879 3586 1058 3684 quod
1105 3585 1467 3659 cardinalis
1520 3586 1988 3685 Lotharingius
2056 3589 2242 3662 illam
2283 3616 2324 3663 a
2371 3588 2656 3664 concilio
2704 3588 2884 3661 effla-

676 3701 1017 3797 gitaverit,
1085 3702 1206 3776 sed
1275 3728 1423 3775 eam
1485 3701 1930 3802 promulgavit
1979 3720 2052 3776 ut
2098 3703 2311 3802 legem
2361 3705 2635 3779 omnino
2698 3729 2879 3778 suam

675 3817 1028 3890 occasione
1078 3834 1443 3892 conventus
1494 3817 1862 3906 blesensis,
1920 3820 2084 3919 quin
2135 3820 2340 3894 ullam
2396 3819 2663 3895 concilii
2715 3846 2880 3893 men-

675 3931 919 4004 tionem
974 3933 1408 4007 iniiceret.1n
1455 3935 1601 4034 ipso
1655 3959 1858 4032 regno
1909 3934 2270 4035 subalpino
2306 3938 2376 4008 in
2420 3935 2705 4011 Pineroli
2735 3959 2877 4034 pro·

675 4046 899 4120 vincia
950 4048 1313 4149 disciplina
1362 4049 1705 4123 tridentini
1732 4075 1865 4123 non
1895 4051 2021 4125 fuit
2048 4068 2346 4152 recepta:
2409 4052 2570 4127 alibi
2625 4067 2876 4150 recepta

818 4235 919 4297 (88)
951 4237 1140 4286 senato
1168 4234 1257 4286 del
1285 4249 1461 4300 raquo.
1492 4244 1565 4288 16.
1590 4236 1810 4288 Dicemb.
1837 4244 1972 4289 1852.

822 4315 922 4377 (89)
953 4317 1142 4366 Senatu
1163 4313 1253 4365 del
1278 4328 1453 4379 reque.
1482 4323 1554 4368 16.
1578 4315 1798 4366 Dicemb.
