3276 5083
539 470 677 521 ω.
694 427 773 520 ἰ.
820 465 961 520 Αιτ.
1008 470 1052 518 ι.
1085 469 1164 519 ns
1194 470 1495 521 vsmurs
1529 471 1795 521 sicum.
1829 472 1911 521 sx
1946 454 2607 523 sch.1>ocrn.17

385 588 588 661 Tales
640 602 794 659 sunt
844 582 1328 673 Tertullianus,
1371 587 1488 687 qui
1525 586 1809 685 loquens
1861 586 1946 659 de
1995 590 2303 686 coniugio
2355 591 2422 661 in
2474 618 2610 689 quo

381 702 561 775 alter
608 700 966 797 coniugum
1016 725 1096 772 ex
1148 701 1543 798 paganismo
1592 701 1679 773 ad
1731 700 1956 774 fidem
1982 701 2466 775 christianam
2452 730 2610 777 con-

384 816 694 901 vertitur,
727 815 862 886 ait.-
908 844 943 883 α
967 814 1038 885 Si
1074 840 1231 911 ergo
1265 832 1482 887 ratum
1516 831 1619 887 est
1654 815 1833 915 apud
1868 816 2082 889 Deum
2118 818 2609 891 matrimonium

386 928 814 1015 huiusmodi,
872 953 994 1001 cur
1052 956 1186 1003 non
1236 946 1303 1002 et
1349 956 1668 1029 prospere
1725 930 1951 1017 cedat,
2010 948 2084 1004 ut
2133 932 2509 1030 pressuris,
2551 951 2615 1006 et

382 1042 721 1141 angustiis
744 1101 760 1130 ‚
799 1058 868 1115 et
916 1044 1449 1143 impedimentis,
1489 1060 1555 1117 et
1606 1045 2130 1144 inquinamentis
2184 1072 2315 1119 non
2371 1049 2464 1119 ita
2518 1046 2615 1119 la—

380 1174 687 1232 cessatur
719 1215 733 1243 ,
800 1155 1061 1229 habens
1121 1158 1255 1229 iam
1313 1183 1393 1229 ex
1451 1174 1664 1257 parte-
1696 1157 1965 1232 divinae
2022 1160 2275 1255 gratiae
2329 1160 2617 1259 patroci-

383 1272 760 1367 niumffio)
782 1270 820 1342 Ῥ
841 1302 877 1340 υ
919 1271 1345 1346 Innocentius
1380 1296 1537 1346 vero
1572 1273 1626 1343 1.
1662 1273 1928 1346 scribit:
1959 1280 2012 1342 ἀ
2037 1274 2400 1347 Statuimus
2424 1332 2439 1361 ,
2482 1274 2617 1347 fide

388 1385 718 1460 catholica
748 1386 1192 1484 suffragante,
1235 1386 1399 1460 illud
1434 1412 1587 1460 esse
1620 1388 2004 1484 coniugium
2025 1445 2040 1475 ,
2084 1388 2263 1487 quod
2301 1405 2444 1461 era-t
2478 1392 2615 1488 pri-

391 1502 592 1575 mitus
626 1503 841 1599 gratia
876 1500 1107 1583 divina
1131 1502 1480 1575 fundatum
1514 1505 1694 1597 (51).
1723 1533 1758 1572 n
1791 1502 2094 1602 ldipsum
2131 1502 2334 1577 habet
2367 1530 2426 1577 s.
2461 1505 2619 1576 Am·

386 1617 654 1691 brosius
687 1674 704 1702 ‚
769 1617 889 1715 qui
963 1646 998 1686 α
1038 1616 1520 1714 Cognoscimus
1553 1676 1568 1703 ‚
1633 1618 1901 1717 inquit,
1967 1617 2170 1691 veluti
2240 1618 2616 1717 praesulem

385 1730 869 1832 custodemque
916 1733 1207 1829 coniugii
1259 1759 1412 1806 esse
1462 1733 1679 1805 Deum
1701 1791 1717 1821 ‚
1759 1733 1876 1831 qui
1931 1759 2062 1806 non
2114 1735 2409 1832 patiatur
2456 1734 2619 1808 alte-

384 1873 535 1920 rum
568 1848 838 1921 thorum
874 1846 1119 1947 pollui;
1151 1864 1219 1920 et
1247 1848 1450 1947 siqui
1489 1849 2031 1947 feceritpeccars
2065 1874 2219 1921 eum
2254 1850 2322 1920 in
2358 1849 2572 1921 Deum
2594 1907 2609 1936 ,

384 1963 846 2060 cuius-legem
895 1963 1134 2049 violat,
1174 1965 1462 2063 qratiam
1498 1966 1763 2059 solvat:
1805 1979 1871 2036 et
1906 1963 2057 2037 ideo
2107 1964 2269 2063 quia
2305 1965 2371 2039 in
2407 1964 2618 2037 Deum

384 2076 665 2177 peccat,‘
702 2078 1101 2152 sacramenti
1136 2077 1444 2152 caelestis
1478 2080 1723 2153 amittit
1766 2080 2177 2153 'consortium
2225 2082 2402 2174 (52);
2431 2110 2467 2148 n
2523 2077 2621 2151 lo-

386 2193 623 2291 quitur
670 2208 891 2266 autem
921 2190 1002 2267 s.
1045 2194 1292 2266 Doctor
1315 2251 1331 2279 ,
1386 2209 1463 2266 ut
1509 2210 1695 2291 patet
1741 2220 1824 2266 ex
1872 2195 2226 2268 orationis·
2260 2194 2433 2267 serie
2459 2250 2475 2278 ,
2533 2192 2620 2265 de

395 2306 788 2380 christianis
811 2365 827 2394 ‚
866 2333 945 2380 ac
996 2306 1278 2406 proinde
1326 2306 1411 2378 de
1460 2307 1678 2403 gratia
1726 2306 2235 2391 sacramentali,
2293 2307 2363 2376 in
2414 2331 2618 2404 quam

390 2437 630 2518 peccat
675 2420 790 2520 qui
838 2418 1332 2494 matrimonium
1382 2419 1701 2492 foeditate
1725 2417 1976 2520 ‘aliqua
2036 2418 2369 2517 deturpat.

378 2578 385 2584 ·
537 2535 688 2609 Huc
738 2536 996 2611 accedit
1044 2536 1283 2636 quarta
1331 2535 1573 2610 classis
1625 2553 1892 2637 patrum
1915 2594 1930 2623 ‚
1971 2561 2148 2635 quae
2197 2545 2278 2608 ex
2329 2534 2418 2607 iis
2462 2560 2621 2612 con-

388 2653 692 2726 stituitur
715 2709 732 2739 ,
772 2652 890 2751 qui
924 2649 1308 2750 'coniugium
1326 2677 1589 2751 pressa
1616 2650 2104 2747 significatione
2148 2664 2623 2722 sacramentum

386 2782 662 2851 vocant,
706 2766 805 2838 uti
856 2766 1094 2854 iterum
1146 2766 1591 2840 Tertullianus
1612 2775 1635 2853 ‚⁴
1671 2766 1788 2866 qui
1824 2763 2208 2863 improbans
2241 2763 2621 2860 ‘bigamiam

392 2880 852 2956 successivam
885 2881 1149 2955 scribit:
1190 2912 1227 2951 (ι
1250 2882 1334 2955 Ut
1358 2882 1560 2979 igitur
1593 2883 1663 2956 in
1688 2881 1973 2980 Domino
1997 2879 2214 2952 nubas
2249 2877 2621 2952 secundum

394 2997 611 3095 legem
660 3014 728 3071 et
759 2996 1151 3096 Apostolum
1182 3000 1289 3094 (si
1341 3014 1560 3072 tamen
1610 2997 1740 3071 vel.
1768 2997 1896 3071 hoc
1946 2999 2225 3088 curas),
2266 2994 2490 3094 qualis
2544 3020 2620 3067 es

392 3110 467 3183 id
516 3111 1013 3187 matrimonium
1063 3113 1411 3211 postulans
1435 3171 1450 3198 ,
1491 3112 1694 3212 quod:
1722 3112 1823 3185 eis
1881 3137 1924 3183 a
1982 3108 2230 3209 quibus
2269 3108 2613 3208 postulaS,

395 3252 529 3299 non
580 3225 738 3299 licet
785 3224 1072 3312 habere;
1122 3226 1210 3298 ab
1258 3226 1605 3326 episcopo:
1627 3235 2022 3323 monogamo
2043 3239 2080 3311 ,'
2119 3251 2160 3296 a
2212 3213 2621 3322 presbyteris

399 3357 465 3413 et
510 3340 817 3416 diaconis
867 3342 1150 3414 eiusdem
1194 3345 1627 3426 sacramenti,
1670 3369 1713 3414 a
1761 3340 1984 3414 viduis
2033 3364 2321 3439 quarum
2373 3352 2622 3409 sectam

405 3456 474 3526 in
521 3472 587 3529 te
635 3456 1014 3530 recusasti?
1053 3460 1231 3552 (53).
1263 3488 1298 3526 »
1341 3459 1504 3558 Item
1554 3486 1612 3531 s.
1675 3458 1824 3532 Len.
1862 3456 1948 3527 M.
1989 3514 2004 3542 ,
2061 3456 2177 3554 qui
2217 3468 2624 3526 ‘ostensurus

405 3569 591 3642 aliud
622 3575 773 3646 esse
806 3598 1078 3646 uxorem
1100 3630 1116 3659 ‚
1156 3572 1339 3645 aliud
1372 3579 1529 3647 'vero
1563 3571 2031 3656 concubinam,
2074 3568 2348 3650 scribit:
2399 3597 2433 3636 ι(
2458 3566 2624 3650 Cum

404 3685 691 3760 societas
741 3687 1124 3786 nuptiarum
1174 3688 1269 3760 ita
1306 3687 1645 3761 'ab'initio
1694 3687 2053 3761 constituta
2096 3685 2219 3770 sit,
2260 3698 2335 3756 ut
2368 3699 2627 3781 praeter

398 3826 684 3874 sexuum
749 3803 1281 3876 coniunctionem
1346 3801 1622 3875 haberet
1672 3804 1740 3874 in
1792 3827 1867 3875 se
1920 3801 2170 3874 Christi
2191 3847 2196 3852 -
2216 3815 2277 3871 et
2325 3800 2624 3871 ecclesiae

400 3932 910 4004 sacramentum,
942 3918 1222 3992 dubium
1259 3943 1391 3992 non
1426 3935 1530 3992 est
1562 3944 1711 3991 eam
1746 3916 2091 3991 mulierem
2129 3941 2260 3989 non
2297 3914 2623 4014 pertinere

546 4159 648 4222 (50)
680 4158 790 4211 Lib.
821 4161 884 4210 11.
913 4158 994 4210 Aa
1026 4172 1181 4210 uxor.
1211 4172 1319 4222 cap.
1343 4160 1450 4207 vn.
1475 4157 1553 4208 ed.
1575 4158 1755 4221 Rigalt.

549 4238 652 4302 (51)
677 4239 834 4303 Epist.
859 4241 1075 4290 xxxvl.
1098 4238 1170 4290 ad
1193 4238 1443 4290 Probum.
1474 4236 1614 4301 Apud
1643 4237 1881 4288 constant
1907 4238 2002 4288 col.
2035 4246 2142 4289 010.

552 4319 656 4381 (52)
684 4319 794 4371 mh.
821 4320 861 4369 1.
886 4321 962 4369 De
983 4318 1249 4371 Abraham
1264 4332 1309 4369 c.
1331 4322 1440 4371 vll.
1463 4332 1514 4368 n.
1538 4326 1613 4369 59.

555 4398 656 4461 (5³)
690 4401 766 4449 Dc
789 4401 1122 4463 moncqama
1150 4412 1257 4463 cap.
1281 4399 1367 4451 xl.
1392 4398 1469 4450 cd.
1496 4398 1582 4449 cit.
