3276 5083
731 424 866 495 358
1110 445 1231 495 zm.
1275 445 1322 505 11.
1365 443 1537 496 sacr.
1580 446 1841 496 Atrum.
1887 447 1967 495 nn
2018 448 2282 497 nram.
2326 446 2537 498 civim.

871 562 956 634 Et
987 561 1156 637 haec
1187 563 1274 636 de
1290 562 1613 636 'libertate
1648 565 2100 637 conscientiae
2132 564 2331 664 paulo
2377 565 2593 638 fusius
2633 573 2948 667 persequi

725 677 1081 752 debuimus
1108 735 1123 765 ,
1189 703 1268 752 eo
1314 677 1495 778 quod
1548 678 1854 752 columen
1906 680 2337 778 praecipuum
2383 680 2504 766 sit,
2547 681 2654 753 cui
2709 708 2948 756 omnes

725 791 893 890 legis
944 792 1029 865 de
1078 791 1504 865 matrimonio
1563 792 1745 864 civili
1808 792 2099 867 fautores
2153 792 2610 867 innitebantur
2658 794 2746 866 ad
2798 822 2947 870 eam

722 906 1238 1008 promovendam
1251 964 1263 977 .

1698 1102 1758 1190 §-
1821 1098 1936 1167 111.

1437 1300 1699 1351 Distinctio
1728 1300 1854 1351 civis
1883 1304 1933 1352 et
1957 1302 2228 1353 christiani.

864 1489 1359 1564 Matrimonium
1387 1546 1403 1577 ‚
1462 1490 1558 1564 ait
1604 1504 1988 1564 senatorum
2039 1488 2244 1575 alter,
2301 1504 2560 1587 spectat
2591 1490 2679 1563 ad
2723 1490 2943 1564 homi-

722 1629 913 1691 nem,
972 1602 1056 1676 ad
1103 1604 1316 1678 civem
1340 1661 1356 1691 ‚
1399 1604 1483 1677 ad
1519 1604 1992 1678 christianum.
2033 1602 2206 1677 Hinc
2249 1602 2491 1701 triplex
2531 1602 2742 1676 oritur
2774 1604 2943 1678 ordo

721 1718 1062 1805 idearum,
1120 1745 1296 1819 quae
1345 1718 1542 1792 certis
1592 1717 1897 1791 formulis
1947 1718 2417 1805 continentur;
2476 1721 2544 1789 1.
2586 1718 2656 1790 in
2707 1718 2940 1821 codice

718 1833 1032 1920 rationis;
1091 1836 1158 1905 2.
1201 1833 1270 1906 in
1321 1833 1551 1907 codice
1601 1831 1822 1929 legum
1877 1832 2213 1918 civilium;
2272 1834 2340 1904 3.
2376 1833 2445 1903 in
2494 1831 2726 1906 codice
2776 1833 2934 1907 reli-

716 1947 964 2045 gionis.
1008 1948 1106 2020 Ex
1147 1947 1258 2021 his
1307 1948 1663 2047 principiis
1712 1947 1845 2021 tela
1891 1947 2100 2022 ordiri
2152 1946 2349 2020 debet
2389 1947 2476 2019 de
2526 1948 2934 2021 matrimonii

715 2061 1060 2150 doctrina;
1120 2090 1198 2137 ac
1248 2064 1339 2136 ita
1391 2080 1628 2163 reapse
1679 2090 1755 2137 se
1802 2079 2158 2160 gesserunt
2203 2062 2679 2159 D’Aguesseau
2701 2119 2718 2148 ,
2773 2064 2937 2138 Por-

717 2178 916 2268 talis,
969 2205 1026 2252 s.
1059 2181 1501 2278 Auqustinuat,
1550 2206 1606 2252 s.
1651 2181 1958 2264 Thomas,
2002 2178 2422 2252 Iustinianus
2462 2194 2528 2251 et
2560 2178 2926 2277 Napoleon.

861 2294 1004 2366 Non
1055 2291 1302 2366 debent
1352 2293 1673 2369 confundi
1722 2295 1886 2366 civis
1944 2307 2006 2366 et
2054 2294 2477 2365 chrestianus,
2526 2293 2655 2366 Lex
2714 2293 2934 2367 civilis

714 2423 1044 2482 statuatur
1090 2423 1350 2505 oportet
1402 2407 1488 2481 ad
1540 2408 1820 2480 rationis
1871 2431 2171 2480 normam
2196 2463 2212 2492 ,
2273 2404 2577 2505 politices
2597 2463 2613 2494 ‚
2672 2432 2936 2503 germa-

715 2548 975 2623 naeque
1041 2522 1316 2597 moralis
1352 2581 1367 2610 ‚
1424 2549 1546 2597 nec
1611 2520 1858 2595 inferre
1906 2520 2148 2620 pedem
2203 2522 2564 2620 profanum
2611 2517 2814 2596 debet
2862 2521 2931 2594 in

714 2660 980 2709 sacrum
1033 2635 1379 2733 religionis
1417 2636 1790 2709 dominium
1823 2637 2000 2731 (28).

856 2750 1041 2823 Alter
1070 2776 1228 2823 vero
1266 2777 1346 2823 ex
1390 2749 1769 2824 oratoribus
1809 2750 2093 2822 adiecit:
2151 2750 2538 2847 coniugium
2590 2767 2695 2824 est
2743 2767 2933 2825 actus

710 2865 1157 2940 essentialiter
1205 2853 1526 2954 socialis;
1580 2867 1827 2940 mirum
1879 2864 2163 2967 proinde
2212 2884 2317 2940 est
2373 2867 2443 2938 in
2495 2867 2776 2941 dubium
2829 2895 2934 2942 re-

711 2982 929 3055 vocari
985 3006 1186 3081 posse
1210 3040 1225 3069 ‚
1282 2997 1505 3057 utrum
1548 2998 1760 3056 status
1811 2982 2031 3056 civilis
2072 2983 2251 3056 circa
2286 2981 2453 3054 illud
2492 2982 2694 3080 plena
2727 2983 2931 3056 liber-

711 3113 843 3172 tate
876 3124 955 3171 ac
989 3114 1312 3197 potestate
1347 3099 1624 3172 fruatur.
1668 3097 1921 3196 Religio
1960 3099 2382 3196 supervenit,
2425 3113 2626 3196 atque
2659 3097 2743 3171 ad
2783 3126 2929 3172 cae-

710 3213 845 3285 lum
891 3214 1114 3287 evehit
1162 3230 1356 3314 pacta
1405 3214 1595 3288 hisce
1645 3213 1712 3285 in
1767 3213 1963 3287 terris
2022 3214 2214 3287 inita.
2273 3215 2394 3286 Est
2442 3228 2737 3310 potestas
2781 3215 2930 3308 (ci-

707 3328 904 3425 vilis)
959 3345 1024 3402 et
1067 3348 1171 3404 est
1219 3346 1512 3431 potestas
1567 3329 1853 3405 nobilior
1900 3357 1977 3403 ac
2028 3329 2256 3403 divina
2289 3386 2304 3416 ‚
2362 3354 2536 3427 quae
2587 3329 2923 3427 confirmat

707 3470 784 3518 ac
836 3445 1170 3518 benedicit.

850 3560 1425 3647 Quemadmodum
1471 3561 1773 3633 naturale
1808 3576 1908 3634 est
1941 3560 2125 3633 nasci
2179 3585 2258 3632 ac
2308 3560 2515 3646 mori,
2575 3576 2777 3658 atque
2809 3584 2918 3631 ec-

703 3677 910 3751 clesia
959 3677 1069 3749 his
1121 3676 1314 3751 sactis
1367 3676 1663 3762 assistit,
1724 3703 1847 3749 nec
1897 3692 2117 3749 tamen
2171 3676 2522 3749 immutare
2556 3703 2635 3749 ea
2672 3691 2914 3775 potest,

704 3792 802 3864 sic
853 3790 1052 3863 debet
1099 3791 1416 3864 assistere
1467 3790 1721 3888 nuptiis
1772 3792 1947 3886 (29).

706 4005 884 4053 Trana
901 4003 977 4053 du
1000 4008 1234 4067 manaae
1250 4041 1267 4064 ,
1302 4003 1367 4053 de
1399 4003 1456 4053 la
1478 4007 1762 4067 putssauce
1798 4002 2046 4052 maritale
2065 4006 2116 4051 ec
2139 4001 2203 4051 de
2226 4001 2282 4051 la
2299 4007 2580 4065 pumance
2600 3998 2915 4064 paternella

703 4085 1029 4210 Puugdgm
1061 4163 1207 4213 habet
1234 4165 1412 4213 Baeton
1439 4164 1485 4212 in
1512 4177 1600 4211 sua
1624 4153 1988 4212 concordam-c
2024 4161 2090 4210 de
2125 4161 2223 4211 lois
2256 4161 2440 4211 civiles
2461 4164 2511 4210 et
2537 4159 2626 4209 des
2648 4158 2744 4210 lot-5
2765 4157 2923 4209 eccle·

699 4242 976 4302 siastiques
997 4239 1062 4289 de
1084 4245 1291 4292 Franco
1312 4242 1565 4292 touchant
1590 4241 1636 4289 le
1655 4243 1904 4302 mariaqe.
1929 4242 2062 4290 Paris
2088 4245 2220 4290 1824.
2244 4253 2355 4303 pag.
2379 4245 2462 4289 124
2485 4252 2622 4302 seqq.

842 4323 944 4383 (28)
969 4325 1156 4372 senato
1179 4323 1265 4372 del
1287 4335 1460 4384 reyuo,
1494 4327 1561 4373 17.
1589 4322 1806 4372 Dicemb.

840 4401 938 4465 (29)
974 4399 1098 4452 lbid.
1122 4414 1229 4466 pag.
1254 4406 1360 4453 197.
