3276 5083
549 501 691 550 cn.
717 498 807 548 nv.
835 497 1101 548 txrznn.
1126 497 1268 548 Ana.
1297 498 1375 548 nn
1399 495 1539 548 nm.
1566 495 1741 548 sien.
1767 499 1908 548 aar.
1926 497 1997 548 u.
2023 493 2165 549 Aac.
2188 497 2367 549 nun.
2477 475 2614 550 1015

536 617 830 703 Quintus
881 627 986 689 est
1035 617 1462 705 Hormisdas‚
1503 618 1698 691 cuius
1748 617 1950 690 verba
1999 617 2181 716 apud
2233 618 2614 693 Gratianum

395 735 622 807 Causa
652 732 846 806 XXX.
881 757 998 830 qu.
1035 736 1102 804 δ.
1136 758 1195 805 c.
1234 735 1300 805 2.
1333 732 1578 807 Nullus
1611 731 1856 832 fidelis,
1902 732 2068 805 haec
2101 749 2280 805 sunt.
2321 763 2355 803 «
2377 733 2618 809 Nullus

398 847 643 932 fidelis,
673 847 1158 945 cuiuscumque
1193 847 1597 920 conditionis
1634 848 1751 935 sit,
1793 848 2031 919 occulte
2067 847 2336 946 nuptias
2370 843 2608 922 faciat:

393 963 542 1051 sed,
570 961 1033 1035 benedictione
1066 978 1340 1061 accepta
1365 990 1407 1036 a
1432 963 1813 1050 sacerdote,
1846 955 2107 1061 publice
2140 962 2351 1036 nubat
2383 962 2451 1035 in
2484 965 2618 1038 Do-

391 1079 597 1152 mino.
627 1108 663 1146 »
696 1077 975 1150 Mirifice
1024 1077 1283 1151 isthaec
1331 1077 1723 1164 decretalis,
1780 1077 1937 1151 dato
1986 1078 2168 1178 quod
2220 1078 2617 1154 Hormisdae

390 1196 480 1268 sit
530 1199 558 1290 (
590 1211 694 1267 est
740 1194 923 1266 enim
994 1193 1508 1293 supposititia),
1582 1193 1895 1293 patefacit
1967 1195 2289 1268 rationem
2323 1251 2338 1283 ‚
2405 1215 2615 1295 quare

390 1313 633 1413 quovis
682 1329 980 1411 tempore
1028 1311 1311 1386 ecclesia
1346 1312 1636 1409 exegerit
1670 1311 2198 1386 benedictionem
2249 1313 2614 1388 sacerdotis

393 1428 464 1500 in
498 1427 750 1525 nuptiis
802 1426 1160 1524 iungendis
1188 1485 1204 1514 ,
1262 1449 1347 1500 ne
1396 1427 1649 1500 scilicet
1697 1429 1969 1512 occulte,
2028 1451 2149 1501 seu
2197 1426 2613 1504 clandestine

393 1544 647 1616 fierent.
708 1542 964 1616 idcirco
1032 1568 1249 1642 neque
1298 1543 1410 1616 hic
1460 1558 1677 1615 textus
1727 1543 1984 1642 aliquid
2035 1542 2239 1617 efficit
2284 1569 2406 1644 pro
2455 1571 2612 1620 sen-

390 1658 599 1732 tentia
650 1657 858 1745 Cani,
915 1683 994 1730 ac
1044 1671 1391 1757 propterea
1442 1657 1870 1758 seponendus
1915 1661 2041 1755 (7).

530 1774 773 1848 Sextus
820 1790 926 1847 est
967 1773 1268 1848 Isidorus
1291 1832 1306 1860 ‚
1351 1795 1550 1874 quem
1586 1774 1901 1872 allegavit
1935 1774 2288 1848 Gratianus
2324 1775 2450 1850 loo.
2485 1778 2600 1852 cit.

386 1911 535 1986 cap.
574 1887 643 1960 7.
680 1888 1024 1960 Facminac
1054 1887 1185 1960 sub
1219 1888 1449 1962 titulo:
1494 1888 1711 1975 Quare
1746 1890 2064 1986 sacminae
2096 1891 2418 1976 velemur,
2453 1892 2610 1966 dom

388 2004 787 2074 maritantur
802 2027 824 2088 ,⁶
878 2001 964 2074 de
1013 2000 1479 2076 benedictione
1526 2029 1683 2077 vero
1730 2003 1859 2077 hoc
1896 2004 1962 2074 in
2002 2021 2181 2077 textu
2216 2004 2384 2077 nihil
2419 2004 2604 2079 aliud

387 2111 675 2190 habetur
734 2131 998 2216 praeter
1044 2117 1213 2191 haec
1251 2117 1496 2190 verba:
1560 2149 1594 2186 «
1619 2119 1957 2192 Nubentes
2009 2134 2162 2217 post
2208 2119 2610 2194 benedictio-

390 2257 545 2305 nem
591 2234 752 2306 vitta
797 2234 1080 2306 invicem
1126 2234 1321 2333 quasi
1365 2259 1500 2306 uno
1532 2234 1800 2307 vinculo
1835 2233 2260 2333 copulentur,
2287 2233 2608 2320 videlicet

390 2347 545 2420 ideo
580 2347 693 2435 fit,
735 2375 816 2422 ne
849 2374 1237 2450 compagem
1274 2349 1644 2447 coniugalis
1694 2350 1968 2422 unitatis
2015 2348 2391 2447 disrumpet
2421 2352 2600 2445 (8).»

386 2462 530 2535 Non
589 2463 832 2536 dicitur
877 2464 963 2536 ab
1016 2463 1270 2538 Isidoro
1319 2464 1701 2562 coniugium
1755 2464 1897 2536 fieri
1926 2490 2048 2562 per
2082 2463 2597 2552 benedictinum

382 2578 499 2650 sed
535 2580 738 2652 unice
762 2581 1091 2653 nubentes
1126 2580 1427 2680 accipere
1460 2580 1989 2654 benedictionem
2019 2595 2170 2679 post
2191 2597 2601 2655 contractum

378 2693 764 2792 coniugium
791 2753 806 2781 ‚
847 2696 1025 2794 quod
1063 2720 1257 2769 nemo
1290 2712 1509 2794 negat.
1554 2698 1640 2768 Ut
1672 2695 1925 2794 aliquid
1959 2720 2045 2769 ex
2079 2696 2186 2769 his
2220 2697 2444 2771 verbis
2482 2718 2605 2798 pro

380 2810 698 2909 opinione
733 2810 897 2884 Cani
933 2813 1073 2885 erui
1109 2829 1362 2912 posset,
1395 2812 1666 2886 deberet
1689 2813 1951 2886 ostendi
1988 2814 2165 2886 hanc
2198 2813 2605 2889 benedictio—

381 2952 530 2998 nem
566 2955 607 2999 a
645 2927 989 3001 sacerdote
1022 2929 1167 3001 dari
1203 2929 1289 3002 ad
1325 2927 1598 3027 nuptias
1636 2930 1822 3027 ipsas
1857 2929 2323 3002 sacramentali
2350 2932 2606 3005 ratione

381 3041 791 3137 iungendas‚
836 3043 1016 3142 quod
1065 3069 1216 3115 cum
1253 3071 1383 3116 non
1419 3042 1780 3130 efficiatur,
1825 3060 2004 3142 patet
2037 3059 2103 3117 et
2138 3043 2316 3117 bunc
2348 3061 2598 3118 textum

382 3155 843 3256 seponendum
895 3184 1070 3231 esse.

523 3272 861 3371 Septimus
894 3289 998 3346 est
1031 3273 1257 3347 Canon
1281 3275 1448 3345 xvl.
1481 3300 1669 3348 conc.
1702 3272 2262 3372 carthaginiensis
2291 3276 2395 3345 iv.
2431 3274 2601 3348 mla-

384 3400 492 3458 tus
527 3413 566 3458 a
596 3385 910 3461 Gratiano
975 3389 1192 3460 Causa
1234 3386 1429 3460 XXX.
1474 3414 1590 3487 qu.
1637 3392 1704 3460 5.
1747 3414 1899 3489 cap.
1936 3394 2003 3461 8.
2036 3392 2358 3488 Sponsa&
2409 3391 2478 3462 in
2517 3414 2599 3464 ec

381 3519 603 3573 autem
665 3504 756 3576 ita
820 3504 1173 3576 statuitur:
1237 3533 1271 3573 «
1305 3505 1605 3603 Sponsus
1656 3521 1724 3578 et
1773 3530 2060 3604 sponsa,
2118 3528 2271 3579 cum
2322 3506 2598 3580 benedi·

381 3616 576 3689 cendi
626 3636 785 3691 sunt
832 3645 874 3692 a
923 3619 1263 3693 sacerdote
1288 3676 1303 3706 ‚
1344 3646 1386 3692 a
1421 3619 1807 3718 parentibus
1858 3621 2000 3694 suis
2035 3621 2139 3695 vel
2174 3648 2214 3694 a
2248 3646 2599 3722 paranym-

380 3729 538 3831 phis
573 3731 965 3821 offerantur,
1007 3735 1121 3833 qui
1158 3758 1309 3807 cum
1345 3736 1722 3833 acceperint
1755 3735 2282 3810 benedictionem
2306 3795 2321 3822 ‚
2360 3737 2595 3811 eadem

518 3973 590 4033 (7)
618 3972 848 4023 ceterum
870 3980 1027 4024 canon
1046 3974 1140 4026 {ste
1160 3972 1494 4040 adscdptifius
1510 3979 1611 4039 est,
1638 3988 1729 4027 nec
1750 3974 1850 4027 uno
1865 3977 2014 4028 modo
2032 3977 2322 4030 Hormisdee
2337 3978 2491 4030 fflbui
2509 3990 2595 4044 pe-

382 4051 589 4101 tates.
612 4052 812 4102 Bererdi
835 4052 886 4102 in
915 4066 998 4116 op.
1018 4053 1104 4106 cit.
1133 4057 1376 4106 Gratiam
1415 4057 1648 4107 canones
1687 4060 1903 4119 yenutnt
1937 4057 2009 4108 ab
2043 4058 2351 4124 apocryp&
2383 4058 2602 4112 discreti

374 4129 562 4179 Pacu.
589 4130 711 4179 tom.
730 4133 892 4194 ιαμ.
915 4134 1083 4182 xle.
1104 4132 1499 4184 Deflet-mucia.
1516 4134 1718 4184 Taurini
1745 4139 1883 4185 1754.
1903 4149 2012 4199 pag.
2035 4140 2147 4187 452.

516 4209 590 4272 (8)
619 4212 781 4273 Atque
809 4210 893 4261 hic
918 4200 1251 4263 adnouindum
1279 4226 1309 4263 a
1331 4215 1468 4263 cano
1490 4214 1733 4264 Isidorum
1762 4214 1995 4266 collocari
2021 4229 2134 4267 cum
2167 4219 2389 4270 Evaristo
2406 4221 2456 4270 et
2472 4221 2596 4270 llor-

374 4287 550 4338 mtnda.
576 4291 682 4339 lam
703 4302 822 4341 vero
843 4291 1060 4342 lstdorns
1082 4291 1341 4344 adducitur
1364 4306 1394 4344 a
1412 4295 1649 4345 Gratiano
1673 4295 1834 4345 solnm
1855 4295 1919 4346 ud
1938 4308 2048 4361 cap.
2067 4299 2177 4348 vll.
2195 4300 2491 4351 tumme.
2507 4301 2592 4350 lst-

375 4366 483 4417 doct
522 4381 672 4431 pom)
701 4371 868 4420 textus
904 4369 1188 4435 desumptus
1213 4374 1288 4423 est
1318 4387 1378 4424 cx
1410 4373 1494 4424 lib.
1518 4377 1582 4424 ΙΙ.
1600 4378 1678 4425 Dc
1696 4373 1888 4437 officiis
1910 4389 2017 4441 cap.
2043 4380 2146 4429 xx.
2167 4375 2376 4443 opp0cd.
2398 4378 2590 4430 »trevali

376 4451 497 4500 tom.
523 4451 608 4499 vt.
626 4462 737 4514 m.
753 4454 860 4503 45⁴.
