3276 5083
693 430 783 504 12
1093 447 1216 505 us.
1260 454 1306 505 1.
1350 454 1521 504 stc-r.
1569 456 1614 504 ι.
1662 450 1741 504 nt
1777 450 2037 504 nram.
2082 453 2506 504 samusart).

690 597 959 646 morans
1008 588 1235 646 autem·
1276 570 1606 645 eiusmodi
1660 580 2075 645 sacramenta
2126 572 2345 670 pergit
2395 569 2572 644 idem
2621 587 2899 647 auctor:

696 686 1034 758 «Primum
1059 702 1544 760 sacramentum
1568 694 1673 758 es't
1696 685 2095 784 baptismum
2109 750 2114 757 .
2129 685 2496 760 secundum
2519 686 2769 762 missae
2793 710 2910 761 sa·-

691 801 1053 888 orificium
1086 803 1352 876 tertium
1383 800 1759 875 benedictio
1793 801 2140 898 unguenti,
2179 801 2358 900 quod
2388 800 2579 874 latini
2607 800 2909 877 chrisma

689 934 932 992 vocant
971 947 988 1006 ;
1055 934 1370 1017 quartum
1425 932 1530 990 est
1583 916 1747 991 ordo
1789 947 1804 1003 ;
1864 917 2170 1016 quintum
2219 933 2324 989 est
2369 917 2894 1003 matrimonium,-

692 1050 952 1107 sextum
1002 1049 1107 1105 est
1151 1031 1406 1119 oleum,
1461 1056 1596 1131 quo
1648 1047 1988 1128 unguntur
2035 1031 2284 1103 infirmi
2349 1046 2475 1104 etc.
2525 1034 2701 1128 (36).
2751 1062 2786 1101 n
2828 1033 2904 1105 ln

692 1147 917 1220 rituali
976 1147 1337 1221 eorundem
1388 1173 1809 1220 armenorum
1866 1146 2037 1220 libro
2093 1148 2259 1220 ritus
2308 1146 2724 1221 describitur⁸
2767 1175 2906 1247 quo

689 1260 1039 1335 conficitur
1088 1261 1217 1335 hoc
1266 1276 1754 1335 sacramentum
1782 1317 1798 1345 ,
1847 1261 1964 1360 qui
2013 1286 2148 1334 non
2198 1261 2458 1334 abludit
2504 1259 2592 1334 ab
2641 1286 2721 1335 eo
2767 1287 2907 1361 quo

688 1383 952 1450 ceta-ae
973 1375 1296 1450 ecclesiae
1328 1375 1685 1451 orientales
1705 1391 2027 1471 utuntur,
2063 1391 2265 1475 atque
2289 1376 2544 1474 gratiae
2566 1391 2633 1449 et
2658 1377 2909 1450 sancti·-

692 1490 1025 1565 ficationis
1061 1492 1136 1564 fit
1168 1491 1440 1578 mentio,
1472 1516 1649 1590 quae
1683 1517 1802 1590 per
1835 1491 1983 1564 eius
2018 1492 2513 1591 susceptionem
2539 1490 2898 1564 confertur.

835 1605 944 1679 Sic
975 1606 1154 1678 enim
1188 1605 1526 1694 sacerdoS,
1565 1606 1728 1680 dum
1761 1605 2098 1680 benedicit
2132 1606 2411 1705 nuptiis,
2457 1606 2896 1704 adprecatur:

695 1750 733 1792 α
763 1719 1083 1808 Benedic,
1128 1720 1440 1807 Domine,
1489 1720 1768 1794 istorum
1817 1721 2204 1819 coniugium
2246 1720 2711 1796 benedictione
2746 1747 2899 1821 per·

693 1845 924 1935 petua,
970 1850 1041 1908 et
1085 1834 1408 1923 concede,
1456 1851 1531 1909 ut
1578 1861 1700 1934 per
1742 1836 1905 1910 hanc
1945 1838 2232 1934 qratiam
2266 1836 2378 1909 isti
2431 1835 2630 1909 fidem
2649 1894 2666 1924 ,
2712 1863 2903 1937 spem

686 1958 775 2024 et‘
804 1950 1194 2024 charitatem
1245 1950 1657 2025 custodiant:
1707 1951 1886 2025 dona
1933 1952 2034 2025 eis
2084 1966 2370 2024 mentem
2421 1950 2747 2039 sobriam,
2789 1979 2904 2027 co·

691 2064 1047 2163 gitationes
1100 2067 1297 2166 pias.
1340 2125 1354 2138 .
1398 2084 1749 2141 .sanctum
1808 2092 2131 2141 conserva
2180 2067 2459 2141 istorum
2510 2066 2732 2141 cubile
2754 2125 2771 2155 ,
2828 2086 2906 2142 ut

686 2181 871 2255 omni
920 2207 1001 2255 ex
1052 2196 1241 2281 parte
1279 2180 1599 2268 roborati,
1652 2182 1720 2254 in
1760 2199 1873 2255 tuo
1912 2180 2332 2280 beneplacito
2375 2199 2818 2281 perseverent.
2861 2212 2898 2251 n

690 2295 948 2369 Deinde
994 2321 1278 2369 coronas
1327 2295 1678 2395 imponens
1727 2322 1954 2371 eorum
2006 2295 2342 2394 capitibus
2361 2353 2377 2382 ,
2429 2297 2897 2395 prosequitur:

696 2440 733 2481 α
762 2410 1081 2498 Benedic,
1119 2410 1436 2498 Domine,
1476 2429 1544 2484 et
1583 2411 1931 2484 sanctifica
1975 2409 2213 2485 horum
2255 2436 2600 2484 servorum
2643 2428 2906 2484 tuorum

689 2526 1112 2623 coniugium:
1156 2540 1227 2598 tu
1261 2525 1441 2598 enim
1475 2551 1591 2599 eos
1627 2524 1712 2598 ad
1746 2525 2274 2600 benedictionem
2317 2524 2494 2599 hanc
2536 2541 2722 2599 tuam
2756 2553 2910 2625 per-

691 2640 980 2727 duxisti,
1021 2657 1087 2714 et
1127 2639 1411 2740 posuisti
1451 2640 1519 2711 in
1552 2639 1887 2739 capitibus
1931 2665 2160 2714 eorum
2195 2666 2508 2715 coronam
2551 2642 2636 2716 de
2677 2641 2910 2742 lapide

693 2755 1011 2855 pretioso.
1053 2814 1065 2827 .
1109 2813 1123 2827 .
1164 2813 1177 2827 .
1221 2757 1367 2829 Non
1416 2756 1594 2828 enim
1636 2754 2040 2855 prohibuisti
2085 2757 2388 2857 nuptias,
2437 2756 2559 2830 sed
2609 2757 2909 2832 sanctifi-

686 2870 862 2944 casti
909 2896 1063 2957 cas,
1109 2887 1175 2945 et
1211 2869 1707 2945 sacerdotaliter
1742 2868 2182 2957 benedixisti,
2231 2888 2434 2971 atque
2473 2873 2908 2947 veracissimo

694 3003 811 3060 tuo
847 2984 1049 3060 verbo
1086 2986 1492 3060 confirmasti
1515 3044 1530 3074 ,
1578 2985 1850 3059 dicens:
1889 2986 2061 3084 quod
2098 2987 2272 3059 Deus
2311 2989 2682 3071 coniunoeit,
2726 2989 2907 3062 homo

694 3123 822 3174 non
861 3117 1111 3199 &pant
1152 3104 1327 3197 (37).
1368 3132 1402 3171 ι»
1446 3101 1708 3187 Quibus
1745 3100 1914 3173 nihil
1948 3100 2353 3175 luculentius
2388 3101 2758 3175 desiderari
2795 3130 2908 3203 po-

690 3231 825 3291 test
869 3216 957 3290 ad
1008 3216 1518 3314 significandam
1567 3216 1882 3313 gratiam,
1933 3231 1999 3288 et
2049 3216 2641 3290 sanctificationem
2663 3271 2680 3305 ,
2732 3237 2906 3317 quae

694 3341 817 3431 per
855 3332 1127 3431 nuptias
1160 3330 1712 3408 communicatur.
1759 3329 1910 3404 Alia
1947 3356 2078 3405 non
2114 3357 2363 3432 pauca,
2402 3356 2581 3430 quae
2622 3333 2799 3405 hanc
2834 3333 2906 3405 in

695 3473 835 3521 nem
878 3447 1160 3547 proferri
1206 3463 1483 3546 possent
1519 3446 1606 3520 ad
1651 3463 2038 3547 perpetuam
2077 3447 2552 3521 adstruendam
2591 3446 2908 3521 ecclesia·-

696 3585 844 3634 rum
894 3577 1032 3635 tum
1075 3559 1515 3634 orientalium
1538 3577 1678 3634 tum
1719 3560 2231 3634 occidentalium
2279 3560 2478 3634 fidem
2522 3585 2602 3635 ac
2646 3562 2905 3661 praxim

688 3677 917 3777 quoad
967 3677 1173 3752 huius
1224 3677 1618 3751 sacramenti
1669 3676 2010 3750 veritatem
2071 3675 2521 3775 praetermitto
2546 3733 2562 3763 ,
2620 3702 2774 3750 cum
2823 3702 2906 3750 ea

694 3817 873 3893 quae
906 3788 1105 3865 allata
1144 3805 1301 3866 sunt
1342 3791 1429 3865 ad
1469 3790 1766 3864 sobrium
1809 3815 2214 3890 quemquam
2254 3788 2592 3863 hominem
2627 3812 2908 3889 persua-

694 3906 990 3980 dendum
1040 3900 1398 3980 sufficiant.

689 4087 1105 4136 sacrmnentorum
1124 4098 1154 4134 a
1175 4085 1432 4136 florentina
1464 4083 1652 4147 synodo
1686 4085 1897 4135 armenis
1928 4083 2181 4135 obtrusum
2205 4082 2379 4146 fuine,
2403 4098 2516 4135 cum
2540 4095 2651 4134 eum
2670 4095 2755 4146 per
2774 4082 2910 4131 mille

688 4165 744 4213 et
773 4176 833 4214 eo
860 4163 1071 4227 amplius
1104 4177 1258 4216 annos
1291 4164 1640 4228 ignorassent.»
1660 4164 1738 4214 Ct'.
1763 4164 1919 4214 elem.
1942 4162 2184 4213 Galanum
2216 4162 2270 4212 in
2298 4163 2643 4214 conciliatore
2663 4160 2907 4213 scelestas

690 4254 939 4293 ammae
962 4254 1085 4294 cum
1107 4254 1342 4293 romana.
1361 4245 1544 4293 Romae
1573 4249 1705 4294 1661.
1727 4244 1846 4292 tom.
1873 4244 1932 4290 ΙΙ.
1955 4243 2143 4304 quaest.
2177 4247 2220 4293 3.
2242 4240 2289 4303 §.
2319 4250 2358 4292 ι.
2383 4255 2490 4305 pag.
2513 4246 2620 4291 4⁸9.

838 4323 938 4386 (³6)
968 4322 1094 4373 lbid.
1120 4336 1227 4387 cap.
1248 4325 1339 4374 vl.

837 4403 937 4466 (37)
968 4403 1108 4468 Apud
1137 4404 1379 4454 Galanum
1400 4416 1481 4466 op.
1506 4405 1557 4452 et
1580 4402 1673 4452 loc.
1694 4402 1778 4452 cit.
1802 4401 1849 4463 §-
1867 4405 1927 4452 V.
1952 4415 2059 4465 pag.
2084 4405 2175 4453 469
2191 4414 2296 4464 seq.
