3276 5083
550 436 688 486 cir.
724 435 812 484 iv.
838 432 918 482 nn
944 430 1179 482 iacun.
1214 430 1329 480 rno
1355 428 1513 479 taen
1546 429 1626 478 nn
1654 429 1844 479 turn.
1877 427 2005 479 c1v.
2039 429 2179 479 aar.
2216 431 2262 479 1.
2435 406 2576 479 367

359 568 772 629 contractum
813 552 1077 623 irritum
1109 575 1188 622 ac
1213 548 1471 619 nullum
1500 572 1666 631 esse,
1707 572 1788 619 eo
1820 546 2002 645 quod
2038 546 2340 620 redditus
2372 545 2574 623 fuerit

361 669 449 742 ad
493 665 1021 740 contrahendum
1062 661 1408 736 inhabilis.
1442 662 1610 733 Nam
1653 660 1830 760 «qui
1872 659 2103 748 aliter,
2144 686 2348 760 quam
2382 687 2578 761 prae-

362 796 550 854 sente
594 779 887 879 parocho
911 836 927 865 ,
969 776 1188 876 inquit
1223 774 1692 859 tridentinum,
1733 773 1838 848 vel
1889 774 2024 847 alio
2074 775 2456 864 sacerdote,
2495 776 2583 849 de

367 894 586 994 ipsius
629 892 903 994 parochi
939 917 1062 965 seu
1095 889 1421 965 ordinarii
1453 888 1756 974 licentia,
1796 903 1865 961 et
1898 887 2190 976 duobus,
2227 888 2334 962 vel
2365 888 2585 965 tribus

362 1009 648 1083 testibus
670 1066 687 1096 ,
736 1006 1231 1080 matrimonium
1283 1004 1675 1078 contrahere
1726 1004 2174 1091 attentabunt,
2214 1030 2333 1079 eos
2368 1031 2428 1079 s.
2460 1006 2587 1106 Sy-

367 1124 583 1198 nodus
617 1123 706 1197 ad
737 1125 835 1196 sic
869 1120 1374 1195 contrahendum
1405 1121 1662 1192 omnino
1697 1119 2023 1193 inhabiles
2053 1120 2308 1205 reddit,
2355 1137 2423 1195 et
2455 1120 2584 1194 bu·

364 1238 656 1312 iusmodi
704 1260 1098 1312 com-merus
1148 1260 1393 1310 numos
1428 1261 1503 1309 m·
1537 1259 1780 1310 Νυιιοε
1813 1261 1966 1308 esse
1999 1235 2300 1309 decernit
2320 1293 2337 1323 ,
2387 1252 2589 1337 prout

363 1378 483 1426 eos
536 1352 869 1452 praesenti
918 1351 1187 1426 decreto
1237 1352 1459 1423 irritos
1509 1349 1707 1436 facit,
1748 1365 1814 1423 et
1860 1351 2240 1423 annullat.»
2274 1350 2406 1438 Qui
2441 1355 2591 1452 pro-

371 1467 528 1540 inde
570 1492 646 1539 se
688 1465 1054 1540 catholicos
1089 1465 1353 1540 ,iactant
1399 1491 1553 1539 esse
1602 1465 1906 1539 sinceros
1927 1523 1942 1549 ‚
2000 1465 2396 1540 debuissent
2435 1481 2592 1541 ante

370 1582 600 1657 omnia
641 1582 726 1654 ad
771 1580 900 1655 hoc
941 1579 1286 1655 attendere
1317 1581 1658 1655 decretum
1679 1638 1695 1666 ,
1737 1606 1873 1680 quo
1905 1606 2041 1654 non
2077 1581 2295 1655 solum
2328 1582 2591 1656 irritum

361 1710 845 1769 sacramentum
863 1750 882 1779 ,
927 1694 1047 1769 sed
1082 1710 1150 1768 et
1183 1695 1409 1792 ipsum
1461 1694 1722 1768 irritum
1765 1720 1846 1768 ac
1888 1694 2145 1768 nullum
2196 1711 2598 1770 contractum

373 1836 528 1885 esse
574 1811 981 1885 decernitur.

508 1926 744 2003 ‚Talem
800 1927 1024 2025 reipsa
1075 1952 1230 2001 esse
1282 1943 1569 2000 mentem
1636 1928 1903 2001 concilii
1970 1929 2314 2002 tridentini
2371 1944 2599 2028 aperte

380 2040 780 2138 pronunciat
823 2040 1225 2113 Benedictus
1272 2042 1442 2112 XIV.
1500 2071 1534 2110 α
1583 2041 1714 2126 Qui
1775 2057 2041 2140 praeter
2106 2044 2385 2116 sormam
2435 2069 2475 2115 a
2524 2067 2601 2117 se

382 2155 867 2254 praescriptam
925 2155 1423 2228 matrimonium
1484 2155 1876 2229 contrahere
1934 2173 2304 2244 attentant,
2370 2180 2600 2230 eorum

382 2269 747 2342 tridentina
774 2269 1080 2368 synodus
1108 2296 1242 2344 non
1269 2287 1759 2345 sacramentum
1796 2271 2020 2358 mode,
2055 2270 2177 2344 sed
2206 2285 2603 2344 contractum

380 2387 597 2481 ipsum
645 2385 911 2457 irritum
951 2385 1202 2458 diserte
1250 2386 1677 2485 pronuntiat,
1733 2403 1932 2486 atque
1983 2412 2102 2462 eos
2153 2387 2240 2461 ad
2292 2387 2393 2460 sic
2441 2411 2603 2461 con·

383 2498 781 2574 trahendum
834 2502 1089 2573 omnino
1139 2500 1461 2575 inhabiles
1480 2558 1499 2586 ‚
1541 2517 1608 2574 et
1658 2501 2045 2576 huiusmodi
2097 2516 2481 2576 contractus
2514 2503 2601 2575 ir-

383 2617 543 2688 ritos
592 2641 746 2689 esse
793 2615 1091 2689 decernit
1135 2618 1363 2712 (36).»
1395 2617 1489 2688 Ac
1524 2642 1789 2689 rursum
1843 2615 2002 2689 Pius
2054 2617 2164 2688 lx.
2208 2617 2280 2689 in
2330 2617 2605 2690 damna-

388 2730 568 2804 tione
615 2756 774 2831 opp.
810 2733 882 2805 lo
916 2731 1366 2830 Nepomuceni
1415 2732 1631 2831 Nuytz
1654 2788 1670 2816 ,
1711 2745 1787 2805 ut
1832 2730 2004 2805 alias
2052 2732 2383 2819 vidimus,
2423 2731 2605 2805 idem

386 2845 601 2919 docet.

543 2961 951 3045 Contractus,
993 2963 1111 3061 qui
1141 2980 1417 3036 vocatur
1449 2964 1667 3036 civilis
1702 2963 2135 3047 matrimonii,
2168 2987 2302 3035 non
2336 2978 2442 3036 est
2473 2962 2608 3036 nisi

398 3098 632 3145 recens
672 3073 1013 3147 inventum
1050 3077 1172 3149 toti
1206 3077 1616 3151 christianae
1667 3077 2051 3176 antiquitati
2103 3077 2511 3174 incognitum
2545 3093 2615 3151 et

398 3188 772 3261 inauditum
792 3247 810 3275 ,
840 3204 914 3262 ut
938 3216 979 3262 a
1005 3190 1199 3265 nobis
1234 3191 1759 3267 demonstratum
1783 3208 1908 3266 est.
1937 3193 2006 3264 Si
2032 3193 2360 3290 viguisset
2386 3189 2608 3265 medio

397 3327 562 3377 aevo
605 3329 776 3377 nova
820 3304 989 3378 haec
1031 3305 1375 3380 distinctio
1425 3307 1596 3380 inter
1644 3322 2053 3381 contractum
2104 3306 2369 3379 civilem
2403 3323 2471 3381 et
2502 3331 2613 3379 sa-

399 3436 811 3492 cramentum
845 3478 861 3506 ,
922 3421 1214 3521 profecto
1264 3422 1445 3495 illius
1497 3422 1736 3496 aetatis
1789 3423 2221 3524 imperatores
2244 3480 2260 3508 ‚
2302 3448 2497 3519 reges
2533 3445 2614 3495 ac

404 3533 744 3632 principes
777 3593 793 3622 ,
865 3536 984 3634 qui
1051 3553 1397 3637 tantopere
1461 3537 1812 3610 inhiabant
1861 3537 2116 3637 nuptiis
2167 3537 2421 3610 illicitis
2447 3594 2463 3623 ,
2520 3551 2618 3610 tot

404 3649 860 3724 contentiones
903 3678 1056 3725 cum
1106 3653 1474 3754 apostolica
1523 3653 1686 3728 sede
1719 3712 1735 3740 ‚
1796 3679 1971 3753 quae
2022 3653 2286 3726 illorum
2337 3652 2615 3725 nefariis

403 3763 755 3839 conatibus
806 3767 1060 3841 sortiter
1111 3795 1189 3842 se
1237 3795 1313 3842 se
1362 3769 1777 3869 opponebat,
1821 3796 1953 3844 non
2007 3769 2438 3856 habuissent,
2494 3793 2618 3843 nec

408 3896 734 3978 tyrannus
774 3882 1104 3957 Henricus
1143 3886 1316 3956 Vlll.
1359 3912 1436 3958 se
1472 3911 1550 3958 ac
1599 3910 1878 3982 regnum
1927 3886 2015 3958 ab
2064 3884 2349 3958 ecclesia
2396 3884 2620 3959 catho-

412 3993 539 4067 lica
573 3996 890 4070 scidisset
924 4015 1075 4097 post
1108 4000 1468 4074 exhaustas
1503 4026 1738 4074 omnes
1777 4001 2304 4074 machinationes
2330 4001 2417 4073 ad
2443 4025 2611 4074 rom.

414 4111 797 4206 pontificem
856 4115 1398 4212 expugnandum.
1456 4117 1621 4189 Nam
1682 4115 2060 4215 potuissent
2107 4116 2454 4190 commode
2504 4142 2626 4216 per

555 4383 656 4443 (³6)
682 4387 737 4433 ln
769 4385 932 4433 Brevi
959 4383 1033 4433 ad
1058 4383 1315 4435 Houand.
1342 4386 1636 4435 musivum.
1666 4389 1740 4435 14.
1764 4384 1896 4448 Sept.
1926 4387 2059 4434 1746.
