<?xml version="1.0" encoding="UTF-8"?>
<!DOCTYPE html PUBLIC "-//W3C//DTD XHTML 1.0 Transitional//EN"
    "http://www.w3.org/TR/xhtml1/DTD/xhtml1-transitional.dtd">
<html xmlns="http://www.w3.org/1999/xhtml" xml:lang="en" lang="en">
 <head>
  <title>
</title>
<meta http-equiv="Content-Type" content="text/html;charset=utf-8" />
  <meta name='ocr-system' content='tesseract 3.04.00' />
  <meta name='ocr-capabilities' content='ocr_page ocr_carea ocr_par ocr_line ocrx_word'/>
</head>
<body>
  <div class='ocr_page' id='page_1' title='image "./dematrimoniochr04perrgoog_0281.png"; bbox 0 0 3276 5083; ppageno 0'>
   <div class='ocr_carea' id='block_1_1' title="bbox 652 439 2586 519">
    <p class='ocr_par' dir='ltr' id='par_1_1' title="bbox 652 439 2586 519">
     <span class='ocr_line' id='line_1_1' title="bbox 652 439 2586 519; baseline -0.002 -8"><span class='ocrx_word' id='word_1_1' title='bbox 652 461 790 511; x_wconf 57' lang='lat' dir='ltr'>cir.</span> <span class='ocrx_word' id='word_1_2' title='bbox 824 460 893 510; x_wconf 90' lang='lat'>11.</span> <span class='ocrx_word' id='word_1_3' title='bbox 927 461 1007 509; x_wconf 79' lang='lat' dir='ltr'>nr.</span> <span class='ocrx_word' id='word_1_4' title='bbox 1055 459 1250 519; x_wconf 61' lang='lat' dir='ltr'>una,</span> <span class='ocrx_word' id='word_1_5' title='bbox 1286 459 1411 509; x_wconf 79' lang='lat' dir='ltr'>clv.</span> <span class='ocrx_word' id='word_1_6' title='bbox 1446 460 1613 511; x_wconf 77' lang='lat' dir='ltr'>onio.</span> <span class='ocrx_word' id='word_1_7' title='bbox 1650 461 1725 511; x_wconf 74' lang='lat' dir='ltr'>er</span> <span class='ocrx_word' id='word_1_8' title='bbox 1762 461 1984 512; x_wconf 74' lang='lat' dir='ltr'>noos.</span> <span class='ocrx_word' id='word_1_9' title='bbox 2020 462 2159 511; x_wconf 61' lang='lat' dir='ltr'>aar.</span> <span class='ocrx_word' id='word_1_10' title='bbox 2199 463 2246 511; x_wconf 84' lang='lat'>1.</span> <span class='ocrx_word' id='word_1_11' title='bbox 2451 439 2586 509; x_wconf 73' lang='lat'>257</span> 
     </span>
    </p>
   </div>
   <div class='ocr_carea' id='block_1_2' title="bbox 280 576 2605 2620">
    <p class='ocr_par' dir='ltr' id='par_1_2' title="bbox 280 576 2599 1704">
     <span class='ocr_line' id='line_1_2' title="bbox 528 576 2593 651; baseline -0 0"><span class='ocrx_word' id='word_1_12' title='bbox 528 579 672 651; x_wconf 88' lang='lat' dir='ltr'>Hac</span> <span class='ocrx_word' id='word_1_13' title='bbox 722 578 978 651; x_wconf 89' lang='lat' dir='ltr'>ratione</span> <span class='ocrx_word' id='word_1_14' title='bbox 1027 576 1312 650; x_wconf 90' lang='lat' dir='ltr'>ecclesia</span> <span class='ocrx_word' id='word_1_15' title='bbox 1359 576 1696 651; x_wconf 81' lang='lat' dir='ltr'>alliciebat</span> <span class='ocrx_word' id='word_1_16' title='bbox 1746 577 1978 651; x_wconf 86' lang='lat' dir='ltr'>fideles</span> <span class='ocrx_word' id='word_1_17' title='bbox 2027 603 2187 651; x_wconf 91' lang='lat' dir='ltr'>suos</span> <span class='ocrx_word' id='word_1_18' title='bbox 2224 593 2298 650; x_wconf 91' lang='lat' dir='ltr'>ut</span> <span class='ocrx_word' id='word_1_19' title='bbox 2340 577 2593 650; x_wconf 89' lang='lat' dir='ltr'>lubenti</span> 
     </span>
     <span class='ocr_line' id='line_1_3' title="bbox 383 691 2593 790; baseline -0.001 -24"><span class='ocrx_word' id='word_1_20' title='bbox 383 694 609 766; x_wconf 87' lang='lat' dir='ltr'>animo</span> <span class='ocrx_word' id='word_1_21' title='bbox 674 692 1046 765; x_wconf 86' lang='lat' dir='ltr'>uberiorem</span> <span class='ocrx_word' id='word_1_22' title='bbox 1107 691 1283 763; x_wconf 90' lang='lat' dir='ltr'>hanc</span> <span class='ocrx_word' id='word_1_23' title='bbox 1341 693 1932 766; x_wconf 88' lang='lat' dir='ltr'>sanctificationem</span> <span class='ocrx_word' id='word_1_24' title='bbox 1993 708 2059 764; x_wconf 91' lang='lat' dir='ltr'>et</span> <span class='ocrx_word' id='word_1_25' title='bbox 2116 694 2394 790; x_wconf 82' lang='lat' dir='ltr'>gratiam</span> <span class='ocrx_word' id='word_1_26' title='bbox 2462 691 2593 765; x_wconf 90' lang='lat' dir='ltr'>sibi</span> 
     </span>
     <span class='ocr_line' id='line_1_4' title="bbox 385 804 2596 906; baseline -0.001 -27"><span class='ocrx_word' id='word_1_27' title='bbox 385 821 877 905; x_wconf 79' lang='lat' dir='ltr'>compararent,</span> <span class='ocrx_word' id='word_1_28' title='bbox 927 821 1128 903; x_wconf 88' lang='lat' dir='ltr'>atque</span> <span class='ocrx_word' id='word_1_29' title='bbox 1161 804 1290 878; x_wconf 90' lang='lat' dir='ltr'>hoc</span> <span class='ocrx_word' id='word_1_30' title='bbox 1323 805 1521 879; x_wconf 92' lang='lat' dir='ltr'>modo</span> <span class='ocrx_word' id='word_1_31' title='bbox 1555 807 1704 906; x_wconf 90' lang='lat' dir='ltr'>ipsa</span> <span class='ocrx_word' id='word_1_32' title='bbox 1727 807 1967 880; x_wconf 88' lang='lat' dir='ltr'>certior</span> <span class='ocrx_word' id='word_1_33' title='bbox 2008 804 2210 878; x_wconf 84' lang='lat' dir='ltr'>fiebat</span> <span class='ocrx_word' id='word_1_34' title='bbox 2248 806 2334 878; x_wconf 92' lang='lat' dir='ltr'>de</span> <span class='ocrx_word' id='word_1_35' title='bbox 2374 804 2596 903; x_wconf 81' lang='lat' dir='ltr'>legiti-</span> 
     </span>
     <span class='ocr_line' id='line_1_5' title="bbox 387 918 2596 1020; baseline 0 -28"><span class='ocrx_word' id='word_1_36' title='bbox 387 921 550 1008; x_wconf 87' lang='lat' dir='ltr'>mis,</span> <span class='ocrx_word' id='word_1_37' title='bbox 580 947 754 1020; x_wconf 88' lang='lat' dir='ltr'>quae</span> <span class='ocrx_word' id='word_1_38' title='bbox 776 918 1357 1005; x_wconf 83' lang='lat' dir='ltr'>contrahebantur,</span> <span class='ocrx_word' id='word_1_39' title='bbox 1389 921 1667 1019; x_wconf 88' lang='lat' dir='ltr'>nuptiis.</span> <span class='ocrx_word' id='word_1_40' title='bbox 1710 920 2137 994; x_wconf 90' lang='lat' dir='ltr'>Conditiones</span> <span class='ocrx_word' id='word_1_41' title='bbox 2173 921 2451 1019; x_wconf 85' lang='lat' dir='ltr'>insuper</span> <span class='ocrx_word' id='word_1_42' title='bbox 2483 946 2596 1019; x_wconf 94' lang='lat' dir='ltr'>ap-</span> 
     </span>
     <span class='ocr_line' id='line_1_6' title="bbox 387 1033 2591 1134; baseline -0.001 -25"><span class='ocrx_word' id='word_1_43' title='bbox 387 1036 612 1134; x_wconf 91' lang='lat' dir='ltr'>posuit</span> <span class='ocrx_word' id='word_1_44' title='bbox 644 1035 728 1107; x_wconf 91' lang='lat' dir='ltr'>ad</span> <span class='ocrx_word' id='word_1_45' title='bbox 765 1033 1057 1131; x_wconf 83' lang='lat' dir='ltr'>legitime</span> <span class='ocrx_word' id='word_1_46' title='bbox 1100 1035 1369 1132; x_wconf 86' lang='lat' dir='ltr'>nuptias</span> <span class='ocrx_word' id='word_1_47' title='bbox 1413 1035 1750 1108; x_wconf 85' lang='lat' dir='ltr'>ineundas</span> <span class='ocrx_word' id='word_1_48' title='bbox 1770 1091 1785 1122; x_wconf 93' lang='lat'>,</span> <span class='ocrx_word' id='word_1_49' title='bbox 1821 1036 2068 1134; x_wconf 91' lang='lat' dir='ltr'>quibus</span> <span class='ocrx_word' id='word_1_50' title='bbox 2109 1061 2241 1108; x_wconf 91' lang='lat' dir='ltr'>non</span> <span class='ocrx_word' id='word_1_51' title='bbox 2284 1034 2591 1121; x_wconf 82' lang='lat' dir='ltr'>servatis,</span> 
     </span>
     <span class='ocr_line' id='line_1_7' title="bbox 385 1148 2597 1248; baseline -0.001 -25"><span class='ocrx_word' id='word_1_52' title='bbox 385 1165 501 1223; x_wconf 88' lang='lat' dir='ltr'>aut</span> <span class='ocrx_word' id='word_1_53' title='bbox 549 1149 844 1235; x_wconf 89' lang='lat' dir='ltr'>illicitae,</span> <span class='ocrx_word' id='word_1_54' title='bbox 903 1163 1017 1220; x_wconf 90' lang='lat' dir='ltr'>aut</span> <span class='ocrx_word' id='word_1_55' title='bbox 1075 1148 1299 1220; x_wconf 84' lang='lat' dir='ltr'>irritae</span> <span class='ocrx_word' id='word_1_56' title='bbox 1357 1149 1553 1221; x_wconf 89' lang='lat' dir='ltr'>etiam</span> <span class='ocrx_word' id='word_1_57' title='bbox 1606 1175 1686 1222; x_wconf 91' lang='lat' dir='ltr'>ac</span> <span class='ocrx_word' id='word_1_58' title='bbox 1736 1149 1988 1222; x_wconf 88' lang='lat' dir='ltr'>nullius</span> <span class='ocrx_word' id='word_1_59' title='bbox 2035 1150 2302 1248; x_wconf 91' lang='lat' dir='ltr'>penitus</span> <span class='ocrx_word' id='word_1_60' title='bbox 2349 1148 2597 1222; x_wconf 80' lang='lat' dir='ltr'>valoris</span> 
     </span>
     <span class='ocr_line' id='line_1_8' title="bbox 388 1261 2597 1361; baseline 0 -26"><span class='ocrx_word' id='word_1_61' title='bbox 388 1264 853 1350; x_wconf 85' lang='lat' dir='ltr'>redderentur,</span> <span class='ocrx_word' id='word_1_62' title='bbox 900 1263 991 1336; x_wconf 90' lang='lat' dir='ltr'>ita</span> <span class='ocrx_word' id='word_1_63' title='bbox 1023 1280 1096 1335; x_wconf 89' lang='lat' dir='ltr'>ut</span> <span class='ocrx_word' id='word_1_64' title='bbox 1130 1263 1427 1361; x_wconf 89' lang='lat' dir='ltr'>separari</span> <span class='ocrx_word' id='word_1_65' title='bbox 1455 1262 1852 1335; x_wconf 80' lang='lat' dir='ltr'>abinvicem</span> <span class='ocrx_word' id='word_1_66' title='bbox 1891 1261 2239 1350; x_wconf 90' lang='lat' dir='ltr'>deberent,</span> <span class='ocrx_word' id='word_1_67' title='bbox 2272 1263 2417 1360; x_wconf 93' lang='lat' dir='ltr'>qui,</span> <span class='ocrx_word' id='word_1_68' title='bbox 2458 1262 2597 1335; x_wconf 85' lang='lat' dir='ltr'>illis</span> 
     </span>
     <span class='ocr_line' id='line_1_9' title="bbox 280 1375 2599 1476; baseline -0 -27"><span class='ocrx_word' id='word_1_69' title='bbox 280 1454 285 1458; x_wconf 91' lang='lat'>.</span> <span class='ocrx_word' id='word_1_70' title='bbox 389 1375 887 1451; x_wconf 89' lang='lat' dir='ltr'>conditionibus</span> <span class='ocrx_word' id='word_1_71' title='bbox 929 1375 1330 1476; x_wconf 88' lang='lat' dir='ltr'>posthabitis</span> <span class='ocrx_word' id='word_1_72' title='bbox 1352 1433 1367 1462; x_wconf 91' lang='lat'>,</span> <span class='ocrx_word' id='word_1_73' title='bbox 1411 1377 1683 1474; x_wconf 89' lang='lat' dir='ltr'>nuptias</span> <span class='ocrx_word' id='word_1_74' title='bbox 1718 1377 2229 1450; x_wconf 85' lang='lat' dir='ltr'>contraxissent.</span> <span class='ocrx_word' id='word_1_75' title='bbox 2273 1375 2455 1449; x_wconf 87' lang='lat' dir='ltr'>Talis</span> <span class='ocrx_word' id='word_1_76' title='bbox 2493 1393 2599 1449; x_wconf 87' lang='lat' dir='ltr'>est</span> 
     </span>
     <span class='ocr_line' id='line_1_10' title="bbox 390 1490 2598 1592; baseline -0.004 -26"><span class='ocrx_word' id='word_1_77' title='bbox 390 1493 578 1589; x_wconf 79' lang='lat' dir='ltr'>origo</span> <span class='ocrx_word' id='word_1_78' title='bbox 627 1516 853 1565; x_wconf 91' lang='lat' dir='ltr'>eorum</span> <span class='ocrx_word' id='word_1_79' title='bbox 888 1549 903 1577; x_wconf 93' lang='lat'><strong>‚</strong></span> <span class='ocrx_word' id='word_1_80' title='bbox 959 1515 1133 1591; x_wconf 91' lang='lat' dir='ltr'>quae</span> <span class='ocrx_word' id='word_1_81' title='bbox 1192 1517 1315 1592; x_wconf 88' lang='lat' dir='ltr'>nos</span> <span class='ocrx_word' id='word_1_82' title='bbox 1377 1517 1694 1565; x_wconf 84' lang='lat' dir='ltr'>vocamus</span> <span class='ocrx_word' id='word_1_83' title='bbox 1754 1490 2233 1590; x_wconf 85' lang='lat' dir='ltr'>impedimenta</span> <span class='ocrx_word' id='word_1_84' title='bbox 2282 1490 2598 1565; x_wconf 72' lang='lat' dir='ltr'>ecclesia..</span> 
     </span>
     <span class='ocr_line' id='line_1_11' title="bbox 389 1605 1659 1704; baseline -0.002 -25"><span class='ocrx_word' id='word_1_85' title='bbox 389 1607 558 1679; x_wconf 88' lang='lat' dir='ltr'>stica</span> <span class='ocrx_word' id='word_1_86' title='bbox 608 1605 1040 1704; x_wconf 89' lang='lat' dir='ltr'>impedientia</span> <span class='ocrx_word' id='word_1_87' title='bbox 1088 1621 1203 1678; x_wconf 92' lang='lat' dir='ltr'>aut</span> <span class='ocrx_word' id='word_1_88' title='bbox 1250 1605 1659 1678; x_wconf 89' lang='lat' dir='ltr'>dirimentia.</span> 
     </span>
    </p>

    <p class='ocr_par' dir='ltr' id='par_1_3' title="bbox 388 1719 2605 2620">
     <span class='ocr_line' id='line_1_12' title="bbox 528 1719 2597 1820; baseline -0 -28"><span class='ocrx_word' id='word_1_89' title='bbox 528 1720 627 1792; x_wconf 86' lang='lat' dir='ltr'>Ad</span> <span class='ocrx_word' id='word_1_90' title='bbox 665 1721 946 1820; x_wconf 90' lang='lat' dir='ltr'>primam</span> <span class='ocrx_word' id='word_1_91' title='bbox 984 1719 2163 1819; x_wconf 83' lang='lat' dir='ltr'>impedientiumimpedimentorum</span> <span class='ocrx_word' id='word_1_92' title='bbox 2197 1720 2483 1794; x_wconf 86' lang='lat' dir='ltr'>classem</span> <span class='ocrx_word' id='word_1_93' title='bbox 2527 1720 2597 1792; x_wconf 93' lang='lat' dir='ltr'>in</span> 
     </span>
     <span class='ocr_line' id='line_1_13' title="bbox 388 1833 2595 1935; baseline -0 -26"><span class='ocrx_word' id='word_1_94' title='bbox 388 1837 783 1935; x_wconf 89' lang='lat' dir='ltr'>antiquitate</span> <span class='ocrx_word' id='word_1_95' title='bbox 822 1851 1080 1935; x_wconf 91' lang='lat' dir='ltr'>spectat</span> <span class='ocrx_word' id='word_1_96' title='bbox 1113 1836 1262 1922; x_wconf 91' lang='lat' dir='ltr'>illa,</span> <span class='ocrx_word' id='word_1_97' title='bbox 1304 1834 1506 1935; x_wconf 81' lang='lat' dir='ltr'>quam</span> <span class='ocrx_word' id='word_1_98' title='bbox 1543 1860 1667 1909; x_wconf 92' lang='lat' dir='ltr'>nos</span> <span class='ocrx_word' id='word_1_99' title='bbox 1696 1833 2022 1921; x_wconf 83' lang='lat' dir='ltr'>dicimus,</span> <span class='ocrx_word' id='word_1_100' title='bbox 2055 1834 2595 1920; x_wconf 80' lang='lat' dir='ltr'>clandestinitas,</span> 
     </span>
     <span class='ocr_line' id='line_1_14' title="bbox 391 1948 2601 2051; baseline -0.001 -27"><span class='ocrx_word' id='word_1_101' title='bbox 391 1977 526 2051; x_wconf 92' lang='lat' dir='ltr'>qua</span> <span class='ocrx_word' id='word_1_102' title='bbox 565 1951 807 2024; x_wconf 80' lang='lat' dir='ltr'>fideles</span> <span class='ocrx_word' id='word_1_103' title='bbox 860 1953 1033 2024; x_wconf 89' lang='lat' dir='ltr'>inter</span> <span class='ocrx_word' id='word_1_104' title='bbox 1082 1977 1156 2024; x_wconf 91' lang='lat' dir='ltr'>se</span> <span class='ocrx_word' id='word_1_105' title='bbox 1181 2008 1196 2036; x_wconf 93' lang='lat'><strong>‚</strong></span> <span class='ocrx_word' id='word_1_106' title='bbox 1252 1951 1413 2050; x_wconf 90' lang='lat' dir='ltr'>quin</span> <span class='ocrx_word' id='word_1_107' title='bbox 1453 1977 1528 2023; x_wconf 90' lang='lat' dir='ltr'>se</span> <span class='ocrx_word' id='word_1_108' title='bbox 1562 1948 1892 2023; x_wconf 87' lang='lat' dir='ltr'>sacerdoti</span> <span class='ocrx_word' id='word_1_109' title='bbox 1946 1949 2281 2036; x_wconf 88' lang='lat' dir='ltr'>sisterent,</span> <span class='ocrx_word' id='word_1_110' title='bbox 2339 1966 2601 2022; x_wconf 86' lang='lat' dir='ltr'>contra·</span> 
     </span>
     <span class='ocr_line' id='line_1_15' title="bbox 392 2063 2589 2163; baseline 0 -28"><span class='ocrx_word' id='word_1_111' title='bbox 392 2064 643 2137; x_wconf 90' lang='lat' dir='ltr'>hebant</span> <span class='ocrx_word' id='word_1_112' title='bbox 690 2065 1107 2160; x_wconf 82' lang='lat' dir='ltr'>coniugium,</span> <span class='ocrx_word' id='word_1_113' title='bbox 1157 2080 1223 2137; x_wconf 92' lang='lat' dir='ltr'>et</span> <span class='ocrx_word' id='word_1_114' title='bbox 1269 2063 1543 2163; x_wconf 90' lang='lat' dir='ltr'>quidem</span> <span class='ocrx_word' id='word_1_115' title='bbox 1595 2063 1929 2136; x_wconf 89' lang='lat' dir='ltr'>interdum</span> <span class='ocrx_word' id='word_1_116' title='bbox 1980 2064 2253 2137; x_wconf 89' lang='lat' dir='ltr'>omnino</span> <span class='ocrx_word' id='word_1_117' title='bbox 2301 2063 2589 2150; x_wconf 90' lang='lat' dir='ltr'>occulte,</span> 
     </span>
     <span class='ocr_line' id='line_1_16' title="bbox 398 2176 2605 2252; baseline -0 -3"><span class='ocrx_word' id='word_1_118' title='bbox 398 2178 585 2252; x_wconf 88' lang='lat' dir='ltr'>nullo</span> <span class='ocrx_word' id='word_1_119' title='bbox 644 2178 900 2250; x_wconf 89' lang='lat' dir='ltr'>adscito</span> <span class='ocrx_word' id='word_1_120' title='bbox 968 2194 1157 2251; x_wconf 81' lang='lat' dir='ltr'>teste.</span> <span class='ocrx_word' id='word_1_121' title='bbox 1223 2177 1573 2250; x_wconf 89' lang='lat' dir='ltr'>Eiusmodi</span> <span class='ocrx_word' id='word_1_122' title='bbox 1645 2176 1979 2250; x_wconf 91' lang='lat' dir='ltr'>connubia</span> <span class='ocrx_word' id='word_1_123' title='bbox 2043 2177 2169 2250; x_wconf 90' lang='lat' dir='ltr'>etsi</span> <span class='ocrx_word' id='word_1_124' title='bbox 2227 2192 2605 2251; x_wconf 87' lang='lat' dir='ltr'>constanter</span> 
     </span>
     <span class='ocr_line' id='line_1_17' title="bbox 395 2290 2604 2391; baseline -0.001 -26"><span class='ocrx_word' id='word_1_125' title='bbox 395 2310 732 2391; x_wconf 89' lang='lat' dir='ltr'>tamquam</span> <span class='ocrx_word' id='word_1_126' title='bbox 771 2292 1160 2389; x_wconf 82' lang='lat' dir='ltr'>irregularia</span> <span class='ocrx_word' id='word_1_127' title='bbox 1195 2317 1272 2364; x_wconf 90' lang='lat' dir='ltr'>ac</span> <span class='ocrx_word' id='word_1_128' title='bbox 1307 2317 1440 2364; x_wconf 92' lang='lat' dir='ltr'>non</span> <span class='ocrx_word' id='word_1_129' title='bbox 1476 2292 1712 2391; x_wconf 90' lang='lat' dir='ltr'>paucis</span> <span class='ocrx_word' id='word_1_130' title='bbox 1744 2290 2031 2366; x_wconf 86' lang='lat' dir='ltr'>obnoxia</span> <span class='ocrx_word' id='word_1_131' title='bbox 2057 2317 2179 2365; x_wconf 91' lang='lat' dir='ltr'>nec</span> <span class='ocrx_word' id='word_1_132' title='bbox 2212 2290 2470 2365; x_wconf 80' lang='lat' dir='ltr'>levibus</span> <span class='ocrx_word' id='word_1_133' title='bbox 2506 2292 2604 2363; x_wconf 91' lang='lat' dir='ltr'>in-</span> 
     </span>
     <span class='ocr_line' id='line_1_18' title="bbox 392 2404 2602 2505; baseline -0.001 -24"><span class='ocrx_word' id='word_1_134' title='bbox 392 2407 760 2481; x_wconf 89' lang='lat' dir='ltr'>commodis</span> <span class='ocrx_word' id='word_1_135' title='bbox 822 2406 1106 2480; x_wconf 90' lang='lat' dir='ltr'>ecclesia</span> <span class='ocrx_word' id='word_1_136' title='bbox 1156 2404 1627 2505; x_wconf 88' lang='lat' dir='ltr'>improbaverit</span> <span class='ocrx_word' id='word_1_137' title='bbox 1678 2431 1756 2478; x_wconf 91' lang='lat' dir='ltr'>ac</span> <span class='ocrx_word' id='word_1_138' title='bbox 1806 2406 2132 2479; x_wconf 88' lang='lat' dir='ltr'>detestata</span> <span class='ocrx_word' id='word_1_139' title='bbox 2162 2405 2400 2493; x_wconf 80' lang='lat' dir='ltr'>fuerit,</span> <span class='ocrx_word' id='word_1_140' title='bbox 2460 2420 2602 2479; x_wconf 83' lang='lat' dir='ltr'>rata</span> 
     </span>
     <span class='ocr_line' id='line_1_19' title="bbox 392 2519 2604 2620; baseline -0.001 -23"><span class='ocrx_word' id='word_1_141' title='bbox 392 2537 615 2597; x_wconf 89' lang='lat' dir='ltr'>tamen</span> <span class='ocrx_word' id='word_1_142' title='bbox 647 2581 663 2610; x_wconf 98' lang='lat'>,</span> <span class='ocrx_word' id='word_1_143' title='bbox 727 2523 1091 2596; x_wconf 84' lang='lat' dir='ltr'>universim</span> <span class='ocrx_word' id='word_1_144' title='bbox 1144 2521 1379 2596; x_wconf 87' lang='lat' dir='ltr'>saltem</span> <span class='ocrx_word' id='word_1_145' title='bbox 1403 2580 1418 2608; x_wconf 92' lang='lat'>‚</span> <span class='ocrx_word' id='word_1_146' title='bbox 1476 2547 1554 2594; x_wconf 91' lang='lat' dir='ltr'>ac</span> <span class='ocrx_word' id='word_1_147' title='bbox 1606 2536 1944 2620; x_wconf 87' lang='lat' dir='ltr'>tamquam</span> <span class='ocrx_word' id='word_1_148' title='bbox 1991 2547 2150 2595; x_wconf 81' lang='lat' dir='ltr'>vera</span> <span class='ocrx_word' id='word_1_149' title='bbox 2199 2519 2436 2594; x_wconf 91' lang='lat' dir='ltr'>habuit</span> <span class='ocrx_word' id='word_1_150' title='bbox 2493 2546 2604 2595; x_wconf 86' lang='lat' dir='ltr'>sa·</span> 
     </span>
    </p>
   </div>
   <div class='ocr_carea' id='block_1_3' title="bbox 389 2634 2719 2723">
    <p class='ocr_par' dir='ltr' id='par_1_4' title="bbox 389 2634 2719 2723">
     <span class='ocr_line' id='line_1_20' title="bbox 389 2634 2719 2723; baseline -0.002 -11"><span class='ocrx_word' id='word_1_151' title='bbox 389 2655 759 2723; x_wconf 79' lang='lat' dir='ltr'>eramenta,</span> <span class='ocrx_word' id='word_1_152' title='bbox 824 2637 1038 2710; x_wconf 92' lang='lat' dir='ltr'>donec</span> <span class='ocrx_word' id='word_1_153' title='bbox 1088 2638 1155 2707; x_wconf 92' lang='lat' dir='ltr'>in</span> <span class='ocrx_word' id='word_1_154' title='bbox 1205 2634 1488 2709; x_wconf 88' lang='lat' dir='ltr'>concilio</span> <span class='ocrx_word' id='word_1_155' title='bbox 1539 2634 1903 2708; x_wconf 88' lang='lat' dir='ltr'>tridentino</span> <span class='ocrx_word' id='word_1_156' title='bbox 1960 2662 2040 2708; x_wconf 90' lang='lat' dir='ltr'>ea</span> <span class='ocrx_word' id='word_1_157' title='bbox 2095 2635 2279 2709; x_wconf 90' lang='lat' dir='ltr'>irrita</span> <span class='ocrx_word' id='word_1_158' title='bbox 2330 2637 2602 2710; x_wconf 90' lang='lat' dir='ltr'>omnino</span> <span class='ocrx_word' id='word_1_159' title='bbox 2716 2705 2719 2708; x_wconf 77' lang='grc'><em>,</em></span> 
     </span>
    </p>
   </div>
   <div class='ocr_carea' id='block_1_4' title="bbox 392 2752 2611 4447">
    <p class='ocr_par' dir='ltr' id='par_1_5' title="bbox 392 2752 710 2827">
     <span class='ocr_line' id='line_1_21' title="bbox 392 2752 710 2827; baseline 0.003 -4"><span class='ocrx_word' id='word_1_160' title='bbox 392 2752 710 2827; x_wconf 85' lang='lat' dir='ltr'>decrevit.</span> 
     </span>
    </p>

    <p class='ocr_par' dir='ltr' id='par_1_6' title="bbox 396 2857 2608 3619">
     <span class='ocr_line' id='line_1_22' title="bbox 515 2857 2606 2964; baseline 0 -27"><span class='ocrx_word' id='word_1_161' title='bbox 515 2857 810 2939; x_wconf 51' lang='lat' dir='ltr'>¹Interim</span> <span class='ocrx_word' id='word_1_162' title='bbox 862 2892 942 2939; x_wconf 85' lang='lat' dir='ltr'>ex</span> <span class='ocrx_word' id='word_1_163' title='bbox 991 2865 1101 2938; x_wconf 91' lang='lat' dir='ltr'>his</span> <span class='ocrx_word' id='word_1_164' title='bbox 1153 2867 1462 2938; x_wconf 84' lang='lat' dir='ltr'>novimus</span> <span class='ocrx_word' id='word_1_165' title='bbox 1504 2865 1854 2939; x_wconf 86' lang='lat' dir='ltr'>ecclesiam</span> <span class='ocrx_word' id='word_1_166' title='bbox 1909 2866 1977 2936; x_wconf 93' lang='lat' dir='ltr'>in</span> <span class='ocrx_word' id='word_1_167' title='bbox 2028 2880 2164 2938; x_wconf 89' lang='lat' dir='ltr'>tota</span> <span class='ocrx_word' id='word_1_168' title='bbox 2211 2865 2606 2964; x_wconf 87' lang='lat' dir='ltr'>antiquitate</span> 
     </span>
     <span class='ocr_line' id='line_1_23' title="bbox 396 2979 2607 3078; baseline 0 -28"><span class='ocrx_word' id='word_1_169' title='bbox 396 3006 763 3078; x_wconf 90' lang='lat' dir='ltr'>numquam</span> <span class='ocrx_word' id='word_1_170' title='bbox 815 2994 1156 3078; x_wconf 87' lang='lat' dir='ltr'>spectasse</span> <span class='ocrx_word' id='word_1_171' title='bbox 1188 2979 1705 3052; x_wconf 89' lang='lat' dir='ltr'>christianorum</span> <span class='ocrx_word' id='word_1_172' title='bbox 1739 2979 2050 3075; x_wconf 81' lang='lat' dir='ltr'>coniugia</span> <span class='ocrx_word' id='word_1_173' title='bbox 2093 2979 2429 3075; x_wconf 88' lang='lat' dir='ltr'>tamquam</span> <span class='ocrx_word' id='word_1_174' title='bbox 2466 3004 2607 3051; x_wconf 90' lang='lat' dir='ltr'>me-</span> 
     </span>
     <span class='ocr_line' id='line_1_24' title="bbox 399 3091 2605 3179; baseline 0 -16"><span class='ocrx_word' id='word_1_175' title='bbox 399 3118 509 3165; x_wconf 91' lang='lat' dir='ltr'>ros</span> <span class='ocrx_word' id='word_1_176' title='bbox 559 3108 934 3166; x_wconf 89' lang='lat' dir='ltr'>contractus</span> <span class='ocrx_word' id='word_1_177' title='bbox 983 3092 1249 3179; x_wconf 86' lang='lat' dir='ltr'>civiles,</span> <span class='ocrx_word' id='word_1_178' title='bbox 1297 3093 1438 3166; x_wconf 86' lang='lat' dir='ltr'>sive</span> <span class='ocrx_word' id='word_1_179' title='bbox 1487 3118 1710 3165; x_wconf 89' lang='lat' dir='ltr'>coram</span> <span class='ocrx_word' id='word_1_180' title='bbox 1751 3117 1824 3164; x_wconf 90' lang='lat' dir='ltr'>se</span> <span class='ocrx_word' id='word_1_181' title='bbox 1861 3093 2004 3164; x_wconf 86' lang='lat' dir='ltr'>sive</span> <span class='ocrx_word' id='word_1_182' title='bbox 2052 3091 2305 3165; x_wconf 90' lang='lat' dir='ltr'>occulte</span> <span class='ocrx_word' id='word_1_183' title='bbox 2355 3092 2605 3164; x_wconf 89' lang='lat' dir='ltr'>iniren-</span> 
     </span>
     <span class='ocr_line' id='line_1_25' title="bbox 400 3204 2605 3301; baseline -0 -25"><span class='ocrx_word' id='word_1_184' title='bbox 400 3222 542 3290; x_wconf 88' lang='lat' dir='ltr'>tur;</span> <span class='ocrx_word' id='word_1_185' title='bbox 588 3205 789 3278; x_wconf 91' lang='lat' dir='ltr'>immo</span> <span class='ocrx_word' id='word_1_186' title='bbox 836 3231 994 3279; x_wconf 83' lang='lat' dir='ltr'>vero</span> <span class='ocrx_word' id='word_1_187' title='bbox 1046 3207 1351 3278; x_wconf 86' lang='lat' dir='ltr'>novimus</span> <span class='ocrx_word' id='word_1_188' title='bbox 1401 3232 1482 3277; x_wconf 90' lang='lat' dir='ltr'>ea</span> <span class='ocrx_word' id='word_1_189' title='bbox 1531 3205 1772 3301; x_wconf 78' lang='lat' dir='ltr'>iugiter</span> <span class='ocrx_word' id='word_1_190' title='bbox 1813 3204 2134 3278; x_wconf 88' lang='lat' dir='ltr'>habuisse</span> <span class='ocrx_word' id='word_1_191' title='bbox 2183 3221 2256 3276; x_wconf 89' lang='lat' dir='ltr'>ut</span> <span class='ocrx_word' id='word_1_192' title='bbox 2306 3229 2443 3275; x_wconf 92' lang='lat' dir='ltr'>rem</span> <span class='ocrx_word' id='word_1_193' title='bbox 2494 3229 2605 3276; x_wconf 90' lang='lat' dir='ltr'>sa-</span> 
     </span>
     <span class='ocr_line' id='line_1_26' title="bbox 399 3317 2599 3416; baseline -0.001 -26"><span class='ocrx_word' id='word_1_194' title='bbox 399 3342 614 3403; x_wconf 88' lang='lat' dir='ltr'>cram,</span> <span class='ocrx_word' id='word_1_195' title='bbox 660 3319 1211 3416; x_wconf 82' lang='lat' dir='ltr'>praeseferentem</span> <span class='ocrx_word' id='word_1_196' title='bbox 1246 3318 1494 3390; x_wconf 87' lang='lat' dir='ltr'>Christi</span> <span class='ocrx_word' id='word_1_197' title='bbox 1529 3344 1680 3391; x_wconf 91' lang='lat' dir='ltr'>cum</span> <span class='ocrx_word' id='word_1_198' title='bbox 1716 3317 2000 3391; x_wconf 89' lang='lat' dir='ltr'>ecclesia</span> <span class='ocrx_word' id='word_1_199' title='bbox 2031 3317 2599 3403; x_wconf 90' lang='lat' dir='ltr'>coniunctionem,</span> 
     </span>
     <span class='ocr_line' id='line_1_27' title="bbox 401 3430 2608 3532; baseline -0.001 -27"><span class='ocrx_word' id='word_1_200' title='bbox 401 3449 598 3531; x_wconf 88' lang='lat' dir='ltr'>atque</span> <span class='ocrx_word' id='word_1_201' title='bbox 661 3433 1244 3510; x_wconf 89' lang='lat' dir='ltr'>indiscriminatim</span> <span class='ocrx_word' id='word_1_202' title='bbox 1306 3432 1617 3506; x_wconf 92' lang='lat' dir='ltr'>omnibus</span> <span class='ocrx_word' id='word_1_203' title='bbox 1679 3433 1804 3506; x_wconf 90' lang='lat' dir='ltr'>sua</span> <span class='ocrx_word' id='word_1_204' title='bbox 1861 3433 2261 3532; x_wconf 85' lang='lat' dir='ltr'>apposuisse</span> <span class='ocrx_word' id='word_1_205' title='bbox 2323 3430 2608 3531; x_wconf 89' lang='lat' dir='ltr'>impedi-</span> 
     </span>
     <span class='ocr_line' id='line_1_28' title="bbox 397 3561 650 3619; baseline 0.004 -3"><span class='ocrx_word' id='word_1_206' title='bbox 397 3561 650 3619; x_wconf 86' lang='lat' dir='ltr'>menta.</span> 
     </span>
    </p>

    <p class='ocr_par' dir='ltr' id='par_1_7' title="bbox 400 3661 2611 4447">
     <span class='ocr_line' id='line_1_29' title="bbox 544 3661 2608 3762; baseline 0.001 -30"><span class='ocrx_word' id='word_1_207' title='bbox 544 3661 841 3736; x_wconf 87' lang='lat' dir='ltr'>Potestas</span> <span class='ocrx_word' id='word_1_208' title='bbox 874 3689 1031 3737; x_wconf 83' lang='lat' dir='ltr'>vero</span> <span class='ocrx_word' id='word_1_209' title='bbox 1064 3664 1284 3738; x_wconf 86' lang='lat' dir='ltr'>civilis</span> <span class='ocrx_word' id='word_1_210' title='bbox 1319 3664 1461 3737; x_wconf 80' lang='lat' dir='ltr'>sive</span> <span class='ocrx_word' id='word_1_211' title='bbox 1501 3663 1871 3762; x_wconf 90' lang='lat' dir='ltr'>imperialis</span> <span class='ocrx_word' id='word_1_212' title='bbox 1915 3666 2059 3746; x_wconf 80' lang='lat' dir='ltr'>sive</span> <span class='ocrx_word' id='word_1_213' title='bbox 2099 3665 2304 3761; x_wconf 80' lang='lat' dir='ltr'>regia,</span> <span class='ocrx_word' id='word_1_214' title='bbox 2350 3688 2432 3734; x_wconf 84' lang='lat' dir='ltr'>ex</span> <span class='ocrx_word' id='word_1_215' title='bbox 2472 3687 2608 3760; x_wconf 90' lang='lat' dir='ltr'>quo</span> 
     </span>
     <span class='ocr_line' id='line_1_30' title="bbox 403 3774 2604 3874; baseline 0.001 -29"><span class='ocrx_word' id='word_1_216' title='bbox 403 3775 472 3846; x_wconf 89' lang='lat' dir='ltr'>in</span> <span class='ocrx_word' id='word_1_217' title='bbox 522 3774 955 3849; x_wconf 90' lang='lat' dir='ltr'>christianam</span> <span class='ocrx_word' id='word_1_218' title='bbox 1007 3778 1356 3850; x_wconf 89' lang='lat' dir='ltr'>immutata</span> <span class='ocrx_word' id='word_1_219' title='bbox 1397 3793 1534 3864; x_wconf 89' lang='lat' dir='ltr'>est,</span> <span class='ocrx_word' id='word_1_220' title='bbox 1583 3778 2042 3874; x_wconf 82' lang='lat' dir='ltr'>coniugiorum</span> <span class='ocrx_word' id='word_1_221' title='bbox 2083 3776 2604 3866; x_wconf 82' lang='lat' dir='ltr'>moderationem</span> 
     </span>
     <span class='ocr_line' id='line_1_31' title="bbox 400 3889 2609 3992; baseline 0 -30"><span class='ocrx_word' id='word_1_222' title='bbox 400 3889 721 3963; x_wconf 86' lang='lat' dir='ltr'>eeclesiae</span> <span class='ocrx_word' id='word_1_223' title='bbox 770 3889 1068 3978; x_wconf 91' lang='lat' dir='ltr'>dimisit,</span> <span class='ocrx_word' id='word_1_224' title='bbox 1123 3909 1189 3965; x_wconf 91' lang='lat' dir='ltr'>et</span> <span class='ocrx_word' id='word_1_225' title='bbox 1236 3894 1295 3965; x_wconf 88' lang='lat' dir='ltr'>si</span> <span class='ocrx_word' id='word_1_226' title='bbox 1346 3918 1518 3992; x_wconf 91' lang='lat' dir='ltr'>quas</span> <span class='ocrx_word' id='word_1_227' title='bbox 1578 3891 1942 3991; x_wconf 89' lang='lat' dir='ltr'>aliquando</span> <span class='ocrx_word' id='word_1_228' title='bbox 1989 3891 2172 3989; x_wconf 84' lang='lat' dir='ltr'>leges</span> <span class='ocrx_word' id='word_1_229' title='bbox 2225 3889 2374 3963; x_wconf 87' lang='lat' dir='ltr'>tulit</span> <span class='ocrx_word' id='word_1_230' title='bbox 2429 3891 2609 3963; x_wconf 83' lang='lat' dir='ltr'>ci‘rca</span> 
     </span>
     <span class='ocr_line' id='line_1_32' title="bbox 400 4005 2611 4095; baseline 0.001 -19"><span class='ocrx_word' id='word_1_231' title='bbox 400 4006 893 4080; x_wconf 89' lang='lat' dir='ltr'>matrimonium</span> <span class='ocrx_word' id='word_1_232' title='bbox 947 4006 1240 4079; x_wconf 89' lang='lat' dir='ltr'>fidelium</span> <span class='ocrx_word' id='word_1_233' title='bbox 1265 4065 1281 4095; x_wconf 92' lang='lat'>,</span> <span class='ocrx_word' id='word_1_234' title='bbox 1322 4023 1395 4080; x_wconf 87' lang='lat' dir='ltr'>ut</span> <span class='ocrx_word' id='word_1_235' title='bbox 1429 4033 1551 4081; x_wconf 90' lang='lat' dir='ltr'>suo</span> <span class='ocrx_word' id='word_1_236' title='bbox 1587 4009 1659 4079; x_wconf 92' lang='lat' dir='ltr'>in</span> <span class='ocrx_word' id='word_1_237' title='bbox 1693 4006 1840 4081; x_wconf 92' lang='lat' dir='ltr'>loco</span> <span class='ocrx_word' id='word_1_238' title='bbox 1872 4005 2284 4092; x_wconf 77' lang='lat' dir='ltr'>videbimus,</span> <span class='ocrx_word' id='word_1_239' title='bbox 2327 4030 2445 4078; x_wconf 90' lang='lat' dir='ltr'>eae</span> <span class='ocrx_word' id='word_1_240' title='bbox 2495 4021 2611 4078; x_wconf 92' lang='lat' dir='ltr'>aut</span> 
     </span>
     <span class='ocr_line' id='line_1_33' title="bbox 404 4119 2610 4222; baseline 0 -32"><span class='ocrx_word' id='word_1_241' title='bbox 404 4145 537 4192; x_wconf 91' lang='lat' dir='ltr'>non</span> <span class='ocrx_word' id='word_1_242' title='bbox 588 4120 1002 4219; x_wconf 83' lang='lat' dir='ltr'>attingebant</span> <span class='ocrx_word' id='word_1_243' title='bbox 1050 4121 1386 4195; x_wconf 82' lang='lat' dir='ltr'>vinculum</span> <span class='ocrx_word' id='word_1_244' title='bbox 1428 4123 1649 4222; x_wconf 91' lang='lat' dir='ltr'>ipsum</span> <span class='ocrx_word' id='word_1_245' title='bbox 1673 4178 1689 4207; x_wconf 88' lang='lat'><strong>‚</strong></span> <span class='ocrx_word' id='word_1_246' title='bbox 1736 4137 1849 4194; x_wconf 91' lang='lat' dir='ltr'>aut</span> <span class='ocrx_word' id='word_1_247' title='bbox 1870 4147 2042 4220; x_wconf 28' lang='lat' dir='ltr'>‘cum</span> <span class='ocrx_word' id='word_1_248' title='bbox 2085 4119 2411 4195; x_wconf 89' lang='lat' dir='ltr'>ecclesiae</span> <span class='ocrx_word' id='word_1_249' title='bbox 2460 4146 2610 4193; x_wconf 83' lang='lat' dir='ltr'>con-</span> 
     </span>
     <span class='ocr_line' id='line_1_34' title="bbox 405 4235 2606 4338; baseline -0.002 -30"><span class='ocrx_word' id='word_1_250' title='bbox 405 4261 606 4309; x_wconf 90' lang='lat' dir='ltr'>sensu</span> <span class='ocrx_word' id='word_1_251' title='bbox 673 4235 1263 4336; x_wconf 82' lang='lat' dir='ltr'>promulgabantur</span> <span class='ocrx_word' id='word_1_252' title='bbox 1309 4264 1349 4311; x_wconf 92' lang='lat' dir='ltr'>a</span> <span class='ocrx_word' id='word_1_253' title='bbox 1398 4236 1818 4338; x_wconf 91' lang='lat' dir='ltr'>principibus</span> <span class='ocrx_word' id='word_1_254' title='bbox 1879 4236 2266 4309; x_wconf 90' lang='lat' dir='ltr'>christianis</span> <span class='ocrx_word' id='word_1_255' title='bbox 2309 4294 2325 4323; x_wconf 97' lang='lat'>,</span> <span class='ocrx_word' id='word_1_256' title='bbox 2382 4235 2511 4309; x_wconf 89' lang='lat' dir='ltr'>aut</span> <span class='ocrx_word' id='word_1_257' title='bbox 2547 4235 2606 4307; x_wconf 90' lang='lat' dir='ltr'>si</span> 
     </span>
     <span class='ocr_line' id='line_1_35' title="bbox 405 4349 2610 4447; baseline 0 -27"><span class='ocrx_word' id='word_1_258' title='bbox 405 4349 671 4423; x_wconf 92' lang='lat' dir='ltr'>demum</span> <span class='ocrx_word' id='word_1_259' title='bbox 721 4352 1041 4428; x_wconf 88' lang='lat' dir='ltr'>ecclesiae</span> <span class='ocrx_word' id='word_1_260' title='bbox 1090 4350 1351 4447; x_wconf 82' lang='lat' dir='ltr'>legibus</span> <span class='ocrx_word' id='word_1_261' title='bbox 1386 4352 1926 4438; x_wconf 77' lang='lat' dir='ltr'>adversarentur,</span> <span class='ocrx_word' id='word_1_262' title='bbox 1969 4350 2151 4423; x_wconf 90' lang='lat' dir='ltr'>nulla</span> <span class='ocrx_word' id='word_1_263' title='bbox 2182 4376 2406 4424; x_wconf 89' lang='lat' dir='ltr'>earum</span> <span class='ocrx_word' id='word_1_264' title='bbox 2444 4349 2610 4421; x_wconf 87' lang='lat' dir='ltr'>ratio</span> 
     </span>
    </p>
   </div>
   <div class='ocr_carea' id='block_1_5' title="bbox 2443 4498 2504 4547">
    <p class='ocr_par' dir='ltr' id='par_1_8' title="bbox 2443 4498 2504 4547">
     <span class='ocr_line' id='line_1_36' title="bbox 2443 4498 2504 4547; baseline -0.016 0"><span class='ocrx_word' id='word_1_265' title='bbox 2443 4498 2504 4547; x_wconf 83' lang='lat'>1⁷</span> 
     </span>
    </p>
   </div>
  </div>
 </body>
</html>
