3276 5083
669 437 805 506 11⁰
1038 458 1160 509 m.
1204 459 1250 508 ι.
1294 458 1467 509 sacr.
1513 460 1557 509 1.
1601 460 1680 509 nr
1716 459 1976 510 ιΑτιιιιι.
2010 457 2434 510 stannum.

664 576 750 648 ab
791 575 936 663 illa,
993 603 1197 676 quam
1249 577 1397 676 ipse
1446 579 1883 652 contenderit.
1917 579 2180 652 Etenim
2215 577 2442 651 Canus
2475 574 2619 650 vult
2653 593 2881 675 patres

664 717 818 765 esse
852 691 1111 767 locutos
1145 692 1233 766 de
1266 692 1728 768 benedictione
1761 692 2156 768 sacerdotali
2191 708 2531 792 tamquam
2564 692 2651 765 de
2674 691 2887 766 forma

662 808 1061 880 sacramenti
1110 808 1558 894 matrimonii,
1599 824 1674 881 ut
1706 809 1950 882 exinde
1999 808 2241 880 inferat
2291 832 2422 880 non
2473 807 2682 880 alium
2731 833 2887 881 esse

662 923 1156 1017 agnoscendum
1208 924 1585 996 ministrum
1638 940 1899 1022 praeter
1947 922 2357 996 sacerdotem
2400 947 2480 995 ex
2528 948 2734 996 sensu
2785 948 2888 996 ec-

667 1035 1041 1111 lesiasticae
1087 1037 1528 1139 antiquitatis,
1578 1041 1780 1112 Porro
1825 1055 2047 1138 patres
2080 1038 2166 1111 de
2212 1063 2292 1110 ea
2342 1037 2682 1111 disserunt
2712 1052 2887 1110 tam-

666 1177 867 1251 quam
902 1153 987 1226 de
1019 1153 1398 1228 conditione
1448 1155 1807 1253 requisita,
1848 1171 1921 1226 ut
1953 1153 2264 1253 coniugia
2299 1152 2595 1251 publice,
2635 1178 2758 1225 seu
2814 1153 2885 1223 in

665 1265 837 1341 facie
866 1263 1187 1342 ecclesiae
1219 1268 1711 1342 celebrarentur
1730 1326 1745 1356 ,
1785 1285 1852 1342 et
1883 1295 2019 1368 quo
2051 1267 2512 1343 amoverentur
2542 1266 2886 1340 connubia

666 1381 1084 1457 clandestina
1105 1442 1121 1471 ,
1163 1411 1339 1485 quae
1369 1384 1656 1460 ecclesia
1691 1384 1876 1459 nullo
1901 1410 2034 1459 non
2061 1401 2356 1483 tempore
2388 1383 2719 1456 detestata
2750 1399 2877 1455 est.

670 1498 752 1570 Ut
799 1523 955 1573 vero
1003 1499 1343 1574 efficacius
1396 1499 1631 1574 fideles
1675 1499 2017 1572 allicerent
2049 1499 2135 1571 ad
2169 1524 2316 1572 eam
2351 1496 2888 1572 benedictionem

667 1612 1183 1711 assequendam,
1205 1613 1354 1687 eius
1374 1613 1703 1688 beneficia
1729 1615 2011 1688 summis
2030 1613 2351 1688 extollunt
2373 1611 2714 1698 laudibus,
2735 1638 2887 1686 cum

667 1752 788 1824 per
809 1752 958 1800 eam
984 1726 1277 1825 legitime
1299 1729 1847 1803 contraherentur
1862 1730 2162 1827 nuptiae,
2188 1753 2266 1801 ac
2281 1727 2670 1801 caelestium
2686 1726 2891 1801 bono-

669 1867 816 1914 rum
845 1843 1108 1942 copiam
1150 1844 1279 1942 ipsi
1310 1843 1704 1918 obtinerent.
1741 1847 1947 1919 Nemo
1976 1869 2293 1944 umquam
2311 1868 2392 1915 ex
2413 1842 2500 1915 iis
2524 1840 2892 1941 aliquando

665 1956 771 2030 vel
810 1956 1192 2044 affirmavit,
1233 1957 1337 2032 vel
1374 1959 1593 2034 innuit
1624 1958 1898 2058 quidem
1934 1957 2191 2031 nullum
2227 1972 2714 2031 sacramentum
2765 1956 2895 2029 ha—

662 2071 834 2160 beri,
866 2073 925 2146 si
949 2071 1324 2150 benedictio
1357 2074 1794 2149 sacerdotalis
1821 2072 2139 2159 abfuerit3
2170 2072 2306 2147 imo
2338 2072 2738 2147 contrarium
2764 2071 2893 2145 do·

668 2213 865 2261 cuere
897 2189 1161 2289 quoties
1194 2188 1620 2264 declararunt
1652 2188 2180 2264 benedictionem
2216 2187 2505 2285 bigamis
2537 2185 2887 2284 denegari,

665 2304 830 2402 quin
856 2319 1078 2378 tamen
1104 2304 1208 2378 vel
1227 2305 1458 2380 leviter
1483 2305 1807 2406 suspicati
1828 2305 2071 2378 fuerint
2093 2303 2428 2377 secundas
2452 2318 2521 2375 et
2541 2300 2894 2375 ulteriores

669 2419 946 2517 nuptias
997 2443 1127 2493 non
1178 2445 1332 2494 esse
1378 2445 1534 2495 vere
1582 2437 1649 2494 et
1696 2419 1962 2519 proprie
2013 2432 2451 2492 sacramenta.
2489 2416 2633 2490 Hoc
2666 2417 2894 2515 ipsum

666 2532 1000 2631 colligitur
1046 2535 1150 2609 vel
1201 2563 1282 2610 ex
1331 2562 1443 2625 eo,
1485 2536 1667 2637 quod
1712 2551 1974 2611 constat
2020 2535 2323 2609 eamdem
2357 2531 2892 2607 benedictionem

662 2649 1144 2724 sacerdotalem
1170 2654 1504 2748 nupturis,
1548 2677 1670 2724 seu
1706 2648 2137 2750 sponsalibus
2171 2649 2397 2723 datam
2433 2649 2673 2736 fuisse,
2715 2674 2896 2749 quae

667 2776 844 2833 certe
893 2787 1023 2834 non
1074 2764 1467 2837 conficiebat
1533 2782 2026 2838 sacramentum
2062 2792 2075 2834 :
2147 2779 2437 2837 attamen
2506 2763 2748 2836 docent
2803 2764 2894 2837 ad

668 2878 879 2949 instar
926 2879 1264 2977 sacrileqii
1307 2881 1453 2954 eius
1505 2880 1935 2954 violationem
1971 2907 2011 2954 a
2046 2880 2356 2954 fidelibus
2393 2896 2756 2978 spectatam
2793 2881 2894 2954 fu-

668 2991 828 3066 isse.
878 2993 1230 3091 Propterea
1288 2995 1717 3068 sundamento
1777 2995 2194 3093 antiquitatis
2246 3020 2521 3093 prorsus
2573 2995 2889 3068 destituta

670 3106 1197 3205 deprehenditur
1245 3108 1410 3182 Cani
1463 3110 1816 3183 sententia.

816 3222 1166 3322 Reliquum
1203 3241 1307 3297 est
1338 3241 1411 3298 ut
1443 3241 1662 3299 cetera
1695 3225 2150 3324 expendamus
2185 3223 2603 3309 documenta,
2631 3249 2814 3321 quae
2848 3251 2889 3297 a

669 3339 849 3412 Cani
884 3340 1183 3439 patronis
1226 3340 1485 3413 adiecta
1518 3358 1705 3427 sunt,
1748 3361 2103 3440 postquam
2155 3340 2446 3412 severior
2492 3336 2721 3412 critica
2773 3338 2889 3412 ob—

668 3455 891 3527 tinuit.
922 3456 1088 3527 Nam
1138 3456 1319 3553 quod
1370 3456 1605 3529 attinet
1653 3455 1738 3528 ad
1789 3456 1955 3528 iuris
2005 3454 2310 3528 canonici
2362 3454 2609 3552 peritos
2636 3511 2652 3539 ‚
2710 3480 2886 3553 quos

670 3571 917 3644 rectius
966 3570 1388 3645 scholasticis
1440 3569 1761 3643 iudicium
1805 3570 2040 3643 tulisse
2074 3568 2411 3641 existimat
2442 3568 2668 3641 Canus
2692 3627 2708 3653 ,
2750 3595 2883 3644 non

667 3700 770 3756 est
793 3686 973 3785 quod
1002 3686 1087 3758 de
1113 3684 1282 3785 ipsis
1309 3684 1504 3757 valde
1529 3684 1798 3757 solliciti
1827 3684 2071 3758 simus:
2109 3683 2443 3781 siquidem
2468 3682 2627 3756 dato
2649 3685 2876 3769 etiam,

667 3798 847 3895 quod
898 3802 1048 3900 ipse
1081 3799 1448 3888 contendit,
1481 3800 1843 3900 negarique
1878 3798 2070 3872 facile
2104 3815 2330 3896 posset
2367 3801 2545 3893 (15),
2577 3797 2886 3896 explora-

810 4074 910 4135 (15)
941 4077 1062 4125 Nam
1084 4076 1161 4127 vel
1184 4078 1285 4141 ipsa
1302 4077 1425 4127 ratio
1438 4114 1453 4139 ‚
1474 4089 1600 4140 quae
1616 4074 1681 4126 ab
1703 4074 1916 4137 antiquis
1935 4073 2056 4123 iuris
2073 4072 2293 4123 canonici
2313 4073 2480 4135 peritis
2499 4073 2548 4121 in
2565 4072 2784 4122 medium
2799 4072 2884 4121 ad·

664 4153 933 4203 ducebatur
952 4168 1106 4217 quare
1128 4158 1179 4207 in
1202 4158 1516 4208 matrimonio
1544 4169 1642 4206 non
1674 4155 1951 4206 conteratur
1987 4154 2168 4216 gratia,
2190 4151 2324 4215 quod
2348 4165 2520 4214 nempe
2542 4151 2764 4213 alioquin
2787 4163 2886 4202 non

664 4235 1023 4298 paciscerentur
1043 4237 1208 4299 sponsi
1225 4236 1289 4288 de
1311 4237 1455 4299 dote,
1478 4237 1597 4287 satis
1615 4234 1830 4286 ostendit
1849 4232 1969 4296 quid
1988 4232 2051 4283 de
2071 4245 2239 4282 eorum
2260 4231 2434 4295 peritia
2457 4232 2509 4280 in
2529 4231 2674 4281 rebus
2697 4230 2885 4279 theolo-

664 4315 784 4378 gicis
803 4313 1107 4365 sentiendum
1131 4315 1211 4365 sit.
1234 4318 1397 4366 Canus
1419 4315 1734 4366 nihilominus
1757 4314 1966 4377 praefert
1992 4315 2198 4363 istorum
2230 4311 2569 4362 auctoritatem
2601 4309 2882 4361 auctoritati

663 4393 1063 4446 scholasticorum
1078 4396 1091 4442 2
1108 4394 1219 4445 Dixi
1234 4414 1244 4442 :
1263 4395 1404 4457 quod
1422 4399 1595 4445 Canus
1610 4392 1879 4445 contendit
1894 4393 2055 4456 negari
2071 4393 2214 4444 facile
2228 4393 2406 4453 pomi.
2421 4393 2546 4441 Sane
2557 4389 2736 4440 Bened.
2750 4391 2880 4439 xlv.
