3276 5083
692 427 829 496 188
1074 445 1194 496 un.
1238 443 1285 494 ι.
1327 441 1496 494 ster.
1540 442 1586 491 1.
1629 440 1710 491 ns
1761 437 2021 492 numu.
2062 438 2492 492 sacmumo.

696 563 1091 640 sacramenti
1113 560 1523 635 matrimonii
1548 575 1653 633 est
1674 557 2052 632 contractus
2078 557 2239 630 dum
2266 556 2373 645 fit,
2405 556 2602 632 cuius
2637 560 2920 637 materna

700 694 952 751 remota
986 692 1143 750 sunt
1173 670 1450 774 corpora
1468 731 1484 760 ‚
1533 673 1811 746 materia
1857 674 2159 773 proxima
2200 672 2469 747 traditio
2510 698 2868 774 corporum
2893 734 2912 762 ,

698 794 911 869 forma
936 792 1336 891 acceptatio;
1367 791 1508 888 qu
1537 804 1594 861 te
1618 790 1867 887 accipio
1892 790 1965 861 in
1986 815 2194 861 meam
2203 820 2225 877 ;
2240 787 2462 885 igitur
2486 789 2672 888 prior
2693 809 2918 877 actus,

700 935 836 1010 quo
867 908 1252 982 contractus
1286 904 1431 979 fieri
1468 904 1730 1003 incipit,
1763 904 1867 978 est
1899 904 2176 978 materia
2202 904 2536 1003 proxima,
2561 905 2787 980 -forma
2821 933 2924 981 se-

701 1024 961 1099 cundus
996 1037 1217 1109 actuS,
1244 1045 1381 1120 quo
1413 1018 1803 1094 contractus
1819 1019 2216 1119 completur,
2247 1034 2424 1119 quae
2447 1036 2552 1094 est
2576 1020 2744 1094 illud
2774 1049 2924 1097 ver—

702 1139 860 1210 bum·
875 1136 1048 1236 quod
1068 1134 1374 1208 accedens
1398 1132 1489 1206 ad
1512 1134 1889 1206 elementum
1909 1135 2076 1232 facit
2095 1149 2593 1212 sacramentum.
2630 1138 2706 1208 ln
2732 1138 2917 1210 omni

696 1253 875 1327 enim
926 1267 1268 1326 contractu
1316 1248 1510 1322 adest
1556 1274 1679 1322 seu
1728 1249 2076 1322 intervenit
2123 1248 2393 1323 traditio
2414 1307 2431 1335 ‚
2478 1250 2585 1325 vel
2635 1276 2915 1327 conces-

698 1368 834 1456 sio,
873 1384 941 1441 et
977 1364 1341 1466 acceptatio
1376 1364 1567 1437 iuris.
1615 1362 1774 1436 Ideo
1806 1364 2101 1438 diximus
2132 1366 2479 1437 materiam
2514 1369 2918 1442 sacramenti

697 1482 1101 1559 matrimonii
1152 1507 1305 1555 esse
1356 1493 1763 1554 contractum
1814 1478 1970 1551 dum
2018 1478 2123 1579 fit,
2175 1504 2296 1552 seu
2345 1480 2415 1551 in
2465 1496 2621 1553 actu
2671 1508 2807 1581 quo
2855 1498 2919 1556 et

700 1624 824 1697 per
845 1622 1046 1696 quem
1073 1596 1172 1670 fit.
1201 1597 1482 1694 Nempe,
1516 1593 1698 1694 quod
1731 1593 1803 1665 in
1839 1594 2016 1668 idem
2042 1593 2311 1668 recidit:
2342 1609 2458 1668 aut
2496 1595 2781 1671 habetur
2806 1624 2920 1672 sa·-

698 1725 1106 1787 cramentum
1138 1725 1218 1783 -et
1260 1709 1547 1782 habetur
1584 1725 1996 1797 contractus,
2036 1726 2155 1784 aut
2193 1736 2328 1784 non
2372 1710 2653 1785 habetur
2689 1738 2917 1786 sacra-

699 1844 1028 1912 mentum,
1075 1851 1198 1899 nec
1230 1824 1516 1900 habetur
1548 1841 1952 1912 contractuS,
1977 1851 2056 1898 ex
2081 1851 2218 1926 quo
2243 1826 2503 1924 exurgit
2533 1846 2915 1902 sacramen—

698 1961 878 2032 tum,
920 1968 1042 2017 seu
1076 1967 1209 2015 non
1244 1957 1346 2016 est
1379 1956 1758 2015 contractus
1791 1940 1906 2015 ille
1925 1937 2238 2016 formalis
2279 1938 2505 2041 qualis
2553 1943 2913 2043 requiritur

699 2060 786 2135 ad
835 2070 1350 2133 sacramentum.

747 2168 750 2173 ”
839 2174 910 2247 Si
944 2168 1376 2249 consulamus
1408 2196 1567 2247 vero
1600 2172 1924 2264 ecclesiae
1945 2173 2313 2247 doctrinam
2334 2231 2349 2262 ,
2382 2200 2465 2249 eo
2497 2176 2714 2273 magis
2748 2175 2917 2249 haec

703 2284 953 2366 veritas
988 2287 1511 2364 confirmabitur.
1553 2288 1814 2362 Etenim
1849 2314 1928 2364 eo
1962 2289 2114 2388 ipso
2146 2284 2327 2389 quod
2362 2290 2654 2365 ecclesia
2674 2281 2909 2377 docet,

703 2431 978 2481 causam
1028 2404 1423 2478 efficientem
1475 2404 1915 2492 matrimonii,
1963 2421 2040 2478 ut
2086 2406 2381 2505 loquitur
2419 2407 2766 2504 Eugenius
2804 2407 2905 2478 lv.

702 2526 786 2596 in·
814 2521 1080 2595 decreto
1122 2546 1242 2620 pro
1284 2519 1626 2607 Armenis,
1674 2519 2062 2619 regulariter
2097 2548 2252 2596 esse
2291 2512 2594 2595 mutuum
2635 2547 2915 2597 consen-

700 2655 855 2726 sum
914 2660 1037 2735 per
1089 2634 1295 2707 verba
1353 2634 1437 2708 de
1486 2635 1821 2733 praesenti
1880 2629 2272 2736 expressum
2296 2695 2312 2723 ,
2372 2636 2727 2738 patefacit,
2783 2663 2911 2712 non

699 2769 902 2852 poes‘e
935 2743 1167 2821 haberi
1202 2766 1692 2822 sacramentum
1729 2749 1877 2823 sine
1908 2768 2249 2826 contractu
2269 2811 2284 2840 ,
2327 2769 2392 2828 et
2421 2752 2722 2827 vicissim
2766 2751 2915 2826 nul-

695 2866 834 2936 lum
862 2862 1093 2935 haberi
1118 2879 1527 2936 contractum
1550 2862 1667 2936 ubi
1696 2889 1830 2937 non
1854 2882 2497 2955 estsacramentum,
2522 2891 2677 2941 cum
2695 2867 2914 2941 matri·

700 2979 1001 3053 monium
1029 2978 1117 3052 sit
1139 2977 1285 3079 ipse
1311 2971 1649 3076 legitimus
1689 2973 2068 3055 contractus
2095 3040 2110 3070 ,
2143 2983 2260 3084 qui
2288 2983 2501 3081 gratia
2531 2983 2903 3056 instruitur.

737 3145 742 3148 -
845 3094 1038 3181 Quod
1095 3093 1478 3194 expendens
1527 3089 1946 3195 Van-Espen
1968 3154 1983 3183 ,
2040 3114 2269 3172 auctor
2325 3097 2622 3198 profecto
2676 3098 2912 3174 adver·

695 3211 892 3285 sariis
942 3229 1075 3285 non
1128 3226 1479 3310 suspectus
1507 3268 1522 3297 ,
1583 3201 1855 3285 scribit:
1909 3242 1945 3282 α
1977 3212 2196 3288 Causa
2247 3215 2453 3313 igitur
2498 3213 2799 3289 efficiens
2846 3228 2913 3288 et

697 3325 1051 3428 perficiens
1110 3330 1602 3408 matrimonium
1665 3346 1774 3404 est
1827 3346 2097 3404 mutuus
2155 3331 2686 3406 contrahentium
2755 3317 2914 3406 con-

698 3432 946 3519 sensus
971 3502 988 3530 ,
1053 3457 1121 3517 et
1180 3445 1355 3518 sicut
1412 3445 1757 3545 sponsalia
1813 3444 1899 3520 de
1955 3446 2175 3520 futuro
2231 3433 2713 3522 contrahuntur
2770 3445 2913 3521 solo

699 3583 1032 3635 consensu
1091 3559 1161 3630 in
1213 3560 1483 3659 nuptias
1541 3560 1801 3635 futuras
1828 3619 1843 3647 ‚
1896 3560 1993 3634 ita
2042 3561 2538 3635 matrimonium
2586 3586 2709 3661 per
2756 3586 2915 3635 oon-

700 3697 976 3749 sensum
1028 3675 1113 3748 de
1155 3665 1494 3774 praesenti
1543 3675 1612 3746 in
1665 3665 2326 3776 nuptias'perficitur
2373 3678 2556 3750 iuxta
2614 3675 2911 3774 regulam

698 3789 903 3863 iuris:
961 3793 1226 3889 nuptias
1284 3817 1411 3862 non
1470 3791 1841 3863 concubitus
1896 3790 2010 3864 sed
2067 3783 2408 3864 consensus
2468 3791 2655 3890 facit.
2722 3781 2912 3862 Unde

699 3891 996 4003 pontifex
1039 3905 1504 4000 (Innocentius
1540 3905 1709 4001 111.)
1751 3906 1822 3978 in
1855 3932 2006 4006 cap.
2053 3908 2168 3978 23.
2205 3907 2287 3979 X.
2330 3908 2426 3979 Dc
2457 3904 2900 4005 sponsalibus,

697 4035 1035 4118 tamquam
1073 4020 1521 4095 indubitatum
1548 4022 2050 4095 fundamentum
2077 4021 2392 4109 assumit,
2426 4021 2609 4122 quod
2633 4009 2911 4122 sufficiat

698 4132 788 4206 ad
834 4137 1319 4208 matrimonium
1355 4138 1530 4210 solus
1570 4162 1909 4210 consensus
1953 4135 2248 4221 illorum,
2294 4136 2373 4209 de
2406 4161 2718 4235 quorum,
2750 4150 2916 4235 quai

695 4275 961 4358 rumque
988 4250 1538 4325 coniunctionibus
1554 4254 1776 4362 aqitur
1796 4254 1860 4347 (1
1877 4252 1974 4345 2).
1991 4281 2025 4321 »
2049 4252 2172 4349 Agi
2197 4277 2354 4328 vero
2380 4252 2464 4327 de
2490 4250 2909 4326 matrimonio

705 4377 710 4382 ’
843 4379 946 4446 (12)
977 4384 1075 4433 Ius
1097 4381 1274 4434 eccles.
1308 4386 1454 4435 univ:
1479 4397 1583 4449 par
1604 4386 1666 4435 11.
1683 4383 1760 4435 tit.
1781 4385 1888 4434 ΧΠ.
1912 4397 2020 4450 cap.
2036 4387 2121 4436 lv.
2146 4398 2195 4435 n.
2215 4390 2259 4436 7.
