3276 5083
818 501 1070 553 mavi.
1096 501 1175 553 ns
1209 499 1411 554 matr.
1445 501 1671 555 com.
1705 500 1783 553 ιτ
1815 501 1990 554 saca.
2015 503 2156 554 mr.
2181 503 2252 555 n.
2505 483 2643 554 197

572 621 685 694 Sic
730 620 933 694 etiam
976 617 1234 693 Natalis
1281 618 1657 692 Alexander
1677 676 1693 707 ‚
1733 618 1852 719 qui
1889 644 2041 693 cum
2077 621 2482 697 ostendisset
2514 622 2655 723 pol·

425 737 569 811 lere
591 734 946 810 ecclesiam
973 748 1301 833 potestate
1327 760 1460 808 non
1487 734 1687 808 modo
1713 734 2144 834 prohibendi,
2182 761 2414 809 verum
2449 738 2651 811 etiam

428 852 733 927 irritandi
770 849 1084 948 coniugia
1107 847 1537 929 ‚clandestina
1561 907 1578 935 ,
1620 850 1799 923 hanc
1832 850 2055 925 attulit
2087 850 2436 926 rationem:
2474 853 2652 929 «Ec-

424 969 675 1044 clesiae
711 966 968 1041 scilicet
998 965 1487 1065 dispensationi
1524 966 2022 1040 matrimonium
2060 967 2395 1056 subiacet,
2429 984 2657 1068 quate-

421 1111 548 1158 nus
596 1097 962 1156 contractus
1002 1096 1097 1155 cst
1137 1081 1228 1155 ad
1264 1084 1660 1155 sacramenti
1705 1081 2093 1180 diqnitatem
2142 1099 2393 1157 evectus
2418 1087 2648 1180 (19).»

567 1197 944 1271 Ludovicus
995 1194 1280 1283 Haben,
1349 1222 1502 1270 cum
1554 1196 1807 1295 pariter
1868 1199 2222 1297 utriusque
2284 1199 2656 1273 sententiae

421 1311 862 1386 fundamenta
906 1310 1332 1409 exposuerit,
1373 1309 1506 1383 sibi
1543 1310 1777 1384 obiicit
1808 1310 2195 1385 adhaerenti
2231 1312 2533 1411 opinioni
2567 1313 2655 1387 de

423 1426 774 1502 sacerdote
820 1425 1130 1499 ministro
1154 1482 1170 1512 ,
1210 1425 1328 1525 qui
1362 1423 1789 1499 bendictione
1839 1426 2239 1525 pronunciat
2268 1427 2475 1501 verba
2518 1428 2652 1505 for-

423 1569 611 1617 mae:
654 1541 874 1639 «Ergo
895 1598 912 1629 ‚
968 1539 1242 1640 inquies
1264 1597 1280 1628 ,
1346 1540 1537 1640 prius
1586 1541 1952 1640 perfectum
2004 1557 2108 1615 est
2155 1543 2650 1618 matrimonium

422 1658 493 1730 in
528 1658 783 1731 ratione
814 1670 1198 1730 contractus
1233 1654 1451 1729 civilis
1478 1714 1494 1743 ,
1535 1682 1741 1755 quam
1779 1656 1850 1728 in
1877 1655 2133 1730 ratione
2167 1658 2645 1733 sacramenti.»

419 1771 806 1872 Respondet
853 1785 1115 1844 autem:
1168 1800 1202 1839 α
1236 1771 1495 1869 Negant
1536 1769 1883 1870 sequelam
1924 1771 2188 1870 patroni
2238 1771 2445 1847 huius
2495 1799 2651 1848 sen-

419 1889 699 1976 tentiae,
731 1886 895 1988 quia
927 1886 1396 1960 contrahentes
1430 1912 1840 1961 consensum
1875 1913 2074 1961 suum
2111 1885 2348 1962 nolunt
2380 1887 2646 1962 firmum

417 2001 601 2089 fieri,
659 2001 796 2076 nisi
846 2026 998 2075 cum
1034 1998 1122 2073 ab
1155 1998 1442 2074 ecclesia
1488 1999 1691 2073 fuerit
1736 2017 2121 2101 acceptatus
2148 2058 2165 2089 ‚
2221 2018 2647 2102 mentemque

417 2142 617 2192 suam
677 2115 1015 2216 explicant
1078 2113 1381 2215 exemplo
1430 2114 1714 2190 aliorum
1781 2131 2239 2190 contractuum
2263 2173 2280 2201 ‚
2336 2115 2424 2189 ad
2474 2140 2647 2215 quos

423 2232 575 2330 lege
607 2232 931 2334 principis
975 2230 1340 2331 requiritur
1372 2229 1603 2329 aliqua
1637 2229 2072 2305 solemnitas:
2119 2230 2433 2329 praevius
2466 2230 2646 2305 enim

422 2347 955 2423 contrahentium
989 2371 1364 2422 consensus
1391 2402 1408 2433 ‚
1446 2370 1514 2418 v.
1549 2371 1651 2443 gr.
1686 2346 1771 2420 de
1797 2345 2010 2421 fundo
2034 2345 2260 2444 aliquo
2292 2344 2647 2421 vendendo

419 2479 489 2537 et
522 2464 801 2538 emendo
825 2521 842 2552 ‚
882 2488 1014 2537 non
1051 2460 1255 2536 habet
1302 2486 1502 2534 suum
1554 2460 1761 2534 robur
1792 2476 1860 2535 et
1888 2460 2025 2535 vim
2060 2475 2440 2535 contractus
2465 2518 2481 2548 ,
2522 2459 2645 2536 do-

415 2605 542 2654 nec
592 2578 680 2653 ab
729 2579 1029 2654 actuario
1077 2575 1278 2652 fuerit
1326 2576 1749 2677 conscriptus
1808 2593 1875 2651 et
1932 2576 2367 2676 consignatus
2409 2579 2637 2675 (20).»

416 2695 515 2768 Ex
563 2693 817 2795 quihus
865 2708 1050 2792 patet
1097 2707 1434 2766 auctorem
1485 2693 1705 2780 hunc,
1746 2693 1855 2767 cui
1892 2693 2064 2767 bene
2097 2709 2452 2792 perspecta
2501 2710 2646 2768 erat

416 2810 582 2885 Cani
607 2811 895 2909 eiusque
917 2823 1350 2908 patronorum
1387 2808 1744 2895 sententia,
1778 2808 2194 2894 declarasse,
2227 2808 2452 2909 quoad
2489 2835 2635 2897 eos,

416 2925 534 3025 qui
583 2923 1030 3010 contrahunt,
1072 2938 1226 2997 ante
1260 2923 1628 2997 sacerdotis
1678 2922 2207 2997 benedictionem
2234 2980 2250 3011 ‚
2308 2923 2643 2999 matrimo-

417 3040 605 3114 nium
658 3039 917 3113 nullum
970 3038 1174 3113 robur
1222 3064 1303 3112 ac
1351 3036 1733 3112 firmitatem
1783 3037 2121 3124 obtinere,
2178 3037 2382 3112 etiam
2424 3036 2496 3110 in
2530 3064 2639 3112 ra·-

417 3155 595 3229 tione
636 3153 1014 3229 contractus
1043 3210 1059 3241 ,
1102 3153 1224 3227 sed
1259 3152 1477 3227 solum
1513 3152 1583 3224 in
1618 3167 1774 3226 actu
1792 3210 1808 3239 ,
1848 3177 1984 3252 quo
2032 3151 2530 3227 matrimonium
2566 3153 2641 3228 fit

417 3285 907 3344 sacramentum
959 3294 1082 3368 per
1130 3267 1662 3341 benedictionem
1713 3266 2191 3342 sacerdotalem
2212 3324 2228 3352 ,
2286 3265 2451 3339 illud
2502 3267 2636 3341 vim

415 3383 805 3484 acquirere,·
861 3383 1165 3482 adeoque
1213 3381 1445 3481 perfici
1496 3407 1633 3454 una
1683 3379 1928 3468 simul,
1968 3397 2034 3455 et
2067 3380 2136 3453 in
2172 3381 2427 3455 ratione
2476 3399 2637 3455 con-

418 3515 669 3572 tractus
716 3515 784 3572 et
832 3500 902 3571 in
954 3499 1211 3572 ratione
1260 3496 1684 3570 sacramenti.

564 3615 703 3688 Imo
753 3613 1033 3688 ulterius
1084 3611 1642 3713 progrediuntur;
1685 3611 2023 3712 siquidem
2073 3613 2275 3685 etiam
2311 3611 2381 3683 in
2416 3610 2635 3712 hypo-

415 3726 620 3815 thesi,
673 3725 852 3828 quod
884 3729 952 3801 vi
987 3727 1220 3802 emissi
1256 3751 1628 3801 consensus
1664 3740 1813 3800 ante
1850 3724 2377 3799 benedictionem
2413 3751 2634 3800 sacer—

413 3842 594 3918 dotis
640 3845 922 3918 existere
971 3842 1252 3942 incipiat
1299 3841 1795 3916 matrimonium
1821 3841 1890 3913 in
1921 3840 2179 3914 ratione
2212 3854 2627 3927 contractus,

414 3975 634 4032 tamen
684 3975 933 4059 negant
971 3973 1124 4057 post
1169 3958 1395 4032 datam
1431 3983 1473 4031 a
1507 3955 1857 4030 sacerdote
1903 3955 2436 4030 benedictionem
2482 3981 2635 4055 per-

410 4101 680 4150 manere
726 4074 1224 4149 matrimonium
1277 4072 1405 4147 sub
1458 4071 1711 4146 ratione
1760 4087 2139 4146 contractus
2162 4129 2179 4159 ,
2220 4071 2363 4145 sive
2412 4071 2632 4145 civilis

552 4299 656 4363 (ta)
687 4298 860 4350 Thcol.
884 4297 1115 4363 aequat.
1140 4297 1329 4350 moral.
1360 4301 1437 4351 De
1471 4308 1699 4350 sacram.
1722 4296 1955 4349 maen-tm
1979 4309 2089 4363 cap.
2111 4298 2177 4348 11.
2198 4297 2293 4348 art.
2327 4303 2373 4349 2.
2405 4296 2482 4346 Dc
2512 4304 2633 4345 con·

405 4391 561 4431 sensu
581 4378 762 4431 claud.
787 4392 928 4443 prop.
947 4385 994 4429 2.

552 4459 656 4524 (2⁰)
684 4462 759 4512 Dc
779 4461 927 4513 matr.
944 4472 1052 4524 cap.
1072 4460 1156 4509 lv.
