3276 5083
793 454 933 503 ου».
965 452 1060 502 111.
1097 452 1175 502 ns
1210 452 1471 502 turma.
1506 451 1733 502 civius
1769 449 1948 501 tros.
1984 452 2123 501 aar.
2152 451 2220 500 u.
2477 431 2612 500 303

552 576 618 644 3.
678 569 800 644 Ast
844 596 978 642 non
1030 569 1243 642 solum
1290 569 1359 640 in
1412 567 1706 641 solidum
1757 593 1905 641 reos
1941 594 2016 641 se
2051 566 2341 640 reddunt
2388 594 2618 641 omnes

405 690 553 761 eius
582 687 750 785 legis
778 685 989 785 aperti
1017 701 1428 783 promotores
1467 685 1897 783 fautoresque
1921 683 2009 757 ob
2045 684 2434 758 huiusmodi
2468 711 2618 781 gra-

405 804 752 877 vissimam
819 799 1421 897 transgressionem
1454 856 1470 885 ,
1543 824 1772 871 verum
1841 799 2040 871 etiam
2093 799 2179 872 ob
2229 799 2454 872 omnia
2504 798 2621 872 illa

409 918 724 1003 crimina,
767 941 944 1016 quae
972 916 1039 986 in
1068 930 1249 987 statu
1275 913 1641 988 habitualis
1677 914 2159 988 concubinatus
2185 939 2225 986 a
2252 913 2427 987 fictis
2463 940 2621 987 con—

413 1034 680 1130 iugibus
729 1047 1222 1132 perpetrantur,
1279 1031 1832 1130 quotiescumque
1881 1031 2060 1104 civili
2096 1030 2245 1127 lege
2280 1030 2428 1103 freti
2479 1040 2621 1103 ma-

415 1148 722 1222 trimonio
765 1163 1067 1220 utuntur.
1119 1147 1284 1218 Nam
1337 1161 1608 1244 peccata
1659 1145 1827 1219 haec
1885 1149 2109 1219 omnia
2160 1144 2411 1218 exitiali
2464 1145 2623 1217 huic

407 1264 589 1361 legi,
646 1290 726 1337 ac
775 1262 1054 1363 proinde
1122 1260 1505 1335 auctoribus
1557 1278 1624 1334 et
1679 1261 2047 1335 fautoribus
2097 1261 2269 1359 legis
2318 1260 2619 1334 eiusdem

409 1377 700 1453 adscribi
736 1378 935 1451 etiam
970 1375 1237 1449 debent.
1279 1376 1530 1475 Ecquis
1577 1391 1797 1449 autem
1842 1376 2009 1449 haec
2049 1375 2473 1449 dinumerare
2505 1401 2621 1448 va·-

412 1491 586 1566 leat?
621 1493 851 1593 Neque
887 1492 952 1564 id
989 1492 1101 1565 his
1135 1491 1524 1565 bominibus
1582 1493 1892 1590 ignorare
1939 1493 2042 1565 fas
2093 1509 2233 1578 est3
2288 1490 2620 1592 siquidem

413 1608 531 1707 qui
584 1608 831 1708 optime
889 1624 1134 1681 norunt
1194 1607 1610 1705 coniugalem
1679 1622 2086 1680 contractum
2137 1632 2316 1680 mere
2363 1606 2621 1679 civilem

414 1724 480 1794 in
534 1722 985 1797 conscientiae
1028 1722 1168 1795 soro
1208 1719 1460 1794 nullius
1505 1722 1774 1819 penitus
1811 1747 1962 1794 esse
1996 1720 2277 1808 valoris,
2320 1721 2624 1821 adeoque

412 1838 701 1912 scientes
763 1836 1358 1936 volentesque'his
1407 1836 1721 1910 omnibus
1789 1835 2078 1936 peccatis
2137 1862 2290 1909 sese
2346 1852 2627 1909 onerant

414 1980 635 2027 coram
686 1953 828 2026 Deo
862 2011 877 2038 ,
935 1952 1051 2051 qui
1103 1976 1218 2024 eos
1270 1952 1338 2022 in
1394 1951 1713 2024 iudicium
1762 1950 2050 2025 vocabit.

562 2070 626 2139 4.
683 2068 988 2166 Denique
1025 2093 1174 2140 reos
1209 2093 1361 2139 esse
1395 2083 1724 2167 quotquot
1759 2066 1930 2140 alios
1966 2066 2254 2139 evidenti
2301 2065 2625 2138 obiiciunt

414 2180 713 2280 periculo
762 2182 1146 2254 incurrendi
1195 2198 1536 2254 aeternum
1587 2181 1898 2268 exitium,
1940 2182 2051 2254 vix
2090 2179 2479 2279 probatione
2530 2180 2626 2250 in-

419 2295 624 2393 diget.
684 2296 860 2369 Satis
911 2314 1013 2370 est
1060 2297 1238 2370 enim
1306 2297 1504 2369 fidem
1572 2323 1836 2369 omnem
1890 2323 2018 2369 non
2071 2296 2370 2379 eiurasse
2426 2309 2626 2393 atque

419 2411 791 2499 abiecisse,
847 2427 921 2484 ut
969 2439 1088 2511 per
1136 2438 1211 2485 se
1261 2412 1551 2512 quisque
1600 2412 1964 2509 intelligat,
2021 2438 2211 2499 eum,
2252 2411 2370 2510 qui
2406 2409 2627 2510 proxi-

419 2555 603 2601 mum
656 2555 853 2602 suum
896 2528 1186 2602 evidenti
1224 2527 1521 2628 periculo
1556 2528 1780 2603 sciens
1812 2528 2180 2628 volensque
2214 2526 2485 2628 exponit
2516 2553 2629 2599 ae-

414 2660 642 2718 ternae
691 2645 1142 2718 damnationis
1177 2703 1191 2732 ,
1249 2644 1649 2743 gravissimo
1701 2644 1950 2719 scelere
2001 2672 2151 2718 sese
2201 2644 2521 2743 polluere.

554 2761 696 2835 Hoc
745 2788 902 2835 vero
952 2762 1321 2861 periculum
1374 2762 1633 2836 evidens
1669 2761 1997 2849 diximus,
2040 2762 2243 2860 idque
2277 2758 2622 2859 multiplici

412 2865 494 2949 ex
528 2879 770 2977 capite.
813 2880 980 2950 Nam
1024 2880 1093 2950 in
1131 2896 1315 2952 tanta
1350 2879 1599 2953 civium
1638 2877 2066 2951 multitudine
2102 2877 2328 2976 plures
2364 2900 2629 2974 semper

413 3008 574 3063 sunt
609 2993 675 3062 in
712 3018 908 3064 omne
944 2993 1191 3065 malum
1235 2994 1562 3093 proclives
1587 3052 1602 3080 ‚
1645 2994 1998 3091 omnisque
2036 3017 2311 3091 prorsus
2348 2991 2626 3091 pudoris

416 3121 756 3203 experteS,
817 3106 935 3203 qui
987 3106 1327 3202 religionis
1381 3109 1772 3208 proculcant
1820 3124 2207 3208 praecepta,
2246 3108 2343 3179 uti
2388 3106 2627 3206 quovis

415 3237 708 3319 tempore
742 3236 809 3293 et
841 3220 1094 3320 ubique
1144 3220 1436 3295 locorum
1489 3223 1699 3296 tristis
1751 3223 2157 3322 experientia
2193 3248 2315 3294 nos
2365 3220 2618 3293 edocet.

413 3339 666 3411 Horum
724 3363 1041 3411 numerus
1091 3336 1335 3409 mirum
1373 3337 1442 3409 in
1480 3338 1749 3410 modum
1799 3338 2039 3411 crescit
2062 3394 2078 3423 ‚
2118 3363 2326 3436 quum
2362 3335 2627 3435 publica

417 3452 790 3551 praevalet,
832 3452 1351 3551 dominaturque
1400 3452 1632 3551 opinio
1686 3451 1772 3524 de
1823 3451 2377 3524 indifferentismo
2427 3467 2629 3548 atque

415 3568 871 3642 incredulitate
913 3570 981 3641 in
1030 3568 1370 3666 religionis
1423 3568 1688 3666 negotio
1740 3584 2078 3667 tamquam
2114 3564 2482 3668 detsaeculi
2533 3565 2629 3637 ci-

412 3682 703 3783 vilisque
769 3684 988 3757 cultus
1059 3710 1418 3783 progressu
1462 3714 1477 3772 ;
1544 3712 1754 3784 quum
1813 3685 1859 3756 ii
1904 3740 1918 3770 ‚
1976 3684 2092 3783 qui
2153 3681 2465 3782 publicae
2532 3681 2622 3753 rei

414 3797 674 3871 clavum
730 3814 1013 3872 tractant
1046 3799 1219 3874 sacto
1261 3801 1408 3900 ipso
1458 3826 1606 3872 eam
1658 3800 2040 3899 opinionem
2092 3799 2487 3872 confirmant
2521 3822 2629 3870 so-

416 3913 796 4012 lidantque,
838 3938 1047 4011 seque
1091 3913 1369 3989 hostiles
1421 3915 1722 4012 religioni
1788 3914 2006 3988 modis
2067 3914 2380 3987 omnibus
2437 3938 2631 4012 prae-

414 4029 612 4116 bent;
644 4055 854 4128 quum
879 4030 1247 4116 emissarii,
1281 4057 1450 4129 quos
1476 4046 1740 4116 vocant,
1775 4046 2107 4103 sectarum
2133 4056 2371 4103 nervos
2396 4055 2628 4102 omnes

416 4143 827 4217 christianae
864 4142 1023 4216 fidei
1050 4144 1118 4215 in
1145 4144 1413 4243 populis
1450 4144 1837 4244 praecidere
1873 4146 2301 4218 connituntur
2328 4143 2628 4216 iniicien-

419 4274 518 4331 tes
569 4275 997 4359 serentesque
1047 4258 1377 4358 principia
1401 4318 1416 4345 ,
1457 4285 1631 4358 quae
1668 4286 1939 4333 sensum
1979 4258 2361 4357 religiosum
2413 4275 2628 4331 exter-

418 4371 710 4462 minant,
751 4392 865 4449 aut
907 4375 1336 4471 extinguunt,
1395 4392 1592 4474 prout
1640 4391 1853 4449 aetate
1905 4376 2033 4450 hac
2083 4392 2308 4449 nostra
2345 4374 2485 4448 fieri
2525 4372 2626 4446 lu*-
