3276 5083
512 424 651 473 car.
683 423 772 474 ιν.
806 421 885 471 nr.
912 421 1148 471 Anauni.
1184 420 1299 470 rao
1334 419 1492 470 isan
1527 419 1606 469 ns
1643 419 1832 470 nra.
1865 418 1994 469 civ.
2027 418 2167 469 uir.
2194 418 2289 469 111.
2402 397 2537 467 429

310 542 579 616 licitum
607 599 623 628 ,
691 539 877 614 aliud
937 564 1095 613 vero
1143 564 1298 612 esse
1358 536 1655 613 validum
1705 553 1821 611 aut
1869 534 2264 611 invalidum.
2327 536 2547 623 Quae-

316 657 562 731 stionis
615 655 948 728 obiectum
997 653 1279 727 vertitur
1327 654 1507 726 circa
1554 650 1971 725 validitatem
2009 665 2126 722 aut
2166 649 2550 726 invalidita-

320 789 458 846 tem
498 770 911 844 matrimonii
947 794 1118 868 pure
1154 767 1397 843 civilis.
1440 766 1749 841 Ecclesia
1783 764 2117 840 catholica
2149 763 2348 841 docet
2380 766 2550 840 illud

318 911 478 959 esse
522 910 802 985 prorsus
857 882 1227 956 invalidum
1288 882 1405 955 ubi
1459 881 1893 955 tridentinum
1946 881 2284 956 decretum
2334 879 2554 981 publi-

317 1017 547 1074 catum
598 1016 725 1073 est.

471 1114 637 1188 Cum
675 1114 1066 1188 canonistae
1100 1113 1521 1210 distinguunt
1554 1111 2053 1184 matrimonium
2090 1136 2323 1184 verum
2351 1135 2430 1183 ac
2467 1109 2556 1183 le-

321 1230 632 1329 gitimum
686 1255 727 1303 a
779 1230 1201 1304 matrimonio
1262 1244 1406 1301 rato
1437 1285 1456 1312 ,
1516 1228 1693 1300 hanc
1742 1226 2243 1301 distinctionem
2296 1243 2556 1327 ponunt

322 1346 413 1420 ad
466 1362 755 1420 mentem
807 1344 1178 1419 Innocentii
1223 1345 1342 1417 111.
1394 1344 1511 1443 qui
1556 1343 1826 1416 vocavit
1873 1341 2301 1416 matrimonia
2348 1367 2509 1417 vera
2533 1400 2550 1429 ,

328 1460 635 1561 adeoque
684 1459 982 1558 legitima
1018 1518 1032 1547 ‚
1088 1485 1262 1558 quae
1296 1458 1383 1532 ab
1418 1458 1792 1558 infidelibus
1842 1457 2364 1545 contrahuntur;
2405 1472 2559 1531 rota

326 1593 550 1663 autem
575 1575 992 1675 nuncupavit
1015 1575 1445 1649 matrimonia
1467 1574 1799 1673 fidelium,
1833 1574 1997 1672 quia
2022 1589 2180 1647 sunt
2212 1589 2560 1673 praeterea

327 1707 772 1766 sacramenta.
832 1691 932 1764 Ex
983 1717 1120 1790 quo
1174 1690 1505 1789 principio
1563 1688 1893 1762 inserebat
1939 1687 2236 1789 pontifex
2286 1689 2559 1789 sapien-

330 1807 669 1894 tissimus,
702 1806 1131 1881 matrimonia
1165 1804 1544 1879 infidelium
1585 1819 1813 1904 utpote
1848 1818 2108 1877 tantum
2142 1830 2321 1888 vero,
2355 1829 2561 1904 posse

328 1920 612 1995 dissolvi
657 1946 779 2019 per
828 1919 1217 2024 alterutrius
1268 1918 1580 2014 coniugis
1624 1918 2132 1993 conversionem
2167 1916 2253 1990 ad
2290 1916 2562 2016 religio-

333 2059 491 2107 nem
541 2032 1029 2118 christianam;
1086 2048 1318 2104 contra
1363 2056 1522 2104 vero
1572 2033 2002 2105 matrimonia
2052 2031 2352 2104 fidelium
2402 2057 2563 2105 con-

336 2162 674 2222 summata
695 2204 712 2235 ,
742 2162 972 2246 utpote
1000 2160 1421 2220 sacramenta
1439 2201 1454 2231 ,
1499 2143 1683 2218 nullo
1715 2162 2040 2245 umquam
2067 2145 2137 2216 in
2163 2169 2331 2219 casu
2358 2171 2563 2244 posse

336 2262 618 2337 dissolvi
662 2265 890 2358 (114).

481 2377 742 2451 Exinde
798 2392 1031 2476 patet,
1090 2376 1440 2450 ecclesiam
1504 2392 1729 2449 tenere
1791 2376 2066 2475 quidem
2118 2377 2213 2449 uti
2265 2374 2565 2448 validum

339 2493 844 2570 matrimonium
894 2519 1119 2567 verum
1168 2519 1289 2567 seu
1342 2492 1715 2592 legitimum
1782 2492 1954 2567 inter
2017 2489 2327 2566 infideles
2361 2550 2377 2579 ‚
2436 2492 2565 2566 etsi

340 2636 472 2683 non
521 2625 776 2696 ratum;
815 2608 1092 2682 minime
1125 2634 1287 2683 vero
1324 2608 1824 2682 matrimonium
1870 2606 2196 2695 fidelium,
2237 2606 2420 2707 quod
2444 2665 2461 2694 ‚
2502 2606 2565 2682 si

338 2749 572 2799 verum
623 2750 703 2798 ac
752 2723 1126 2822 legitimum
1180 2724 1318 2810 sit,
1376 2749 1456 2797 eo
1506 2723 1661 2823 ipso
1708 2739 1813 2798 est
1858 2738 2102 2796 ratum.

486 2838 668 2925 Quid
719 2838 1041 2912 traditum
1094 2839 1232 2924 sit,
1290 2853 1406 2912 aut
1452 2837 1822 2912 etiamnum
1876 2837 2174 2911 tradatur
2211 2837 2285 2910 in
2335 2837 2570 2911 acade-

345 2952 482 3026 mia
523 2954 895 3027 taurinensi
930 2954 1017 3028 de
1052 2955 1195 3027 iure
1229 2954 1555 3028 canonico
1579 2951 1783 3053 plane
1818 2954 2077 3052 ignoro.
2127 2952 2302 3026 lllud
2345 2969 2570 3026 tamen

345 3067 501 3141 novi
528 3093 660 3141 non
686 3093 920 3143 omnes
948 3070 1362 3168 professores
1392 3069 1569 3144 hanc
1603 3070 1890 3145 eandem
1926 3069 2291 3144 tradidisse
2322 3069 2574 3143 doctri-

348 3207 503 3254 nam
528 3238 544 3268 ,
596 3206 718 3255 nec
755 3181 885 3254 nisi
938 3208 982 3254 a
1029 3183 1440 3282 quibusdam
1482 3184 1667 3259 sedis
1709 3184 2121 3284 apostolicae
2169 3179 2572 3257 adversariis

349 3322 427 3370 ac
478 3297 911 3371 iansenianae
952 3296 1224 3371 factioni
1269 3298 1559 3373 addictis
1607 3299 1936 3374 novitates
1995 3297 2335 3397 coepisse,
2392 3323 2567 3399 quas

350 3430 622 3487 secutus
671 3429 815 3500 est,
874 3413 1078 3488 immo
1112 3430 1178 3486 et
1212 3411 1408 3511 longe
1457 3431 1997 3514 praetergressus
2057 3432 2160 3489 est
2212 3416 2306 3489 lo.
2354 3415 2575 3514 Nepo-

490 3719 623 3782 (114)
655 3722 711 3769 ln
731 3733 839 3784 cap.
864 3721 972 3770 vn.
996 3722 1204 3779 Quanto
1242 3720 1308 3771 de
1347 3721 1620 3771 divortiis.-
1643 3724 1700 3771 Si
1726 3721 1866 3772 alter
1898 3719 2198 3782 infidelium
2231 3721 2332 3769 ecc.
2362 3719 2415 3768 et
2449 3717 2578 3767 banc

347 3796 547 3849 exhibet
567 3799 831 3850 rationem:
860 3821 884 3844 ιι
904 3803 1029 3851 Nam
1047 3801 1141 3852 etsi
1160 3801 1529 3852 matrimonium
1554 3814 1740 3852 ver-iam
1761 3802 1888 3852 inter
1913 3799 2138 3851 infideles
2162 3799 2369 3860 existat,
2391 3811 2492 3848 non
2508 3799 2579 3848 ta·

346 3891 453 3930 men
475 3881 553 3931 est
572 3883 782 3931 ratum.-
807 3882 937 3933 inter
958 3881 1127 3934 fideles
1143 3885 1311 3934 autem
1344 3895 1531 3934 verum
1555 3886 1608 3933 et
1641 3885 1825 3934 ratum
1857 3882 2051 3945 existit,
2079 3884 2198 3946 quia
2222 3881 2584 3931 sacramentum

345 3959 480 4024 fidei,
504 3960 638 4025 quod
659 3962 809 4013 semei
832 3966 909 4014 est
927 3963 1224 4027 admissum,
1255 3977 1525 4027 numquam
1558 3964 1831 4026 annititur,
1857 3963 1944 4015 sed
1965 3965 2149 4014 ratum
2179 3961 2333 4013 eflicit
2367 3959 2584 4023 coniugii

347 4041 704 4091 sacramentum
720 4077 735 4103 ‚
759 4044 815 4092 ut
835 4040 995 4105 ipsum
1018 4042 1067 4093 in
1088 4042 1382 4108 coniugibus
1399 4041 1489 4093 iilo
1507 4040 1718 4093 durante
1735 4041 2015 4106 perduret.»
2033 4040 2213 4092 Eadem
2236 4041 2388 4092 ferme
2405 4038 2582 4103 repetit

351 4119 397 4169 in
424 4133 534 4186 cap.
559 4119 859 4172 Gaudentius
875 4121 969 4172 sub
989 4122 1161 4175 eodem
1179 4123 1328 4173 titulo
1346 4125 1478 4173 xlx.

491 4200 587 4250 Ubi
621 4199 896 4251 notandum
927 4201 1068 4252 iuxta
1101 4204 1439 4254 Innocentium
1456 4239 1472 4266 ‚
1495 4203 1862 4254 matrimonium
1892 4202 2112 4254 fidelium
2131 4215 2238 4254 esse
2257 4203 2422 4252 ratum
2439 4202 2490 4251 et
2507 4215 2580 4251 sa·

351 4283 652 4331 crumentum
684 4280 805 4344 quia
839 4279 1069 4346 baptizati
1108 4285 1251 4345 sunt,
1290 4295 1376 4334 seu
1415 4283 1480 4333 ob
1517 4282 1815 4347 baptismum
1838 4285 2275 4343 (sacramentum
2294 4280 2470 4343 fidei)
2500 4293 2580 4330 su·

353 4362 586 4424 soeptum,
612 4375 709 4412 non
731 4362 894 4411 autem
916 4362 979 4412 ob
1006 4360 1393 4413 benedictionem
1415 4363 1785 4414 sacerdotalem.
