3276 5083
787 439 1041 518 cnsvi.
1066 468 1145 518 na
1178 467 1378 519 mser.
1421 467 1646 519 cont-a.
1684 468 1759 517 m·
1793 467 1966 519 sica.
1993 469 2132 519 aar.
2154 470 2226 521 11.
2480 448 2616 519 199

393 591 726 664 adnexam
786 613 829 661 a
888 586 1158 663 Christo
1223 587 1355 688 ipsi
1424 588 1791 662 contractui
1859 588 2136 661 mediate
2185 645 2205 673 ‚
2296 615 2417 663 seu
2485 617 2624 665 me-

398 706 630 779 diante
677 702 1143 778 denedictione
1206 701 1647 789 sacerdotali,
1704 705 2066 777 constituta
2116 730 2156 776 a
2208 702 2475 779 Christo
2523 706 2619 780 uti

398 821 615 896 forma
660 818 1085 894 sacramenti.
1136 819 1412 918 Utrique
1461 818 1667 917 igitur
1698 819 1768 890 in
1801 846 1882 893 eo
1914 821 2350 908 conveniunt,
2395 826 2620 895 sacra-

397 951 697 1009 mentum
733 933 1138 1010 matrimonii
1183 961 1225 1007 a
1259 933 1525 1008 Christo
1569 932 1944 1008 institutum
1992 935 2263 1034 proprie
2294 962 2448 1010 esse
2481 962 2624 1009 ma-

398 1050 786 1125 trimonium
845 1051 1070 1150 ipsum
1120 1075 1452 1147 exurgens
1501 1077 1582 1122 ex
1631 1066 1971 1125 contractu
1997 1109 2012 1139 ,
2068 1052 2186 1151 qui
2232 1052 2623 1152 suppeditat

394 1193 549 1241 esse
581 1166 816 1239 unioni
851 1161 1185 1264 coniugali
1233 1166 1540 1240 referenti
1592 1165 2125 1241 coniunctionem
2167 1165 2417 1240 Christi
2468 1193 2618 1240 cum

395 1283 685 1356 ecclesia
703 1340 719 1370 ,
769 1282 1015 1381 cuique
1050 1282 1303 1383 placuit
1337 1282 1661 1356 Salvatori
1711 1298 1938 1355 nostro
1985 1282 2340 1356 adnectere
2399 1308 2624 1356 sacra-

396 1398 608 1470 menti
664 1398 1054 1495 dignitatem
1098 1457 1114 1485 ,
1179 1386 1480 1498 adeoque
1536 1424 1746 1471 unum
1806 1397 2121 1497 idemque
2178 1398 2400 1471 effecit
2459 1423 2621 1471 con-

400 1529 681 1587 tractum
738 1528 804 1586 et
861 1530 1350 1587 sacramentum
1369 1571 1386 1600 ‚
1432 1514 1526 1587 ita
1583 1529 1658 1587 ut
1717 1513 1801 1587 ab
1850 1513 2134 1586 invicem
2186 1514 2487 1613 separari
2540 1539 2620 1587 ac

398 1628 695 1729 dispesci
746 1644 1081 1729 nequeant
1128 1631 1303 1725 (22).

542 1749 612 1818 3.
673 1745 998 1820 Probatur
1043 1772 1124 1818 ex
1174 1746 1325 1845 ipsa
1375 1746 1779 1820 matrimonii
1834 1760 2071 1819 natura
2119 1761 2313 1845 prout
2360 1746 2624 1843 exurgit

395 1887 475 1934 ex
526 1876 872 1935 contractu
924 1860 1009 1933 ad
1060 1859 1451 1958 dignitatem
1508 1862 1908 1936 sacramenti
1958 1886 1999 1934 a
2045 1859 2312 1935 Christo
2361 1876 2609 1934 evecto.

394 1977 661 2051 Etenim
712 1990 1092 2050 contractus
1126 1993 1194 2049 et
1226 1992 1716 2050 sacramentum
1752 1977 1845 2052 ita
1877 1991 2056 2051 arcte
2095 1991 2611 2063 connectuntur,

397 2109 479 2167 ut
507 2118 591 2165 ex
621 2108 904 2190 utroque
942 2091 1141 2193 simul
1180 2106 1447 2189 sumpto
1479 2117 1688 2163 unum
1729 2088 2224 2163 matrimonium
2260 2089 2608 2164 habeatur.

401 2206 749 2305 Siquidem
779 2223 899 2281 aut
930 2205 1304 2281 communis
1339 2204 1710 2277 admittitur
1743 2204 2076 2279 sententia
2107 2205 2194 2276 de
2226 2204 2621 2278 contraben-

403 2321 588 2396 tibus
637 2321 960 2396 ministris
1010 2326 1227 2423 (quae
1262 2346 1442 2394 nunc
1468 2335 1571 2393 est
1597 2319 1796 2393 unice
1819 2322 2058 2414 vera),
2105 2336 2221 2391 aut
2259 2318 2475 2415 magis
2511 2344 2621 2391 ar-

399 2437 575 2512 ridet
620 2437 948 2511 sententia
985 2437 1073 2510 de
1120 2437 1427 2509 ministro
1470 2435 1837 2509 sacerdote.
1896 2434 1964 2505 Si
2006 2434 2188 2533 prior
2227 2433 2619 2507 admittatur

395 2553 765 2641 sententia,
810 2578 918 2626 res
970 2551 1168 2653 plane
1217 2552 1519 2626 confecta
1568 2566 1702 2636 est,
1749 2576 1903 2623 cum
1954 2574 2089 2624 non
2134 2548 2319 2623 aliud
2371 2549 2464 2623 sit
2510 2574 2621 2623 sa—

396 2683 845 2755 cramentum,
888 2694 1094 2767 quam
1137 2669 1286 2767 ipse
1321 2682 1701 2742 contractus
1743 2692 1784 2739 a
1829 2664 2146 2763 legitimis
2183 2665 2494 2764 personis
2530 2664 2622 2737 fa·

397 2799 543 2857 ctus
593 2782 726 2856 sub
783 2782 1030 2857 debitis
1090 2781 1586 2858 conditionibus
1645 2782 1941 2855 referens
1997 2781 2316 2855 unionem
2367 2779 2616 2855 Christi

398 2924 551 2972 cum
584 2898 910 2986 ecclesia,
950 2915 1151 2999 atque
1186 2900 1314 2973 hac
1345 2899 1432 2971 de
1464 2924 1672 2972 causa
1711 2923 1751 2969 a
1789 2895 2060 2969 Christo
2095 2894 2309 2992 gratia
2340 2910 2612 2981 auctuS‚

397 3030 627 3114 utpote
675 3014 946 3112 signum
984 3015 1218 3089 efficax
1260 3016 1661 3089 constitutus
1711 3011 2014 3086 eiusdem
2065 3012 2350 3111 gratiam
2403 3025 2470 3083 et
2510 3036 2618 3085 res

397 3131 599 3204 etiam
633 3130 881 3205 clarior
910 3130 1156 3205 evadit.
1204 3131 1274 3202 Si
1310 3129 1640 3230 posterior
1673 3128 2002 3203 sententia
2036 3126 2441 3202 adversariis
2476 3152 2619 3199 ma·-

397 3246 503 3343 gis
554 3247 846 3346 placeat,
895 3261 1053 3320 tunc
1102 3261 1590 3321 sacramentum
1631 3259 1737 3318 est
1777 3243 1955 3317 idem
1999 3258 2375 3318 contractus
2395 3297 2411 3328 ,
2453 3266 2620 3341 qua-

398 3379 594 3436 tenus
628 3388 753 3462 per
783 3360 1061 3436 formam
1097 3388 1140 3435 a
1171 3361 1512 3436 sacerdote
1547 3360 1871 3461 prolatam
1902 3359 2180 3432 materia
2208 3357 2284 3430 fit
2316 3356 2618 3456 proxima

401 3477 800 3552 sacramenti
819 3536 835 3565 ,
877 3478 1012 3551 vim
1048 3477 1307 3551 habens
1341 3504 1422 3551 ex
1457 3476 1705 3551 Christi
1743 3474 2157 3549 institutione
2204 3471 2615 3573 producendi

400 3593 713 3689 gratiam,
765 3620 885 3668 seu
934 3610 1038 3668 est
1084 3594 1261 3667 idem
1312 3594 1460 3692 ipse
1507 3607 1886 3667 contractus
1924 3588 2382 3665 sanctificatus
2425 3614 2465 3660 a
2501 3586 2621 3659 be-

401 3706 776 3784 nedictione
815 3709 1240 3784 sacerdotali.
1292 3710 1467 3808 Ergo
1508 3709 1576 3782 in
1616 3723 1902 3809 utraque
1940 3704 2298 3807 hypothesi
2340 3728 2617 3777 concur-

397 3840 555 3898 runt
609 3841 986 3900 contractus
1012 3883 1016 3887 »
1043 3840 1112 3899 et
1167 3841 1655 3898 sacramentum
1713 3840 2054 3923 tamquam
2111 3819 2247 3891 duo
2304 3816 2620 3892 attributa
2712 3887 2723 3900 ,

396 3939 602 4013 unius
651 3940 1093 4041 eiusdemque
1129 3940 1225 4013 rei
1261 3938 1686 4026 efficiendae,
1731 3962 1905 4037 quae
1947 3951 2051 4008 est
2089 3931 2606 4008 matrimonium.

400 4054 824 4157 Quapropter
870 4055 1193 4154 distingui
1231 4081 1273 4129 a
1306 4083 1382 4129 se
1432 4055 1718 4129 invicem
1772 4069 2110 4150 tamquam
2151 4075 2257 4123 res
2298 4075 2340 4121 a
2377 4075 2449 4120 re
2486 4073 2620 4120 am-

395 4169 574 4270 plius
625 4188 999 4273 nequeunt,
1049 4197 1129 4245 ac
1180 4171 1502 4272 separari.

543 4421 646 4484 (22)
675 4422 752 4472 cf.
777 4423 923 4474 card.
955 4421 1123 4472 Gerdit
1156 4423 1250 4472 loc.
1274 4423 1358 4473 cit.
