3276 5083
759 463 898 514 m.
943 462 1038 513 111.
1080 461 1162 513 ns
1211 459 1476 514 ιιιτιιιιι.
1519 461 1747 513 mvn-is
1782 460 1964 512 mes.
2007 462 2145 513 Aur.
2190 461 2277 513 ιν.
2485 440 2622 515 33³

405 582 539 656 lica
580 579 868 655 ecclesia
920 581 1018 654 uti
1069 581 1338 681 spurios
1372 606 1452 654 ac
1487 579 1732 654 nothos
1775 578 2096 653 declarat.
2139 579 2222 652 Et
2253 580 2436 679 quod
2471 608 2630 654 con-

405 722 697 796 sequens
756 712 860 770 est
899 707 944 784 ,'
981 712 1359 769 tenerentur
1419 696 1489 767 in
1549 695 1795 768 iisdem
1855 720 2217 792 agnoscere
2278 695 2629 794 privilegia

406 812 657 898 omnia,
688 811 938 911 quibus
965 811 1054 884 ab
1078 811 1367 887 ecclesia
1393 811 1742 910 privantur
1758 867 1773 896 ,
1807 835 2116 909 quaeque
2140 824 2358 883 tamen
2387 810 2629 884 iisdem

404 924 702 999 vindicat
744 925 892 1013 lex,
938 926 1101 1000 dum
1154 924 1487 1024 legitimas
1539 926 1840 999 decernit
1889 925 2123 1000 civiles
2175 926 2472 1025 nuptias,

554 1042 784 1141 ltaque
844 1059 1152 1142 respectu
1210 1057 1351 1115 tum
1397 1041 1761 1128 ecclesiae,
1826 1058 1968 1115 tum
2019 1042 2378 1139 coniugum
2414 1100 2430 1129 ,
2489 1056 2633 1115 tum

410 1154 645 1255 prolis,
679 1171 819 1229 tum
846 1157 1142 1259 denique
1166 1158 1412 1232 civium
1440 1157 1809 1231 universim
1837 1172 2100 1230 constat
2121 1157 2396 1244 veritas,
2428 1183 2633 1256 quam

410 1272 919 1347 enunciavimus
942 1330 958 1360 ,
1000 1273 1317 1346 nimirum
1343 1273 1559 1371 legem
1582 1331 1598 1360 ,
1632 1299 1807 1374 quae
1829 1273 1958 1346 sub
1995 1272 2322 1347 libertatis
2357 1272 2636 1347 obtentu

411 1385 641 1459 civilia
689 1387 1084 1462 cohonestat
1134 1386 1485 1485 coniugia,
1550 1386 1619 1458 in
1674 1386 1888 1483 legem
1948 1386 2260 1460 desinere
2306 1412 2505 1461 verae
2551 1386 2634 1458 li-

410 1499 647 1575 bertati
704 1502 1050 1575 inimicam
1101 1518 1305 1602 atque
1354 1501 1524 1575 adeo
1574 1526 1727 1575 esse
1777 1501 2218 1601 tyrannicam.

1280 1730 1609 1789 clu-11⁰1·
1651 1730 1784 1786 IV.

658 1900 737 1951 m:
790 1900 1184 1952 nannenus
1234 1900 1353 1951 luto
1404 1898 1563 1949 bnon
1613 1899 1694 1948 ΒΕ
1745 1898 2135 1949 nmmomo
2186 1897 2402 1950 clvlu.

564 2080 926 2179 Postquam
981 2078 1298 2175 coniugia
1331 2104 1412 2151 ac
1446 2077 1661 2174 legem
1686 2134 1703 2164 ,
1745 2102 1921 2175 quae
1954 2078 2133 2150 circa
2168 2102 2250 2149 ea
2288 2091 2627 2163 versatur,

417 2192 546 2266 sub
581 2194 763 2266 omni
816 2208 1123 2293 respectu
1166 2192 1650 2290 expendimus,
1705 2191 2056 2288 religios0,
2096 2189 2317 2265 ethico
2342 2248 2359 2277 ,
2403 2217 2483 2263 ac
2517 2215 2639 2289 po-

421 2306 604 2380 litico
631 2362 647 2393 ,
705 2320 909 2379 restat
955 2321 1029 2378 ut
1076 2320 1469 2403 argumenta
1533 2305 1950 2378 excutiamus
1985 2363 2001 2392 ,
2059 2303 2310 2405 quibus
2361 2330 2496 2377 non
2547 2304 2640 2378 ita

420 2419 682 2519 pridem
731 2418 1033 2494 eiusdem
1082 2420 1256 2517 legis
1307 2418 1600 2493 fautores
1670 2418 1893 2493 adnisi
1947 2434 2105 2492 sunt
2151 2444 2298 2492 eam
2350 2419 2641 2492 cohone-

420 2550 623 2610 stare.
683 2534 877 2621 Quod
929 2535 1062 2609 nisi
1112 2534 1348 2610 sedulo
1389 2550 1812 2636 praestemus
1838 2591 1854 2621 ,
1895 2558 2213 2608 accusare
2247 2559 2371 2607 nos
2405 2533 2642 2607 merito

418 2666 696 2753 possent
727 2651 1098 2726 adversarii
1134 2677 1335 2724 unam
1371 2666 1629 2724 tantum
1670 2676 1796 2725 nos
1823 2649 2102 2738 audisse
2136 2664 2429 2749 partem,
2470 2676 2644 2723 rem-

420 2794 551 2867 que
611 2766 743 2841 sub
808 2793 947 2840 una
996 2782 1251 2841 tantum
1306 2767 1478 2840 facie
1527 2783 1905 2866 spectasse,
1962 2790 2042 2839 ac
2092 2766 2470 2864 neglexisse
2535 2793 2643 2840 ra-

422 2883 678 2955 tionum
721 2897 1053 2956 momenta
1080 2940 1097 2970 ,
1148 2881 1398 2983 quibus
1442 2883 1492 2955 ii
1537 2882 1819 2983 permoti
1859 2881 2128 2956 fuerunt
2170 2882 2254 2957 ad
2295 2908 2442 2956 eam
2488 2909 2644 2983 pro-

424 2994 845 3068 movendam.
903 2996 1349 3070 Dissimulare
1397 3013 1623 3070 autem
1673 2996 2211 3070 adversariorum
2250 3012 2644 3095 argumenta

426 3135 559 3184 non
610 3125 715 3182 est
760 3135 841 3183 ea
884 3110 1207 3184 refellere.

570 3225 667 3297 Ne
708 3250 865 3301 vero
899 3251 942 3298 a
966 3227 1218 3324 priori,
1258 3243 1335 3299 ut
1365 3228 1595 3316 aiunt,
1645 3227 1841 3302 nobis
1883 3227 2212 3302 eiusmodi
2256 3243 2647 3325 argumenta

424 3340 924 3438 confingamus,
979 3367 1194 3441 eaque
1242 3368 1322 3415 ex
1374 3368 1553 3440 penu
1603 3358 1830 3416 nostro
1880 3342 2391 3442 depromamus,
2449 3341 2646 3415 nobis

427 3456 899 3555 proposuimus
961 3456 1199 3530 maiori
1252 3482 1388 3556 qua
1440 3456 1583 3530 fieri
1638 3458 1858 3557 potuit
1922 3456 2274 3553 diligentia
2323 3482 2404 3530 ea
2452 3456 2646 3529 exbi-

428 3570 586 3644 bere
609 3598 689 3643 ex
716 3572 1261 3647 discussionibus
1289 3632 1305 3661 ,
1347 3597 1523 3672 quae
1558 3573 1626 3644 in
1665 3573 2043 3672 subalpinis
2079 3574 2369 3646 comitiis
2391 3630 2406 3660 ,
2448 3589 2649 3672 atque

433 3687 504 3757 in
555 3685 917 3785 subalpino
968 3689 1358 3787 praesertim
1403 3704 1643 3763 senatu
1679 3688 1953 3763 habitae
1987 3705 2177 3777 sunt,
2216 3715 2366 3763 cum
2402 3688 2487 3762 de
2520 3688 2652 3761 hac

430 3799 579 3898 lege
649 3802 1014 3876 sancienda
1071 3819 1399 3902 ageretur.
1457 3804 1681 3890 Quum
1731 3805 1913 3878 enim
1970 3804 2346 3876 incredibili
2415 3805 2654 3878 ardore

431 3917 737 4017 quaestio
780 3917 948 3992 haec
996 3919 1195 3993 suerit
1232 3921 1486 4019 agitata
1518 3979 1533 4008 ,
1591 3920 1964 4020 putandum
1999 3935 2104 3993 est
2137 3919 2305 4017 legis
2357 3919 2653 3993 fautores

433 4049 823 4131 argumenta
891 4035 1117 4108 omnia
1174 4034 1503 4111 validiora
1564 4036 1871 4110 attulisse
1921 4037 2065 4110 sive
2114 4034 2201 4109 ad
2252 4034 2651 4109 refellendos

435 4148 885 4238 adven-sarim,
927 4150 1073 4224 sive
1106 4151 1191 4225 ad
1230 4153 1449 4250 ipsam
1485 4152 1698 4250 legem
1735 4150 2274 4227 constituendam
2309 4178 2388 4226 ac
2420 4178 2654 4226 conso-

438 4262 806 4340 lidandam.
867 4267 1050 4340 Haec
1098 4294 1224 4341 nos
1275 4267 1561 4342 fideliter
1612 4293 1879 4368 semper
1928 4294 2050 4367 pro
2096 4266 2357 4341 viribus
2416 4267 2653 4340 affere-

438 4403 590 4455 mus
622 4439 638 4468 ,
698 4381 1096 4483 plerumque
1135 4380 1410 4458 verbum
1460 4381 1666 4459 verbo
1715 4381 2074 4458 reddemus
2095 4440 2112 4472 ,
2168 4409 2255 4457 ne
2303 4381 2653 4482 quidpiam
