3276 5083
741 408 878 478 382
1125 432 1247 483 us.
1292 433 1336 480 1.
1380 431 1554 482 ster.
1596 433 1858 483 uun.
1902 434 1983 483 ιιι
2020 434 2285 484 nram.
2328 434 2542 484 civim.

737 545 959 645 deque
1007 562 1452 638 verterentur,
1500 574 1653 623 cum
1703 550 1814 623 vix
1864 550 2157 648 coniugii
2197 576 2440 625 nomen
2471 576 2552 625 ac
2586 551 2797 625 forma
2829 579 2952 626 su-

739 675 1071 759 peresset;
1115 676 1268 736 cum
1303 661 1659 737 divortium
1684 681 1867 738 esset
1889 666 2260 770 sancitum3
2302 692 2384 739 ea
2415 666 2673 740 scilicet
2706 682 2945 753 aetate,

738 801 900 875 qua,
959 777 1301 878 impietate
1349 778 1546 876 longe
1595 780 1860 879 lateque
1909 798 2257 878 grassante
2282 838 2297 868 ,
2341 780 2673 882 quidquid
2724 800 2954 857 contra

742 892 1133 992 religionem
1183 921 1263 970 ac
1309 895 1523 970 bonos
1574 922 1796 971 mores
1848 897 1915 969 in
1968 915 2255 972 mentem
2305 898 2647 985 veniebat,
2705 914 2955 974 statue-

737 1006 933 1082 batur
963 1012 1141 1104 (58).
1177 1012 1544 1110 Progressu
1596 1011 1871 1111 quidem
1915 1012 2235 1112 temporis
2275 1013 2403 1086 sub
2446 1012 2837 1100 consulatu,
2879 1040 2958 1087 ac

738 1141 973 1222 postea
1015 1126 1145 1198 sub
1185 1127 1464 1226 imperio
1516 1126 1760 1226 gallico
1808 1127 2003 1228 plura
2035 1155 2116 1201 ex
2151 1128 2237 1202 iis
2264 1186 2280 1215 ,
2324 1156 2498 1228 quae
2532 1129 2797 1202 fuerant
2828 1130 2955 1201 im-

739 1240 850 1338 pie
884 1242 1243 1315 constituta
1266 1299 1281 1327 ,
1324 1243 1679 1316 reformata
1720 1259 1911 1329 sunt,
1951 1244 2311 1344 pluresque
2345 1244 2526 1342 leges
2562 1243 2946 1341 abrogatae.

739 1355 1047 1455 Spectata
1081 1375 1301 1430 tamen
1336 1383 1418 1431 ea
1450 1359 1825 1433 animorum
1862 1357 2304 1460 dispositione
2328 1417 2343 1445 ,
2396 1357 2691 1433 nondum
2746 1358 2958 1458 potuit

740 1469 872 1557 lex,
912 1471 997 1547 de
1030 1498 1165 1571 qua
1199 1473 1489 1570 agimus,
1532 1474 1826 1573 expungi
1876 1474 1963 1547 ab
2013 1474 2127 1548 illo
2178 1474 2444 1560 codice,
2492 1474 2560 1545 in
2612 1500 2746 1573 quo
2794 1473 2953 1546 dum

741 1587 1180 1683 permanebit,
1207 1613 1338 1661 non
1366 1588 1491 1660 erit
1516 1589 1664 1661 sine
1689 1589 1966 1662 minimo
1990 1587 2293 1661 eiusdem
2318 1589 2535 1685 gentis
2562 1588 2948 1662 infortunio.

885 1701 982 1773 Ex
1025 1701 1240 1774 Gallia
1289 1703 1358 1774 in
1394 1701 1730 1799 Belgium,
1787 1703 1969 1802 quod
2021 1703 2150 1777 sub
2200 1703 2453 1777 ditione
2503 1703 2746 1801 gallica
2795 1719 2954 1775 tunc

737 1814 1037 1901 vivebat,
1093 1816 1327 1889 eadem
1379 1815 1483 1890 lex
1534 1842 1688 1890 cum
1738 1817 1969 1892 codice
2020 1819 2444 1919 pertransiit,
2486 1836 2554 1892 et
2584 1819 2671 1893 ob
2718 1817 2956 1891 eadem

740 1930 1008 2017 motiva,
1049 1930 1359 2029 abrogari
1415 1957 1548 2005 non
1600 1933 1857 2031 potuit;
1901 1949 2083 2007 tanto
2119 1934 2335 2031 magis
2385 1932 2565 2035 quod
2617 1934 2745 2008 sub
2794 1933 2958 2006 hae-

740 2044 946 2119 retico
971 2044 1298 2144 gubernio
1334 2072 1608 2144 reguum
1646 2044 1814 2120 illud
1849 2075 2113 2146 gemere
2147 2048 2474 2122 debuerit.
2501 2050 2738 2122 Postea
2763 2073 2947 2131 vero,

739 2160 868 2233 etsi
932 2162 1385 2259 autonomiam
1437 2163 1568 2236 sibi
1621 2162 2121 2249 vindicaverit,
2189 2180 2406 2237 tamen
2472 2161 2958 2236 alternantibus

740 2275 1199 2350 ministrorum
1240 2277 1661 2377 politicorum
1704 2279 2221 2365 mutationibus,
2272 2305 2555 2378 quorum
2592 2305 2727 2353 non
2761 2279 2956 2379 pauci

743 2390 1093 2489 principiis
1150 2417 1283 2465 non
1324 2393 1493 2467 adeo
1539 2392 1871 2491 religiosis
1918 2393 2153 2466 imbuti
2206 2408 2429 2479 erant,
2486 2393 2658 2465 nibil
2706 2394 2836 2466 hac
2885 2394 2957 2465 in

741 2530 813 2577 re
846 2504 1145 2579 innovari
1184 2507 1435 2606 potuit,
1479 2508 1683 2581 immo
1716 2523 1783 2581 et
1816 2508 1887 2581 in
1921 2507 2209 2582 comitiis
2261 2508 2348 2582 ob
2396 2507 2577 2582 leves
2612 2507 2958 2607 falsasque

740 2645 984 2694 causas
1037 2638 1308 2722 accepta
1359 2640 1463 2696 est
1513 2627 1690 2719 (59).

887 2881 987 2940 (58)
1013 2878 1092 2929 Cr.
1111 2882 1312 2945 sauzet,
1335 2883 1423 2946 qui
1443 2896 1524 2946 op.
1547 2883 1642 2932 cit:
1657 2895 1767 2946 pag.
1789 2888 1861 2933 17.
1879 2882 2227 2932 animadvertit
2253 2881 2406 2944 legem
2427 2879 2491 2930 de
2510 2893 2609 2944 qua
2633 2880 2887 2944 loquimur
2909 2884 2963 2931 in

740 2959 898 3010 Gallis
917 2960 1130 3023 primum
1152 2961 1445 3014 obtinuisse:
1484 2983 1508 3006 κ
1525 2963 1560 3012 ll
1584 2963 1712 3012 m'en
1735 2964 1879 3013 conte
1897 2961 1959 3010 de
1981 2962 2029 3011 le
2049 2960 2184 3024 dire,
2211 2961 2331 3011 c’oet
2361 2960 2409 3012 la
2439 2959 2506 3011 loi
2535 2961 2800 3024 francaise,
2823 2962 2871 3012 la
2893 2963 2964 3012 loi

738 3038 805 3088 du
843 3041 1017 3104 peuple
1048 3041 1093 3090 le
1123 3043 1232 3103 plus
1261 3042 1527 3104 justement
1561 3042 1647 3090 iier
1679 3041 1742 3091 de
1771 3055 1825 3091 aa
1857 3041 2154 3090 civilisation
2190 3040 2426 3102 delicate,
2456 3041 2501 3090 la
2522 3041 2586 3090 loi
2612 3040 2678 3091 du
2701 3054 2819 3104 pays
2839 3042 2962 3092 tres·

744 3118 960 3170 chretien
973 3158 991 3183 ,
1020 3120 1107 3184 qui
1136 3121 1417 3172 meconnait
1432 3122 1502 3171 les
1519 3120 1778 3171 traditions
1796 3120 1862 3170 du
1885 3119 2019 3171 droit
2039 3120 2126 3170 des
2145 3132 2287 3183 gens,
2307 3119 2514 3184 adoptee
2532 3122 2691 3170 nieme
2704 3133 2791 3183 par
2811 3119 2857 3169 le
2875 3132 2961 3183 pa·

739 3199 986 3264 ganisme,
1011 3203 1062 3251 et
1087 3201 1300 3252 rebaisse
1322 3202 1369 3252 le
1386 3201 1600 3262 mariage
1618 3215 1682 3250 au
1707 3201 1883 3251 niveau
1903 3200 1990 3251 des
2010 3201 2123 3264 plus
2144 3200 2387 3265 vulgaires
2405 3202 2675 3263 contrusis,
2697 3213 2794 3263 que
2814 3200 2861 3250 le
2879 3213 2961 3250 ca-

743 3282 877 3352 price
899 3282 1165 3346 improvise
1181 3320 1196 3344 ,
1218 3285 1269 3332 et
1288 3296 1383 3345 que
1405 3281 1759 3333 l’inconstance
1775 3280 1976 3331 detruit.
1996 3281 2248 3331 L’homme
2263 3295 2289 3344 y
2310 3281 2434 3330 tient
2451 3280 2498 3330 la
2518 3281 2655 3345 place
2673 3279 2736 3329 de
2755 3280 2894 3339 Dieu,
2914 3284 2968 3329 et

739 3361 788 3410 la
825 3362 956 3412 table
992 3362 1058 3412 du
1103 3363 1358 3424 magistrat
1398 3361 1641 3424 remplace
1662 3362 1824 3412 l'autel
1854 3361 1920 3410 du
1941 3364 2119 3426 preire.
2137 3365 2243 3419 Que
2261 3361 2434 3422 dis-ie?
2454 3365 2523 3410 La
2540 3361 2606 3411 loi
2627 3361 2715 3424 qui
2738 3359 2897 3409 reduit
2917 3361 2965 3408 le

740 3441 956 3506 mariage
976 3443 1006 3492 a
1025 3456 1091 3492 un
1115 3445 1336 3493 contract
1356 3442 1504 3503 civil,
1526 3442 1681 3494 efface
1707 3443 1825 3493 Dieu
1840 3480 1855 3504 ,
1877 3446 1927 3493 ct
1952 3442 2142 3492 sacrific
2169 3442 2239 3492 les
2268 3442 2591 3492 conscicnccs.
2614 3443 2765 3504 Apris
2783 3441 2853 3490 les
2875 3454 2961 3503 pa·

740 3523 869 3572 roles
912 3523 975 3572 de
1009 3523 1235 3572 l’ollicier
1269 3521 1331 3572 de
1365 3522 1635 3572 vetat-civil
1651 3560 1666 3584 ,
1691 3523 1738 3573 le
1758 3523 1971 3584 inariage
1988 3525 2062 3570 est
2077 3526 2190 3571 tenu
2215 3534 2339 3584 pour
2356 3521 2603 3581 consacre,
2624 3522 2734 3572 etsi
2759 3523 2805 3572 la
2814 3522 2963 3583 ieune

735 3605 785 3651 et
814 3603 986 3653 timide
1006 3604 1171 3665 vierge
1191 3602 1356 3653 attend
1381 3616 1476 3652 nne
1497 3606 1635 3652 autre
1659 3602 1882 3652 sanction
1911 3616 2038 3666 pour
2057 3606 2135 3651 cet
2156 3600 2455 3651 irrevocable
2475 3602 2797 3665 changement
2826 3600 2888 3650 de
2905 3614 2963 3650 sa

738 3683 957 3734 destines
973 3721 989 3746 ,
1012 3684 1053 3734 si
1078 3684 1196 3734 c'est
1217 3696 1281 3732 au
1302 3684 1394 3733 ciel
1414 3685 1597 3746 meme,
1618 3683 1799 3747 qu’elle
1819 3681 2059 3733 ‹lernande
2082 3683 2129 3731 le
2149 3682 2302 3744 signal
2324 3681 2386 3731 de
2402 3682 2451 3732 la
2468 3682 2865 3733 transformation
2898 3681 2965 3730 de

736 3778 815 3814 ses
837 3764 1032 3815 devoir-s
1053 3765 1103 3814 ct
1122 3764 1170 3813 la
1191 3764 1529 3814 comecration
1553 3763 1615 3813 de
1638 3763 1870 3824 l'avenir,
1894 3776 1959 3812 on
1983 3775 2163 3826 ponrra
2199 3775 2252 3811 se
2283 3761 2379 3812 rire
2416 3762 2748 3826 impunement
2781 3761 2843 3811 de
2879 3774 2960 3811 scs

735 3845 1007 3908 scrupulas,
1021 3846 1070 3896 et
1089 3844 1274 3894 resuser
1290 3844 1320 3893 a
1340 3858 1395 3895 sa
1414 3843 1634 3908 pudique
1657 3843 1786 3906 picis
1806 3842 1853 3892 le
1869 3855 2012 3893 sceau
2034 3842 2095 3891 de
2112 3842 2156 3891 la
2177 3840 2483 3891 benediction
2500 3842 2761 3906 promise.»

894 3927 1065 3975 Postea
1081 3938 1189 3989 pag.
1204 3929 1282 3976 27.
1295 3924 1476 3988 detegit
1494 3924 1750 3988 epocham,
1771 3924 1823 3973 in
1837 3935 1935 3986 qua
1956 3922 2033 3972 lex
2054 3922 2118 3971 de
2135 3921 2365 3984 coniugio
2381 3922 2518 3972 civili
2539 3922 2769 3986 adoptata
2783 3922 2877 3972 fuit
2889 3921 2969 3972 his

742 4005 932 4056 verbis:
955 4025 980 4050 κ
997 4009 1121 4058 Sans
1142 4007 1295 4057 doute
1313 4006 1361 4057 le
1381 4006 1504 4057 code
1520 4005 1666 4067 civil,
1687 4003 1977 4069 promulgas
1991 4001 2021 4053 a
2036 4015 2131 4054 une
2143 4015 2332 4067 epoque
2350 4003 2412 4053 de
2429 4005 2690 4054 transition
2703 4040 2718 4064 ,
2743 4004 2790 4053 le
2810 4001 2971 4052 lende·

743 4086 877 4136 main
898 4087 962 4136 de
984 4088 1033 4137 la
1050 4088 1308 4138 confusion
1337 4086 1782 4149 revolutionnaire,
1816 4086 1881 4135 ou
1912 4086 2023 4136 tout
2054 4087 2189 4137 avait
2221 4084 2350 4148 peri,
2382 4085 2429 4134 le
2454 4084 2655 4144 throne,
2689 4082 2854 4132 l'autei
2875 4120 2890 4143 ,
2919 4087 2969 4133 et

744 4168 816 4218 les
838 4181 1045 4231 moeurs,
1074 4170 1153 4218 n'a
1184 4169 1233 4219 ni
1261 4168 1364 4230 ose,
1387 4168 1439 4219 ni
1458 4180 1524 4232 pu
1547 4167 1787 4231 professor
1805 4180 1925 4217 avec
1946 4179 2043 4217 une
2060 4167 2247 4217 sincere
2267 4157 2318 4216 εί
2333 4178 2628 4229 contageuse
2647 4162 2839 4225 enei-gie
2854 4166 2972 4214 tous

738 4247 812 4297 les
832 4247 1036 4310 dogmas
1062 4247 1475 4310 regensi-alcun.»

891 4328 990 4390 (59)
1028 4330 1160 4379 flacc
1196 4328 1275 4378 lex
1304 4328 1402 4379 fuit
1439 4327 1670 4390 adoptata
1699 4328 1752 4378 in
1785 4327 1950 4391 Belgio
1975 4339 2141 4377 mense
2172 4326 2348 4377 Martio
2371 4339 2451 4374 an.
2481 4330 2615 4374 1815.
2639 4322 2868 4385 gratuitis
2888 4323 2968 4372 luia

741 4409 994 4478 principiis
1020 4408 1186 4458 innixa
1211 4429 1220 4457 :
1248 4429 1271 4450 «e
1292 4408 1642 4468 considerant,
1662 4421 1758 4471 que
1778 4407 1823 4456 le
1847 4407 2060 4472 mariage
2088 4420 2279 4456 mantne
2308 4408 2526 4456 contract
2551 4404 2665 4454 civil
2700 4405 2821 4452 n'est
2852 4415 2967 4451 sou·
