3276 5083
635 427 785 500 36⁴
1020 450 1141 502 m.
1185 452 1230 501 ι.
1273 450 1443 501 sacr.
1487 451 1747 503 aarum.
1791 451 1872 501 nn
1922 450 2185 503 numu.
2228 450 2440 502 civim.

1549 621 1899 720 Responsio
1911 681 1922 692 .

787 802 1160 878 Universim
1199 801 1588 877 huiusmodi
1642 820 1939 879 oratores
1981 820 2336 878 assumunt
2378 807 2445 875 1.
2480 802 2679 877 Civili
2718 831 2863 879 ma-

642 919 946 1018 gistratui
1012 935 1409 1017 potestatem
1464 920 1690 993 inesse
1739 918 2068 993 condendi
2121 919 2335 1016 legem
2394 920 2572 993 circa
2630 923 2863 994 matri-

638 1035 976 1119 monium3
1020 1034 1086 1105 2.
1111 1032 1450 1106 vinculum
1480 1033 1867 1131 religiosum
1896 1034 2195 1134 separari
2222 1058 2425 1134 posse
2450 1060 2491 1106 a
2517 1049 2860 1107 contractu

643 1148 865 1235 civili;
911 1151 977 1221 3.
1012 1173 1290 1247 scopum
1326 1147 1496 1244 legis
1530 1175 1686 1222 esse
1721 1149 2110 1223 satisfacere
2151 1148 2715 1247 independentiae
2749 1177 2863 1249 po-

642 1264 901 1338 testatis
935 1262 1182 1349 civilis,
1214 1276 1280 1335 et
1304 1262 1719 1361 obligationi,
1760 1291 1963 1364 quam
2000 1264 2202 1337 habet
2236 1279 2446 1337 status
2482 1290 2641 1361 erga
2677 1266 2860 1338 cives

644 1376 818 1451 hanc
846 1378 1083 1505 jpsam
1135 1376 1727 1476 independentiam
1764 1379 1852 1452 iis
1883 1377 2295 1452 vindicandi.
2331 1379 2471 1450 lam
2502 1403 2661 1451 vero
2697 1378 2862 1451 haec

641 1494 870 1566 omnia
917 1507 983 1566 et
1032 1490 1300 1589 singula
1350 1491 1523 1566 falsa
1573 1509 1754 1566 sunt.

786 1607 1051 1680 Etenim
1088 1606 1271 1681 civili
1310 1608 1729 1703 magistratui
1769 1607 1952 1683 nulla
1987 1610 2168 1681 inest
2199 1623 2497 1710 potestas
2530 1609 2861 1682 condendi

641 1724 853 1819 legem
897 1723 1078 1796 circa
1122 1722 1619 1796 matrimonium
1647 1781 1663 1810 ,
1706 1723 1775 1795 id
1812 1738 1915 1796 est
1947 1724 2126 1797 circa
2178 1738 2588 1799 contractum
2640 1724 2862 1823 ipsum

641 1836 1055 1936 coniugalem
1100 1862 1180 1911 ac
1214 1837 1557 1911 vinculum
1595 1838 1849 1937 ipsum,
1890 1864 1971 1911 ex
2005 1863 2140 1937 quo
2188 1839 2689 1912 matrimonium
2741 1864 2862 1911 seu

643 1968 1134 2026 sacramentum
1194 1954 1601 2026 matrimonii
1657 1954 1940 2051 exurgit.
2000 1955 2128 2028 Lex
2192 1952 2415 2027 civilis
2478 1952 2861 2027 nullatenus

641 2067 843 2141 condi
887 2083 1107 2168 potest
1142 2069 1274 2142 nisi
1317 2069 1495 2143 circa
1542 2095 1660 2156 ea,
1703 2095 1880 2170 quae
1930 2085 2090 2143 sunt
2138 2068 2568 2143 matrimonio
2610 2072 2861 2142 extrinss

643 2207 802 2257 seca
834 2199 902 2257 et
933 2183 1407 2270 accidentalia,
1447 2184 1828 2258 cuiusmodi
1863 2201 2023 2258 sunt
2056 2210 2160 2257 ex.
2183 2211 2283 2281 gr.
2311 2183 2461 2270 dos,
2490 2184 2857 2268 successio,

639 2298 1024 2373 haereditas
1059 2315 1186 2373 etc.
1223 2324 1533 2399 quaeque
1564 2298 1671 2373 vel
1715 2298 2043 2373 accedunt
2070 2297 2154 2371 ad
2182 2298 2409 2396 ipsum
2445 2297 2858 2395 coniugium,

641 2414 748 2488 vel
783 2415 1007 2516 ipsum
1036 2431 1409 2513 sequuntur
1433 2430 1499 2487 et
1522 2413 1959 2499 comitantur,
2002 2437 2136 2485 non
2165 2428 2385 2485 autem
2411 2413 2594 2486 circa
2620 2438 2863 2485 nexum

640 2557 720 2605 ac
761 2528 1100 2606 vinculum
1145 2530 1485 2628 coniugii,
1527 2529 1707 2630 quod
1743 2528 1953 2603 oritur
1985 2555 2068 2601 ex
2099 2554 2435 2603 consensu
2475 2527 2866 2603 contrahen-

642 2648 812 2718 tium
845 2704 863 2733 ,
924 2647 1039 2744 qui
1102 2647 1241 2718 sint
1303 2647 1449 2718 iure
1510 2644 1770 2718 habiles
1822 2670 1901 2717 ac
1951 2642 2270 2740 legitimi,
2329 2669 2451 2718 seu
2502 2642 2726 2717 idonei
2776 2643 2864 2716 ad

641 2760 1169 2834 contrahendum
1196 2817 1212 2846 ,
1270 2786 1511 2858 nempe
1560 2757 1648 2832 ad
1698 2758 2157 2858 praebendum
2211 2783 2641 2833 consensum.
2708 2758 2867 2832 Sola

639 2874 870 2948 divina
904 2874 1009 2948 lex
1044 2890 1264 2974 potest
1305 2874 1804 2948 matrimonium
1855 2873 2230 2958 moderari,
2288 2873 2705 2948 conditiones
2740 2900 2865 2974 ap—

638 3015 890 3090 ponere
932 3047 947 3075 ,
1017 2989 1594 3090 proprietatesque
1654 2991 1958 3066 definire.
2018 2994 2185 3066 Nam
2236 2993 2422 3069 solus
2482 2993 2595 3067 ille
2645 3010 2865 3094 potest

635 3103 851 3202 legem
902 3104 1188 3178 condere
1220 3120 1286 3178 et
1319 3105 1585 3179 sancire
1633 3107 1813 3179 circa
1862 3107 2356 3181 matrimonium
2385 3166 2400 3193 ,
2458 3109 2576 3209 qui
2629 3109 2863 3181 matri-

635 3220 934 3293 monium
973 3220 1202 3320 ipsum
1239 3221 1569 3309 instituit,
1611 3237 1814 3321 atque
1848 3221 2167 3309 ecclesia,
2208 3223 2317 3295 cui
2356 3223 2528 3297 haec
2564 3238 2861 3322 potestas

636 3362 677 3408 a
724 3335 867 3409 Deo
931 3336 1420 3411 communicata
1468 3352 1595 3410 est.

774 3450 958 3524 Deus
984 3477 1182 3552 porro
1209 3451 1397 3525 solus
1424 3467 1551 3538 est,
1584 3452 1702 3552 qui
1730 3469 1806 3526 ut
1826 3451 2100 3526 Creator
2124 3469 2190 3527 et
2212 3451 2536 3527 Conditor
2563 3453 2859 3552 plasma-

630 3567 732 3640 vit
764 3565 1107 3640 hominem
1133 3624 1149 3653 ‚
1199 3566 1563 3666 eduxitque
1596 3592 1678 3640 ex
1713 3566 1920 3641 latere
1951 3567 2102 3641 eius
2137 3567 2533 3655 foeminam·;
2574 3583 2651 3641 ut
2684 3593 2865 3641 sum-

634 3708 786 3757 mus
843 3682 1143 3782 pontifex
1193 3707 1309 3756 eos
1371 3682 1439 3752 in
1500 3682 1885 3779 coniugium
1937 3682 2280 3782 copulavit
2329 3708 2410 3757 ac
2463 3683 2854 3768 benedixit,-

633 3812 711 3871 ut
742 3796 1086 3896 legislator
1118 3796 1332 3895 legem
1369 3795 1522 3870 tulit
1552 3796 1640 3870 de
1675 3811 1999 3896 perpetua
2033 3795 2338 3869 eiusdem
2375 3797 2672 3893 coniugii
2710 3797 2864 3868 uni-

634 3927 766 3985 tate
818 3937 899 3988 ao
951 3910 1544 3987 indissolubilitate
1577 3913 1757 4006 (33).
1794 3909 1990 3996 Quod
2035 3927 2347 4008 coeptum
2397 3925 2500 3983 est
2534 3910 2602 3982 in
2639 3926 2865 4009 proto—

786 4168 909 4218 ltem
940 4167 1061 4219 ibtd.
1082 4181 1196 4232 pag.
1219 4176 1305 4220 109
1327 4180 1465 4231 seqq.
1493 4169 1735 4219 Estrateo
1758 4164 1846 4216 del
1863 4165 2091 4217 discorso
2109 4165 2166 4217 dt
2182 4164 2504 4217 Bouteevtlle
2522 4164 2613 4216 sul
2625 4167 2870 4230 proqeuo

560 4287 569 4295 .
629 4246 687 4298 dt
725 4246 869 4311 lewe
900 4247 959 4297 al
1000 4246 1149 4298 titolo
1182 4250 1233 4296 V.
1265 4247 1365 4299 Del
1386 4249 1741 4298 matrimomo.

776 4330 877 4395 (3³)
911 4334 981 4382 Ex
1012 4330 1235 4381 doctrina
1260 4331 1503 4382 constanti
1526 4333 1727 4380 Petrum
1758 4334 1969 4395 quatuor
2002 4332 2224 4394 priorum
2246 4329 2552 4391 secutorum,
2572 4331 2629 4379 ut
2649 4325 2861 4378 ostendi·

630 4421 741 4462 mus
778 4410 831 4462 in
873 4410 1054 4462 nostris
1096 4409 1351 4462 Praelect.
1388 4409 1607 4472 Ηιεοὶος.
1643 4411 1785 4461 tract.
1826 4411 1899 4460 De
1931 4411 2201 4460 incarnat.
2227 4408 2624 4471 part.11.c·p.t.
2646 4409 2788 4471 Prop.
2811 4405 2865 4455 in
