3276 5083
586 463 726 514 mr.
750 464 837 514 iv.
864 464 943 514 ns
970 462 1206 514 meua.
1242 463 1358 513 rao
1384 463 1543 514 1.an
1568 465 1649 514 ns
1675 464 1867 515 ura.
1893 464 2019 515 civ.
2056 460 2197 515 Aur.
2233 467 2327 516 ιιι.
2469 445 2604 517 403

391 582 791 657 tbolicorum
825 581 892 653 id
932 581 1178 669 sensit,
1225 596 1342 654 aut
1387 581 1637 656 docuit.
1682 582 1812 654 Sed
1851 608 2097 655 munus
2141 584 2452 658 catholici
2488 612 2610 684 gu·-

392 698 607 771 bernii
659 712 762 769 est
808 696 1105 782 efficere,
1156 713 1232 770 ut
1281 697 1515 794 religio
1565 723 1743 797 qnae
1791 697 2127 772 declarata
2174 715 2278 773 est
2324 702 2467 773 sola
2519 720 2613 775 to·-

391 816 523 886 tius
568 815 758 911 requi
800 812 1031 910 religio
1078 811 1165 885 ab
1209 812 1524 886 omnibus
1586 831 1888 887 servetur
1929 830 2006 886 ut
2040 815 2259 902 decet;
2312 816 2612 917 alioquin

392 930 454 1004 si
505 929 781 1028 impune
831 953 913 1000 ac
958 943 1157 1026 prout
1212 927 1398 1001 lubet
1456 929 1714 1027 passim
1761 928 2047 1003 violetur
2071 987 2087 1016 ‚
2155 946 2376 1003 actum
2429 948 2612 1006 esset

391 1044 480 1117 de
516 1042 942 1117 observantia
980 1058 1048 1115 et
1085 1041 1413 1140 obsequio
1455 1043 1635 1141 qnod
1683 1042 1991 1140 religioni
2028 1042 2330 1117 debetur.
2374 1045 2450 1116 ln
2496 1074 2614 1119 cu-

393 1160 638 1258 iusque
670 1158 839 1231 foret
889 1156 1165 1231 arbitrio
1216 1183 1365 1230 eam
1415 1156 1802 1255 proculcare
1834 1215 1850 1245 ,
1910 1160 2263 1259 profanare
2316 1160 2564 1260 templa
2589 1208 2608 1247 ⁴

391 1272 817 1348 contumeliis
869 1273 1253 1347 sacerdotes
1305 1272 1587 1346 obruere
1613 1329 1628 1359 ‚
1686 1274 1835 1348 dies
1887 1275 2095 1349 festos
2146 1275 2435 1374 publicis
2471 1302 2616 1349 mo-

395 1389 745 1463 litionibus
794 1389 1049 1463 violare
1072 1447 1088 1477 ,
1148 1389 1418 1489 aliaque
1465 1390 1799 1463 eiusmodi
1853 1417 2172 1490 peragere
2204 1449 2219 1478 ,
2276 1419 2317 1465 a
2366 1392 2615 1491 quibus

393 1505 689 1603 perversi
727 1504 1034 1579 homines
1088 1504 1352 1579 arbitrii
1404 1506 1510 1579 sui
1561 1505 2014 1580 moderatores
2064 1534 2196 1582 non
2249 1507 2614 1581 abhorrent

398 1621 469 1691 in
521 1621 725 1693 totius
793 1619 1138 1718 religionis
1205 1635 1659 1718 contemptum
1724 1644 1803 1693 ac
1851 1621 2291 1695 eversionem.
2357 1622 2620 1719 Ergone

397 1736 685 1809 maiores
726 1736 982 1821 nostri,
1021 1736 1139 1835 qui
1175 1734 1447 1807 modum
1500 1751 1874 1834 posuerunt
1918 1735 2225 1809 scelestis
2270 1735 2615 1833 religionis

399 1849 967 1949 profanatoribus,
992 1874 1247 1949 eosque
1268 1849 1356 1922 ad
1383 1847 1682 1922 officium
1703 1907 1718 1936 ,
1760 1864 2106 1923 externum
2136 1848 2399 1937 saltem,
2431 1876 2618 1950 prae·-

399 1966 713 2039 standum
764 1965 1267 2064 compulerunt,
1325 1964 1541 2037 fuisse
1598 1964 1943 2038 iudicandi
1982 1982 2140 2039 sunt
2173 1967 2353 2039 caeci
2390 1992 2468 2039 ac
2504 1993 2619 2039 su·-

397 2080 765 2182 perstitiosi
802 2104 1019 2179 usque
1046 2079 1132 2152 ad
1168 2104 1406 2152 novam
1443 2078 1695 2165 lucem,
1727 2104 1932 2178 quam
1957 2080 2228 2195 tandem
2255 2080 2618 2229 aliquando

399 2192 709 2268 hodierni
761 2192 1235 2290 legumlator-es
1288 2190 1752 2264 induxerunt?

541 2311 686 2383 Non
723 2307 849 2381 fert
881 2306 1252 2381 catholicae
1303 2306 1649 2404 religionis
1702 2307 1963 2381 indoles
1984 2366 1999 2394 ‚
2037 2323 2112 2380 ut
2145 2322 2466 2406 cogantur
2501 2307 2619 2378 im-

398 2424 497 2524 pii
546 2424 636 2498 ad
687 2449 770 2497 ea
820 2423 1228 2522 praestanda
1277 2422 1502 2497 officia
1528 2480 1544 2509 ‚
1593 2422 1847 2523 quibus
1897 2449 2014 2497 eos
2054 2422 2467 2496 conscientia
2501 2423 2619 2496 de·-

392 2541 605 2616 vincit
634 2599 651 2628 ,
711 2541 895 2614 iuxta
943 2555 1270 2614 oratorem
1310 2555 1645 2625 nostrum3
1688 2555 1978 2613 attamen
2013 2535 2416 2640 saepissime
2452 2538 2619 2612 haec

394 2657 550 2756 ipsa
601 2656 840 2752 religio
891 2654 1274 2735 subsidium
1325 2652 1638 2727 adhibuit
1679 2652 1939 2726 brachii
1983 2652 2384 2740 saecularis,
2434 2652 2616 2752 quod

398 2785 688 2856 vocant,
746 2785 821 2842 ut
868 2769 1215 2842 coactione
1263 2783 1535 2841 externa
1582 2768 1821 2868 quovis
1864 2783 2159 2866 tempore
2213 2767 2616 2841 reluctantes

397 2886 700 2982 adigeret
732 2884 819 2957 ad
852 2882 1361 2984 obsequendum
1386 2940 1401 2968 ,
1435 2898 1635 2981 atque
1671 2881 1757 2954 ad
1794 2907 2022 2954 eorum
2064 2883 2619 2982 compescendam

402 3000 778 3075 audaciam.
815 2998 994 3083 Quid
1050 3013 1291 3072 norunt
1333 2998 1486 3071 novi
1538 2997 1652 3070 isti
1703 2997 2119 3094 legislatores
2153 2997 2240 3071 de
2274 2996 2618 3094 religionis

402 3111 679 3187 indole?
724 3113 1110 3212 Respiciant
1160 3114 1383 3212 potius
1435 3113 2054 3212 protestantismum
2094 3128 2160 3184 et
2208 3112 2618 3208 anglicanis-‹-

401 3254 617 3313 mum,
674 3228 793 3327 qui
847 3243 1005 3300 sunt
1053 3226 1429 3325 exemplum
1471 3227 1579 3298 cui
1623 3252 1775 3298 sese
1816 3226 2229 3299 conformare
2264 3225 2446 3298 omni
2490 3251 2618 3324 ope

402 3343 712 3429 student,
761 3342 1169 3440 videantque
1219 3366 1380 3413 num
1431 3341 1775 3440 principes
1827 3355 2268 3440 protestantes
2310 3354 2376 3413 et
2413 3340 2620 3436 angli·

401 3459 553 3530 cani
595 3473 836 3556 cogant
882 3482 1006 3529 nec
1040 3484 1126 3529 ne
1172 3456 1479 3529 subditos
1525 3482 1685 3530 suos
1722 3456 1806 3527 ad
1842 3482 1922 3528 ea
1958 3455 2398 3555 praestanda,
2445 3482 2619 3555 quae

402 3574 732 3672 cuiusque
799 3588 1011 3647 status
1069 3572 1306 3671 religio
1354 3571 1441 3645 ab
1492 3572 1666 3670 ipsis
1733 3573 1940 3669 exigit
1999 3575 2174 3667 (84).
2233 3574 2467 3672 Itaque
2516 3573 2620 3644 in-

552 3866 653 3929 (st)
684 3870 773 3917 Ex.
794 3881 866 3931 gr.
884 3882 983 3931 quo
1002 3866 1158 3931 rigore
1184 3869 1359 3930 cogant
1380 3865 1646 3916 catholicos
1667 3864 1728 3915 ad
1749 3865 2007 3916 solvendas
2030 3865 2244 3916 decimas
2265 3866 2368 3916 sive
2391 3866 2439 3915 in
2455 3867 2628 3929 Anglia

403 3948 507 3999 sive
528 3946 581 3996 in
593 3946 825 3997 Hibernia
843 3947 1110 4011 anglicanis
1130 3946 1237 3997 sive
1257 3947 1495 4010 episcopis
1512 3947 1615 3995 sive
1632 3946 1743 3995 aliis
1763 3945 2072 3995 inferioribus
2094 3946 2346 4008 ministri8‚
2363 3947 2453 3997 etsi
2467 3949 2628 3997 catho-

403 4026 484 4076 lici
508 4026 713 4076 istorum
739 4039 887 4089 opera
918 4039 1075 4090 neque
1100 4027 1325 4088 utantur,
1354 4037 1443 4075 nec
1473 4024 1545 4074 uti
1580 4024 1768 4088 possint
1790 4023 1840 4073 in
1863 4024 2112 4087 religionis
2144 4025 2354 4087 negotio.

545 4106 651 4155 Non
689 4106 759 4154 ita
786 4104 976 4168 pridem
1008 4104 1165 4168 pistor
1197 4105 1246 4153 in
1280 4105 1453 4167 Anglia
1483 4104 1771 4167 gravissima
1801 4106 1875 4154 est
1902 4118 2057 4168 poena
2079 4104 2315 4154 multatus
2333 4106 2419 4168 qui
2446 4119 2628 4168 paucos

404 4197 554 4248 panes
574 4183 864 4236 vendiderat
882 4183 1076 4234 cuidam
1093 4183 1390 4234 necessarios
1408 4197 1467 4234 eo
1485 4183 1619 4246 quod
1641 4197 1700 4234 ex
1720 4185 1987 4247 improviso
2000 4184 2061 4234 ad
2083 4198 2197 4235 eum
2215 4188 2521 4249 pervenerint
2542 4183 2626 4235 ad·

404 4276 556 4314 venae
589 4264 735 4315 amici
763 4265 813 4314 et
843 4263 1108 4327 propinqui
1138 4264 1386 4313 dominica
1416 4264 1511 4314 die.
1537 4267 1640 4314 Vae
1681 4267 1845 4314 autem
1878 4265 1949 4314 illi
1983 4266 2068 4328 qui
2102 4266 2149 4314 in
2181 4267 2553 4329 protestantium
2578 4268 2628 4316 et

402 4343 764 4405 anglicanorum
784 4344 1006 4409 templis,
1031 4343 1216 4407 aliquid
1244 4343 1459 4394 indecori
1482 4346 1758 4407 perageret!
1780 4346 1878 4394 Nec
1897 4345 1946 4394 in
1969 4346 2063 4395 hoc
2089 4349 2204 4395 sunt
2227 4345 2626 4410 reprehendendi,

404 4421 445 4471 si
468 4422 839 4486 phariseismum
877 4424 1120 4489 excipias,
1153 4424 1239 4486 qui
1273 4422 1406 4488 apud
1449 4424 1564 4474 illos
1593 4424 1753 4488 viget,
1788 4427 1845 4475 ut
1876 4428 2011 4488 patet
2039 4440 2097 4476 ex
2127 4426 2325 4489 pistoris
2343 4427 2582 4490 exemplo.

2484 4507 2522 4546 τὶ
