3276 5083
536 457 673 507 car.
701 456 789 505 ιν.
814 449 895 505 nn
929 450 1165 507 Anaua.
1194 452 1310 505 rao
1339 452 1599 505 trasna
1623 453 2140 507 mra„.c1v.-Aar.
2173 454 2267 505 ιιι.
2427 428 2568 505 413

355 576 500 649 leve
561 590 668 646 est
713 572 1078 648 adversarii
1145 589 1433 647 erratum
1462 630 1477 661 ,
1536 568 1895 646 concilium
1947 574 2374 646 florentinum
2424 576 2572 674 Spi-

356 691 486 762 ritu
535 691 776 762 Sancto
835 690 1206 789 inspirante
1277 688 1606 763 eiusmodi
1676 688 1976 763 edidisse
2041 687 2500 763 definitionem
2541 746 2566 777 f

357 831 562 904 quam
621 806 769 907 ipse
819 806 1214 879 autumavit.

501 922 690 993 Nunc
737 946 896 994 vero
947 921 1405 994 animadverto
1439 978 1454 1009 ‚
1512 921 1572 993 si
1625 920 1895 1021 proprie
1950 919 2307 1019 loquamur
2344 977 2359 1006 ‚
2434 945 2569 994 non

358 1035 634 1135 quidem
685 1035 1044 1109 concilium
1092 1036 1522 1109 florentinum
1554 1094 1570 1122 ,
1621 1036 1741 1109 sed
1783 1035 2007 1135 potius
2050 1036 2426 1133 Eugenium
2459 1035 2564 1106 lv.

356 1150 429 1221 in
478 1175 604 1222 sua
651 1150 1127 1223 constitutione
1169 1177 1290 1249 pro
1330 1150 1658 1238 armenis,
1706 1165 1774 1223 et
1813 1149 2085 1249 quidem
2127 1165 2281 1250 post
2315 1150 2573 1223 disces-

355 1290 506 1339 sum
533 1290 923 1362 graecorum
953 1266 1022 1337 in
1051 1264 1335 1338 basilica
1376 1265 1781 1339 lateranensi
1809 1266 1877 1337 in
1904 1292 2039 1364 qua
2072 1264 2426 1337 concilium
2461 1265 2577 1338 sso-

355 1381 693 1452 rentinum
738 1380 1199 1453 continuatum
1223 1379 1374 1467 fuit,
1406 1396 1482 1452 ut
1506 1378 1672 1453 alibi
1702 1379 2165 1453 adnotavimus
2185 1436 2200 1467 ‚
2231 1378 2525 1452 edixisse
2554 1407 2567 1450 :

361 1522 398 1563 α
426 1494 649 1567 Causa
697 1494 1004 1568 efficiens
1047 1495 1456 1568 matrimonii
1510 1494 1904 1592 regulariter
1948 1509 2053 1567 est
2102 1509 2375 1566 mutuus
2424 1516 2578 1566 con-

355 1633 601 1683 sensus
649 1636 770 1708 per
815 1609 1019 1682 verba
1057 1610 1143 1682 de
1169 1610 1507 1708 praesenti
1550 1635 1913 1708 expressus
1954 1612 2182 1705 (96).»
2208 1609 2400 1695 Quae
2435 1609 2579 1708 qui-

353 1722 507 1796 dem
557 1724 764 1797 verba
821 1726 1165 1797 mutuatus
1217 1718 1323 1797 est
1370 1725 1717 1821 Eugenius
1784 1725 1885 1795 1v.
1930 1722 2211 1822 perinde
2247 1748 2327 1798 ac
2359 1739 2580 1797 cetera

358 1841 620 1926 omnia,
667 1864 843 1939 quae
877 1839 947 1911 in
985 1839 1113 1912 hac
1150 1867 1278 1913 sua
1309 1840 1791 1914 constitutione
1843 1838 1930 1913 ad
1981 1856 2396 1913 sacramenta
2430 1863 2582 1937 per-

358 1955 609 2041 tinent,
665 1981 746 2027 ex
796 1955 1124 2054 opusculo
1171 1948 1248 2026 V'.
1293 1981 1351 2027 s.
1384 1946 1812 2027 Thomae'de
1860 1956 2305 2028 sacramentis
2348 1956 2524 2049 (97).

501 2066 698 2138 Nulla
729 2067 965 2165 utique
1000 2067 1069 2137 in
1104 2060 1526 2164 assignanda
1558 2092 1768 2139 causa
1800 2067 2116 2140 efficienti
2168 2068 2580 2141 matrimonii

364 2180 439 2252 fit
486 2179 740 2253 mentio
792 2180 1159 2254 sacerdotis
1193 2238 1208 2267 ‚
1264 2181 1429 2279 quia
1477 2207 1559 2254 ex
1608 2195 1829 2253 mente
1878 2180 2220 2254 Pontificis
2270 2196 2339 2255 et
2370 2180 2578 2281 Aqui-

358 2295 538 2369 natis
566 2353 582 2382 ,
622 2295 915 2368 ministri
957 2295 1163 2369 huius
1207 2297 1649 2382 sacramenti,
1705 2311 1782 2367 ut
1828 2295 2079 2394 pariter
2126 2319 2253 2368 nos
2304 2311 2579 2368 conten-

358 2409 588 2482 dimus
612 2467 627 2496 ‚
685 2425 844 2482 sunt
898 2408 1371 2483 contrahentes
1423 2409 1556 2510 ipsi
1592 2467 1606 2496 ‚
1664 2425 1864 2508 atque
1913 2408 2061 2482 eius
2110 2408 2417 2487 efficacia
2457 2435 2581 2508 per

356 2549 423 2596 se
475 2550 518 2598 a
562 2521 1034 2597 benedictione
1072 2523 1479 2598 sacerdotali
1524 2522 1909 2598 nullatenus
1953 2523 2222 2622 pendet.

500 2638 800 2713 Alterum
850 2639 1155 2713 eiusdem
1201 2641 1532 2714 senatoris
1575 2639 1866 2736 theologi
1904 2654 2194 2712 erratum
2229 2655 2355 2725 est,
2397 2639 2582 2738 quod

358 2755 646 2828 affirmet
694 2755 960 2829 concilii
1014 2773 1240 2854 patres
1289 2754 1616 2828 cardinali
1688 2755 2118 2851 Lotharingio
2185 2747 2582 2855 proponenti

358 2869 794 2943 irritationem
820 2871 1284 2968 coniugiorum
1309 2870 1880 2945 clandestinorum
1912 2870 2351 2969 respondisse
2361 2868 2582 2957 ,haud

361 3008 567 3081 posse
633 2984 995 3057 concilium
1062 2986 1325 3059 irritare
1357 3043 1373 3073 ,
1447 2986 1630 3087 quod
1683 3013 1724 3059 a
1770 3011 1959 3060 conc.
2030 2986 2385 3059 florentino
2461 3011 2584 3084 ap·

360 3097 714 3197 probatum
752 3099 988 3172 fuerat.
1041 3100 1303 3174 Etenim
1357 3103 1416 3175 si
1468 3129 1577 3175 res
1628 3103 1722 3174 ita
1773 3129 1848 3175 se
1899 3101 2216 3189 haberet,
2266 3128 2421 3174 cum
2462 3102 2581 3173 tri-

363 3211 712 3285 deminum
741 3228 1007 3313 postea,
1040 3215 1496 3288 consentiente
1531 3216 1768 3289 maiori
1795 3230 2069 3315 ‘patrum
2108 3231 2320 3314 parte,
2355 3215 2583 3313 reipsa

366 3328 725 3401 irritaverit
782 3327 1203 3402 clandestina
1264 3331 1693 3404 matrimonia
1736 3388 1751 3416 ,
1821 3356 1971 3403 sese
2034 3329 2305 3403 tandem
2372 3351 2584 3429 oppo⁴

367 3442 620 3517 suisset
666 3444 1062 3518 florentino:
1107 3472 1227 3518 seu
1261 3446 1446 3518 iuxta
1480 3446 1940 3518 adversarium
1984 3470 2136 3518 cum
2181 3470 2313 3518 non
2359 3445 2584 3518 minus

366 3557 725 3631 concilium
772 3558 1209 3632 tridentinum
1252 3586 1457 3659 quam
1500 3561 1930 3634 florentinum
1956 3561 2158 3633 fuerit
2182 3558 2584 3657 inspiratum

362 3696 405 3743 a
438 3672 689 3771 Spiritu
724 3674 990 3761 Sancto,
1024 3675 1314 3773 Spiritus
1356 3676 1642 3748 Sanctus
1679 3675 1812 3748 sibi
1852 3675 1985 3774 ipsi
2023 3673 2391 3748 contrarius
2427 3674 2589 3746 fuiss

365 3799 491 3858 set.
541 3786 734 3858 Hanc
781 3813 940 3860 vero
990 3790 1523 3862 contrarietatem
1569 3815 1689 3862 seu
1725 3789 2259 3863 colluctationem
2296 3789 2588 3888 Spiritus

363 3898 591 3972 Sancti
626 3926 779 3973 cum
816 3903 1181 4003 semetipso
1215 3905 1744 4002 protestantibus
1779 3904 2249 4003 relinquimus,
2291 3904 2413 4003 qui
2452 3929 2585 3978 non

362 4030 676 4088 verentur
734 4018 988 4115 passim
1045 4019 1334 4092 tribuere
1393 4019 1670 4119 Spiritui
1732 4021 1974 4093 Sancto
2034 4019 2586 4094 contradictorias

367 4157 526 4206 suas
562 4129 930 4206 Bibliorum
984 4134 1586 4235 interpretationes.

508 4320 609 4382 (98)
638 4318 781 4383 Apud
811 4318 1051 4370 Huduin.
1076 4324 1205 4373 Aeta
1229 4322 1414 4373 concil.
1438 4325 1557 4374 tom.
1584 4325 1672 4373 lx.
1697 4323 1793 4372 col.
1817 4326 1926 4373 440.

513 4400 614 4460 (97)
648 4399 774 4448 lbtd.
802 4400 901 4450 col.
930 4404 1038 4452 ⁴37.
