3276 5083
612 448 749 519 102
1016 471 1139 521 un.
1185 471 1230 519 ι.
1276 469 1446 519 sacr.
1490 470 1535 518 1.
1580 471 1659 519 ns
1711 469 1972 519 tunuli.
2017 468 2444 519 sacunino.

611 614 750 661 sem
803 588 1113 686 scripsit:
1179 617 1212 655 ι(
1258 588 1356 661 De
1405 585 1738 683 coniugali
1791 603 2008 658 autem
2060 584 2388 658 velatione
2441 587 2826 684 requisisti,

608 706 667 775 si
719 702 1169 801 desponsatam
1221 700 1334 774 alii
1391 700 1679 802 puellam
1736 701 1902 774 alter
1953 702 2016 772 in
2069 700 2564 773 matrimonium
2620 701 2836 799 possit

608 819 940 918 accipere.
968 818 1109 891 Hoc
1136 843 1292 891 vero
1318 843 1399 889 ne
1431 816 1578 903 fiat,
1618 817 1931 889 omnibus
1965 815 2181 889 modis
2217 814 2638 887 inhibemus:
2674 817 2836 914 quia

612 933 726 1007 illa
757 933 1127 1016 benedictio,
1160 943 1356 1030 'quam
1382 945 1700 1029 nupturae
1732 926 2038 1004 sacerdos
2061 932 2365 1028 imponit,
2393 929 2570 1028 apud
2599 928 2839 1001 fideles

609 1048 960 1122 cuiusdam
1010 1046 1342 1144 sacrilegii
1394 1047 1605 1119 instar
1645 1062 1786 1132 est,
1836 1046 1894 1119 si
1947 1044 2084 1119 ulla
2135 1044 2667 1141 transgressione
2687 1043 2838 1118 vio-

612 1162 782 1236 letur
815 1164 993 1257 (2).»
1029 1163 1260 1260 ltaque
1305 1160 1434 1233 hoc
1486 1160 1554 1231 in
1607 1176 1787 1233 textu
1855 1185 2072 1233 sermo
2122 1160 2318 1232 unice
2367 1173 2471 1231 est
2519 1158 2601 1230 de
2648 1185 2841 1256 spon-

613 1276 902 1360 salibus,
945 1302 1120 1375 quae
1161 1274 1320 1347 olim
1370 1298 1504 1346 non
1556 1298 1753 1347 secus
1789 1299 1869 1345 ac
1904 1272 2395 1346 matrimonium
2424 1298 2465 1344 a
2488 1271 2838 1345 sacerdote

615 1390 1218 1476 benedicebantur,
1273 1406 1340 1464 et
1386 1414 1466 1460 ex
1515 1388 1840 1462 ecclesiae
1889 1387 2148 1485 legibus
2198 1385 2434 1460 violari
2476 1413 2605 1459 non
2654 1402 2840 1486 pote-

614 1521 766 1578 rant
821 1509 965 1600 (3),
1024 1519 1233 1603 prout'
1271 1529 1487 1603 neque
1535 1520 1752 1576 aetate
1800 1502 1928 1576 bac
1986 1517 2216 1575 nostra
2271 1500 2506 1574 violari
2564 1502 2844 1602 impune

624 1635 901 1719 queunt.
937 1618 1106 1705 Quis
1133 1645 1293 1693 vero
1324 1618 1566 1691 dixerit
1602 1644 1723 1717 per
1755 1617 2278 1691 benedictionem
2318 1616 2792 1690 sacerdotalem
2817 1676 2833 1702 ‚

617 1760 793 1832 quae
824 1732 1288 1809 conferebatur
1310 1733 1396 1806 iis
1423 1733 1540 1832 qui
1577 1733 1850 1832 nupturi
1885 1748 2095 1820 erant,
2131 1758 2250 1806 seu
2279 1733 2547 1830 nuptias
2585 1730 2844 1806 futuras

620 1847 750 1920 sibi
804 1846 1259 1947 spondebant,
1311 1847 1552 1921 confici
1605 1864 2092 1921 sacramentum
2118 1905 2134 1933 ,
2189 1847 2359 1920 adeo
2407 1865 2483 1919 ut
2530 1846 2846 1921 sacerdos

619 1962 919 2035 eiusdem
971 1962 1366 2038 sacramenti
1417 1962 1723 2035 minister
1765 1961 1995 2034 baberi
2037 1959 2295 2060 possit?
2330 1961 2585 2033 Exinde
2620 1961 2846 2059 potius

624 2094 1085 2174 argumentum
1152 2078 1476 2153 adversus
1544 2078 1944 2151 sententiam
1973 2091 1976 2096 '
2009 2104 2050 2150 a
2108 2076 2289 2150 Cano
2353 2092 2841 2176 propugnatam

623 2193 907 2290 exurgit.
944 2195 1118 2290 Ergo
1168 2211 1235 2268 et
1284 2195 1394 2267 hic
1445 2210 1663 2267 textus
1715 2192 1949 2293 seponi
2002 2192 2224 2266 debet.

662 2387 665 2392 ,
765 2310 1164 2384 Tertius‘est
1198 2309 1508 2384 Nicolaus
1545 2311 1597 2381 1.
1631 2310 1826 2384 cuius
1877 2309 2014 2383 duo
2067 2324 2282 2382 textus
2334 2324 2734 2409 supersunt,
2776 2310 2845 2379 in

622 2450 906 2523 quorum
944 2425 1164 2499 'altero
1213 2424 1491 2523 legitur:
1555 2455 1590 2494 α
1622 2425 1918 2498 Primum
1966 2424 2269 2521 diligenti
2336 2424 2848 2521 investigatione

626 2541 981 2638 inquirite:
1024 2558 1090 2616 et
1124 2541 1182 2614 si
1220 2543 1524 2615 eumdem
1560 2539 1925 2638 gloriosum
1968 2567 2187 2638 regem
2233 2541 2647 2641 praedictum
2690 2541 2852 2637 (Lo-

624 2655 959 2748 tbarium)
990 2655 1445 2743 waldradam,
1490 2657 1883 2755 praemissis
1919 2656 2186 2731 dotibus
2210 2716 2224 2744 ,
2265 2683 2488 2730 coram
2524 2657 2807 2730 testibus
2831 2717 2845 2743 ,

631 2769 1003 2842 secundum
1055 2769 1269 2867 legem
1303 2787 1369 2844 et
1411 2772 1609 2844 ritum
1638 2829 1655 2859 ,
1712 2797 1848 2871 quo
1896 2772 2180 2871 mystice
2228 2771 2547 2846 celebrari
2600 2771 2846 2858 solent,

631 2910 750 2985 per
798 2884 1024 2957 omnia
1073 2885 1458 2960 inveneritis
1505 2887 1876 2961 accessisse
1908 2904 1974 2959 et
2007 2886 2279 2987 publica
2313 2886 2849 2963 manifestatione

629 2998 863 3072 eadem
908 2999 1269 3074 Waldrada
1320 3002 1390 3074 in
1443 3002 1938 3077 matrimonium
1993 3001 2177 3077 illius
2229 3003 2526 3076 admissa
2569 3002 2698 3090 sit,
2746 3003 2851 3076 vel

633 3113 774 3187 filia
798 3116 1078 3190 Bosonis
1109 3115 1480 3191 admissa.»
1508 3118 1582 3189 In
1609 3116 1817 3193 altero
1854 3134 2074 3191 autem
2126 3135 2304 3192 textu
2355 3118 2634 3192 dicitur:
2674 3148 2709 3187 «
2732 3119 2852 3189 Sin

631 3256 790 3303 vero
839 3232 1113 3304 minime
1163 3231 1513 3332 probatum
1565 3234 1795 3321 fuerit,
1835 3233 2267 3308 Waldradam
2317 3260 2588 3307 uxorem
2639 3233 2854 3306 fuisse

635 3344 1034 3443 legitimam,
1079 3373 1298 3445 neque
1333 3348 1605 3446 nuptiis
1642 3348 2014 3423 secundum
2057 3376 2307 3423 morem
2355 3348 2703 3423 celebratis
2733 3375 2858 3446 per

639 3460 1129 3535 benedictionem
1159 3463 1404 3535 scilicet
1437 3463 1786 3537 sacerdotis
1814 3462 1952 3537 filio
1979 3482 2202 3539 nostro
2229 3463 2527 3538 Hlotario
2551 3464 2853 3538 extitisse

782 3704 851 3766 (2)
885 3703 1027 3768 Apud
1058 3704 1295 3754 Constant
1327 3705 1496 3767 Epist.
1520 3715 1652 3754 rom.
1667 3703 1866 3768 pontis.
1888 3705 1983 3755 col.
2004 3711 2113 3755 628.

783 3782 852 3842 (3)
883 3782 1204 3833 verissimum
1245 3784 1318 3834 est
1349 3783 1667 3833 violationem
1695 3785 1994 3848 sponsalium
2027 3786 2293 3848 spectatam
2327 3785 2447 3837 olim
2480 3785 2633 3835 veluti
2663 3786 2856 3835 sacrile-

637 3858 771 3921 gium
792 3859 967 3923 ruisse,
988 3864 1039 3912 et
1060 3860 1290 3913 ecclesiae
1310 3874 1521 3912 canones
1542 3862 1823 3913 adiecerunt
1842 3876 2022 3927 poenas
2041 3876 2098 3913 ac
2122 3876 2349 3913 censuras
2367 3864 2417 3914 in
2430 3876 2532 3927 eos,
2556 3865 2641 3927 qui
2661 3877 2769 3914 eam
2789 3866 2858 3915 at-

637 3940 929 4002 tentassent,
958 3942 1032 3991 ati
1065 3942 1233 3993 videre
1258 3942 1333 3992 est
1361 3940 1492 4005 apud
1526 3942 1764 4005 Bingbam
1798 3946 2031 4007 Oricines
2061 3945 2172 3993 sive
2203 3946 2549 4009 antiquitates
2571 3943 2859 3994 ecclesiast.

637 4020 759 4066 tom.
777 4019 860 4067 lx.
883 4018 969 4068 lib.
993 4026 1069 4070 22.
1087 4034 1195 4084 cap.
1222 4028 1267 4071 3.
1286 4019 1334 4084 §.
1358 4026 1404 4071 9.
1426 4033 1536 4084 pag.
1562 4027 1653 4071 325
1674 4034 1780 4084 seq.
1803 4020 1887 4071 ubi
1910 4021 2057 4071 etiam
2091 4021 2154 4071 de
2187 4021 2524 4072 benedictione
2542 4060 2558 4085 ,
2585 4034 2714 4086 quae
2735 4035 2766 4071 a
2786 4034 2860 4072 sa·

641 4096 837 4147 cerdote
855 4098 1161 4165 sponsalibus
1186 4098 1540 4161 conserebatur,
1565 4111 1726 4150 sermo
1749 4101 1847 4163 est;
1881 4098 2080 4163 perinde
2101 4112 2160 4149 ac
2179 4100 2310 4164 apud
2332 4100 2566 4150 Goarium
2589 4100 2638 4149 ln
2659 4100 2860 4151 Euclio·

644 4176 796 4239 loqio,
820 4178 871 4226 et
891 4174 1022 4239 apud
1040 4179 1332 4229 martenium
1346 4181 1423 4229 De
1445 4180 1679 4242 antiquis
1695 4177 1939 4229 eeclesiae
1955 4178 2165 4239 ritibus,
2176 4179 2262 4229 nbi
2281 4181 2442 4243 agitur
2459 4178 2522 4229 de
2535 4178 2861 4243 sponsalibus.

641 4259 704 4306 D.
722 4268 838 4307 vero
852 4252 1154 4305 Constantia
1171 4258 1300 4308 notis
1313 4258 1377 4308 ad
1394 4259 1520 4309 hanc
1533 4258 1789 4321 epistolam
1820 4258 1999 4309 fatetur
2014 4271 2055 4309 s.
2069 4258 2296 4310 siricium
2335 4260 2397 4310 de
2429 4258 2736 4323 sponsalibus
2769 4258 2863 4308 hoc

643 4336 695 4384 in
721 4334 830 4384 loco
849 4346 956 4384 esse
989 4333 1382 4400 intelligendum,
1415 4339 1562 4401 atque
1594 4336 1779 4387 idcirco
1803 4337 1865 4386 de
1885 4336 2216 4389 benedictione
2240 4338 2530 4389 sacerdotali
2552 4338 2864 4403 sponsalibus

642 4415 885 4479 impertita
902 4427 1007 4464 esse
1024 4414 1257 4465 locutum.
