3276 5083
670 409 808 481 304
1067 427 1191 481 m:
1232 429 1278 479 1.
1319 424 1790 479 snei-:Atreu
1833 427 1912 476 nr.
1961 424 2225 478 numu.
2266 388 2500 477 civius

662 574 925 646 gemus.
976 547 1050 618 ln
1104 547 1217 620 tali
1272 547 1472 644 igitur
1524 572 1742 619 rerum
1794 543 2218 630 conditione,
2277 544 2441 643 quid
2491 544 2773 631 mirum,
2815 545 2874 619 si

670 664 893 763 plures
944 662 1365 736 inveniantur
1390 721 1405 749 ,
1445 663 1587 761 qui,
1631 687 1782 734 cum
1834 661 2052 758 agitur
2083 659 2170 732 de
2203 659 2525 733 ecclesiae
2576 660 2871 757 legibus,

668 806 786 853 eas
813 780 1085 878 impune
1108 779 1646 877 praevaricentur
1667 835 1683 864 ,
1715 769 2152 876 pessumdant
2175 793 2376 875 atque
2402 767 2881 850 contemnant?

672 896 932 968 Gloriae
982 895 1202 994 potius
1252 894 1383 967 sibi
1435 893 1690 968 ducunt
1740 894 1828 966 ita
1865 920 1940 966 se
1976 918 2237 989 gerere,
2277 918 2530 991 eosque
2563 892 2874 980 irrident,

671 1011 789 1111 qui
839 1009 1084 1084 vellent
1133 1035 1248 1083 eos
1301 1008 1387 1082 ab
1438 1008 1566 1082 hac
1617 1007 1953 1082 sentiendi
2022 1007 2400 1106 agendique
2464 1006 2717 1080 ratione
2766 1007 2883 1080 de·

677 1125 946 1199 ducere.

820 1240 1035 1313 Semel
1068 1265 1149 1313 ac
1183 1256 1405 1313 autem
1441 1237 1724 1312 nexibus
1758 1238 2066 1312 civilibus
2104 1237 2515 1338 nuptialibus
2551 1236 2882 1310 eiusmodi

678 1356 982 1430 homines
1018 1381 1093 1429 se
1129 1355 1517 1442 irretierint,
1557 1353 1835 1426 difficile
1867 1353 2137 1427 omnino
2185 1369 2289 1425 est
2336 1369 2412 1425 ut
2459 1352 2546 1425 ab
2596 1352 2682 1424 iis
2734 1377 2886 1425 sese

675 1471 997 1545 extricent
1021 1528 1037 1559 ,
1095 1470 1455 1569 praecipue
1504 1469 1564 1542 si
1616 1468 1703 1541 ad
1755 1483 2016 1568 tempus
2074 1467 2350 1567 aliquod
2416 1466 2673 1567 absque
2730 1493 2890 1540 con-

678 1586 996 1660 scientiae
1030 1587 1163 1658 iam
1198 1586 1490 1683 sopitae,
1530 1585 1786 1684 diuque
1812 1580 2227 1683 contemptae
2252 1609 2497 1680 angore
2530 1584 2888 1680 coniugum

676 1726 866 1775 more
914 1700 1344 1774 convixerint.
1398 1698 1570 1771 Hinc
1620 1699 1754 1770 rari
1805 1697 2163 1771 admodum
2215 1714 2374 1771 sunt
2395 1755 2410 1784 ‚
2466 1699 2582 1797 qui
2631 1699 2714 1769 de
2762 1723 2892 1770 suo

680 1830 857 1889 statu
921 1815 1195 1888 tandem
1260 1830 1499 1888 exeant
1545 1839 1623 1887 ac
1685 1814 2086 1914 resipiscant
2133 1813 2220 1886 ad
2269 1813 2514 1886 bonam
2580 1814 2833 1910 frugem
2869 1871 2885 1898 ,

681 1948 880 2030 atque
929 1930 1422 2004 matrimonium
1474 1956 1672 2002 suum
1722 1956 1945 2003 coram
1996 1929 2280 2003 ecclesia
2332 1944 2545 2001 ratum
2598 1929 2846 2001 faciant
2871 1987 2887 2013 ,

682 2071 805 2118 seu
855 2044 1081 2144 potius
1130 2070 1285 2118 vere
1335 2044 1585 2117 ineant.
1646 2043 1954 2143 Plerique
2001 2044 2177 2116 enim
2206 2102 2220 2130 ,
2263 2059 2379 2116 aut
2427 2043 2743 2144 culpabili
2779 2069 2897 2114 ne-

683 2161 1000 2258 gligentia
1025 2218 1042 2248 ,
1098 2151 1237 2234 aut.
1261 2160 1556 2257 religiosi
1607 2186 1854 2234 sensus
1905 2160 2166 2249 defectu
2199 2218 2214 2247 ,
2271 2175 2387 2231 aut
2434 2160 2636 2232 etiam
2686 2150 2898 2231 eccle-

686 2278 829 2351 siae
895 2291 1315 2376 contemptu,
1373 2292 1489 2348 aut
1537 2276 1772 2350 timore
1820 2277 2224 2376 quandoque
2272 2276 2613 2349 mundano
2662 2276 2891 2363 ducti,

686 2419 770 2465 ne
794 2391 881 2465 ab
915 2391 1217 2464 eiusdem
1256 2389 1465 2486 frugis
1501 2388 1888 2462 hominibus
1925 2391 2112 2489 parvi
2150 2390 2617 2477 aestimentur,
2650 2417 2691 2463 a
2716 2389 2900 2462 cbri-

686 2507 889 2581 stiani
930 2506 1224 2580 muneris
1275 2504 1499 2580 officio
1551 2505 1983 2605 adimplendo
2035 2506 2411 2593 abstinent,
2454 2505 2633 2580 civili
2668 2505 2901 2580 coniu-

685 2625 797 2720 gio
847 2622 1163 2696 contenti.

832 2738 1071 2810 Verum
1097 2794 1112 2824 ,
1169 2737 1350 2835 quod
1403 2736 1624 2811 adhuc
1676 2738 1970 2812 deterius
2021 2755 2164 2827 est,
2221 2766 2374 2812 cum
2425 2740 2686 2841 puellae
2733 2739 2906 2813 deli-

674 2853 963 2925 ·catioris
1024 2852 1472 2925 conscientiae
1522 2879 1677 2926 esse
1727 2853 2030 2940 soleant,
2089 2880 2222 2928 non
2275 2856 2479 2930 semel
2531 2883 2572 2929 a
2621 2855 2903 2955 perditis

684 2967 1021 3041 eiusmodi
1074 2967 1458 3041 hominibus
1508 2968 1958 3067 decipiuntur.
2013 2970 2178 3042 Nam
2224 2987 2298 3044 ut
2334 2998 2452 3045 eas
2490 2973 2777 3072 primum
2813 2972 2902 3045 ad

688 3083 922 3158 civiles
959 3084 1228 3184 nuptias
1262 3083 1617 3172 inducant,
1661 3079 2056 3184 pollicentur
2090 3113 2165 3161 se
2199 3103 2353 3187 post
2384 3088 2649 3163 civilem
2683 3104 2905 3162 actum

694 3199 977 3273 inituros
1028 3224 1179 3273 esse
1231 3199 1614 3296 coniugium
1665 3226 1889 3274 coram
1949 3200 2281 3290 ecclesia;
2340 3220 2696 3303 postquam
2745 3230 2905 3277 vero

686 3341 916 3388 coram
978 3315 1376 3412 magistratu
1439 3316 1916 3404 constiterunt,
1975 3342 2107 3390 non
2161 3317 2360 3393 modo
2423 3318 2648 3392 datam
2702 3319 2906 3391 fidem

695 3457 827 3505 non
864 3430 1148 3504 liberant
1171 3489 1187 3517 ,
1230 3430 1348 3504 sed
1385 3432 1779 3531 pugnaciter
1813 3447 2098 3505 renuunt
2129 3431 2217 3504 ad
2252 3433 2602 3508 ecclesiam
2636 3461 2712 3508 se
2745 3460 2906 3508 con-

684 3546 864 3619 ferre
897 3605 912 3634 ,
970 3547 1095 3619 rati
1146 3546 1515 3643 legitimum
1569 3547 1974 3647 plenumque
2026 3574 2180 3622 esse
2229 3550 2615 3648 coniugium
2647 3609 2662 3638 ,
2722 3551 2905 3651 quod

688 3685 918 3736 coram
967 3661 1358 3759 magistratu
1407 3678 1899 3736 contraxerunt.
1947 3664 2205 3738 Exinde
2255 3665 2367 3753 fit,
2424 3683 2500 3739 ut
2547 3667 2774 3739 infelix
2825 3694 2908 3741 ac

698 3779 897 3852 nimis
946 3777 1218 3851 credula
1268 3776 1492 3875 puella
1540 3803 1665 3851 nec
1716 3779 1932 3878 possit
1965 3805 2085 3878 per
2127 3781 2479 3879 repudium
2532 3809 2607 3855 se
2657 3782 2743 3854 ab
2792 3781 2910 3855 illo

698 3890 952 3965 solvere
1000 3918 1208 3978 nexu,
1247 3908 1313 3963 et
1344 3891 1547 3965 vidua
1581 3892 1973 3992 priusquam
2009 3919 2175 3965 uxor
2208 3894 2451 3969 debeat
2487 3923 2902 3995 permanere,

693 4030 777 4077 eo
811 4005 991 4104 quod
1029 4006 1133 4079 lex
1166 4033 1315 4080 eam
1348 4024 1543 4104 cogat
1572 4007 1922 4081 convivere
1944 4025 2012 4080 et
2033 4008 2421 4083 cohabitare
2450 4037 2602 4084 cum
2636 4013 2780 4085 viro
2814 4014 2911 4085 ci-

698 4121 916 4194 viliter
958 4122 1193 4211 duct0,
1244 4149 1464 4224 neque
1506 4124 1760 4224 possit,
1813 4142 2131 4199 renuente
2182 4128 2615 4215 conscientia,
2656 4131 2762 4202 sui
2796 4155 2909 4203 co—

700 4237 882 4335 piam
949 4238 1294 4336 praebere.
1367 4240 1541 4313 Hinc
1599 4240 1903 4340 undique
1963 4243 2295 4340 angustiis
2340 4260 2409 4316 et
2460 4243 2910 4318 anxietatibus

701 4352 1009 4427 maximis
1061 4354 1426 4454 praemitur
1466 4384 1480 4440 ;
1547 4355 1717 4429 inter
1777 4354 1987 4452 legem
2037 4374 2103 4430 et
2152 4358 2628 4433 conscientiam
2691 4359 2912 4458 posita
