3276 5083
663 433 801 503 152
1052 451 1174 503 ur.
1216 450 1263 500 1.
1305 448 1482 499 sacr.
1527 448 1574 497 1.
1616 446 1696 496 ns
1745 444 2004 496 urum.
2049 440 2475 495 sscmusnro.

658 574 1001 646 dictionem
1032 571 1316 668 accipere
1351 593 1497 639 cum
1527 591 1766 666 sponsa
1794 590 1921 635 non
1952 563 2302 636 merebitur
2324 562 2504 658 (26).
2533 588 2567 630 a
2606 560 2691 633 Et
2720 560 2867 635 alus

656 685 965 773 omissis,
1007 684 1075 756 id
1118 685 1336 784 ipsum
1373 682 1699 781 reperitur
1733 681 1802 752 in
1843 679 2088 751 lib.V1.
2123 676 2606 777 capitularium
2648 702 2872 773 regum

661 803 1039 876 francorum
1060 858 1076 888 ,
1126 800 1197 870 in
1248 797 1494 897 quibus
1544 796 1922 870 decernitur
1944 852 1960 882 ,
2014 809 2091 867 ut
2126 823 2161 863 α
2191 792 2547 867 christiani
2595 818 2676 865 ex
2725 817 2875 892 pro-

661 918 1037 1018 pinquitate
1077 914 1181 989 sui
1226 914 1574 1011 sanguinis
1610 939 1828 1011 usque
1865 910 1950 984 ad
2004 909 2362 1009 septimum
2405 907 2685 1004 gradum
2729 931 2879 979 con·

665 1031 871 1104 nubia
915 1057 1047 1105 non
1091 1030 1371 1102 ducant:
1428 1054 1628 1126 neque
1679 1029 1818 1099 sine
1871 1025 2298 1098 benedictione
2335 1021 2721 1106 sacerdotis,
2766 1022 2882 1119 qui

666 1161 816 1219 ante
850 1147 1115 1243 innupti
1144 1158 1359 1228 want,
1401 1142 1654 1215 nubere
1689 1140 1981 1214 audeant
2020 1141 2197 1234 (27).
2235 1168 2269 1208 s
2310 1137 2408 1209 Ex
2447 1135 2698 1236 quibus
2740 1160 2876 1209 ver-

665 1262 772 1336 bis
824 1261 1061 1334 merito
1110 1259 1421 1332 insertur:
1478 1281 1635 1353 ergo
1684 1256 1800 1356 qui
1853 1270 2007 1329 ante
2056 1254 2245 1352 nupti
2297 1253 2558 1326 fuerant
2602 1249 2877 1325 benedi-

666 1377 884 1450 ctione
932 1373 1385 1476 privabantur.

812 1490 987 1564 Hinc
1036 1489 1428 1563 Guilielmus
1481 1486 1842 1561 Durandus
1893 1484 2260 1559 universim
2324 1482 2557 1556 statuit
2599 1509 2614 1553 t
2677 1509 2714 1552 α
2745 1482 2876 1553 Νιι-

666 1606 849 1705 ptiae
878 1604 1379 1678 benedicendae
1417 1619 1575 1677 sunt
1603 1628 1645 1674 a
1683 1600 2030 1675 sacerdote
2059 1625 2211 1673 cum
2250 1596 2565 1700 precibus
2606 1611 2674 1669 et
2707 1594 2881 1671 obla·

664 1719 988 1794 tionibus
1053 1719 1517 1792 Verumtamen
1573 1717 1679 1789 vir
1732 1732 1798 1790 et
1850 1715 2090 1788 mulier
2145 1713 2232 1787 ad
2283 1711 2646 1810 digamiam
2703 1726 2898 1783 tran-¹

664 1835 850 1907 siens
869 1891 884 1921 ,
933 1833 1426 1906 matrimonium
1467 1831 1921 1906 contrahendo
1964 1857 2095 1905 non
2140 1828 2338 1903 debet
2385 1854 2426 1901 a
2477 1824 2883 1927 presbyteris

666 1949 1007 2035 benedici,
1048 1948 1210 2047 quia
1252 1947 1390 2021 alia
1423 1949 1569 2021 vice
1608 1945 1945 2021 benedicti
1999 1947 2172 2032 sint,
2226 1969 2456 2019 eorum
2504 1941 2884 2015 benedictio

668 2064 892 2136 iterari
933 2090 1069 2137 non
1112 2062 1331 2137 debet.
1382 2065 1526 2136 Non
1562 2088 1721 2160 ergo
1756 2062 2002 2136 debent
2034 2060 2311 2160 nuptiae
2351 2057 2700 2144 benedici,
2748 2056 2879 2130 nisi

668 2180 782 2252 ubi
810 2181 999 2278 virgo
1024 2206 1176 2253 cum
1203 2178 1461 2275 virgine
1497 2176 1855 2252 contrahit.
1892 2234 1905 2248 .
1942 2178 2189 2248 ‚Immo
2218 2173 2602 2274 presbyter,
2634 2172 2754 2272 qui
2780 2170 2888 2245 be-

672 2294 1120 2368 nedictionem
1148 2320 1300 2367 cum
1328 2293 1626 2368 secunda
1649 2318 1856 2366 uxore
1882 2290 2336 2377 celebraverit,
2357 2287 2577 2363 officio
2594 2303 2661 2361 et
2684 2287 2888 2360 bene·

674 2409 826 2482 ficio
845 2425 1376 2508 suspensus,est
1398 2407 1484 2481 ad
1520 2407 1750 2480 sedem
1785 2404 2219 2506 apostolicam
2254 2403 2617 2477 mittendus
2650 2404 2878 2498 (28).»

673 2524 810 2595 Iam
851 2550 1009 2597 vero
1053 2549 1246 2596 nemo
1294 2539 1433 2610 est,
1472 2521 1591 2621 qui
1640 2549 1774 2596 non
1826 2520 2158 2619 intelligat
2190 2518 2579 2593 Durandum
2615 2517 2737 2592 niti
2770 2540 2889 2616 po-

678 2638 1012 2709 tissimum
1052 2637 1120 2708 in
1157 2663 1236 2709 eo
1270 2638 1536 2710 decreto
1578 2662 1767 2710 conc.
1797 2635 2242 2709 lateranensis
2286 2637 2421 2722 111,
2469 2634 2650 2734 quod
2694 2632 2890 2707 abso-

671 2749 809 2823 lute
847 2752 1283 2850 pronunciat:
1324 2781 1359 2821 α
1393 2751 1586 2837 Quod
1615 2776 1748 2824 non
1775 2749 1975 2824 debet
1997 2751 2376 2825 benedictio
2400 2750 2625 2823 iterari
2658 2749 2882 2846 (29).»

819 2952 919 3016 (26)
949 2956 1111 3003 serm.
1137 2960 1243 3004 289.
1268 2954 1317 3003 in
1336 2952 1543 3018 append.
1564 2968 1679 3019 opp.
1699 2967 1741 3005 s.
1757 2955 2014 3019 Augustini
2042 2957 2162 3006 tom.
2185 2961 2244 3008 X.
2334 2996 2339 3000 .

817 3034 918 3097 (27)
949 3036 1068 3098 cap.
1098 3040 1200 3085 iso.

817 3112 920 3178 (28)
950 3116 1006 3163 ln
1028 3114 1297 3165 Rationali
1316 3114 1403 3165 lib.
1423 3117 1464 3165 1.
1483 3127 1531 3164 c.
1552 3117 1635 3166 lx.
1653 3129 1704 3165 n.
1734 3120 1804 3165 15.
1832 3122 1904 3166 16.
1927 3115 2012 3165 t'ol.
2039 3123 2118 3167 29.
2138 3114 2218 3165 ed.
2237 3115 2411 3165 venet.
2436 3116 2572 3166 1577.
2596 3112 2690 3165 Hic
2703 3114 2890 3162 Duran-

676 3193 770 3245 dus
790 3193 1026 3245 contundi
1047 3207 1145 3244 non
1167 3195 1311 3245 debet
1329 3209 1442 3246 cum
1452 3195 1794 3247 alioDuraudo
1813 3209 1844 3245 a
1861 3196 2268 3259 Monteportiano,
2286 3196 2348 3245 de
2368 3207 2469 3258 quo
2487 3206 2636 3258 supra
2654 3192 2889 3243 diximus.

824 3275 924 3339 (29)
953 3273 1097 3324 Haud
1119 3287 1197 3324 me
1215 3276 1336 3325 latet
1353 3275 1617 3326 nonnullos
1641 3288 1762 3337 esse,
1783 3276 1870 3339 qui
1892 3276 1987 3325 hoc
2006 3277 2342 3338 argumentum
2362 3273 2497 3338 quod
2527 3273 2608 3323 hic
2634 3272 2894 3323 adducitur

677 3354 741 3404 ad
774 3354 1129 3405 ostendendum
1158 3355 1460 3406 sacerdotem
1493 3355 1874 3419 haudquaquam
1907 3354 2074 3406 baberi
2094 3368 2237 3419 posse
2257 3357 2313 3404 ut
2327 3353 2618 3405 sacramenti
2636 3353 2786 3403 buius
2804 3352 2890 3402 mi-

677 3435 913 3496 nistrum,
947 3447 1007 3484 eo
1038 3433 1171 3497 quod
1194 3434 1260 3483 ab
1280 3447 1339 3484 eo
1360 3447 1460 3484 non
1488 3434 1790 3485 conferretur
1824 3434 2099 3484 benedictio
2135 3432 2361 3485 secundis
2393 3435 2542 3497 atque
2578 3432 2892 3483 ulterioribus

678 3513 896 3576 nuptiis,
931 3515 1182 3576 tamquam
1210 3512 1353 3563 inane
1373 3515 1424 3563 et
1442 3513 1588 3563 fallax
1612 3511 1897 3564 traducant:
1931 3514 2055 3564 ratio
2075 3516 2151 3564 est
2170 3513 2287 3577 qula
2316 3512 2618 3573 benedictio,
2653 3525 2781 3576 quae
2817 3512 2894 3561 liis

680 3594 869 3644 iteratis
884 3594 1068 3658 nuptiis
1087 3594 1431 3656 denegabatur,
1453 3596 1527 3643 est
1544 3582 1822 3645 benedictio
1839 3595 2098 3657 solemnis,
2120 3606 2248 3657 quae
2269 3593 2484 3643 daturin
2500 3593 2700 3658 speciali
2719 3594 2892 3653 missa,

680 3686 832 3800 pp'am
850 3687 993 3724 nemo
1010 3686 1247 3738 umquam
1268 3672 1573 3723 essentialem
1593 3687 1699 3724 esse
1718 3676 2008 3725 autumavit.
2024 3674 2102 3725 cs.
2126 3672 2442 3724 Benedictum
2463 3676 2590 3724 xlv.
2611 3675 2684 3723 De
2703 3671 2894 3737 synodo

701 3751 715 3800 i
756 3755 1133 3804 ,vlll.c.x1u.
1155 3765 1206 3804 n.
1234 3757 1284 3803 7.

830 3833 1010 3881 verum
1043 3840 1084 3881 1.
1105 3832 1158 3883 Si
1180 3832 1302 3881 haee
1332 3830 1517 3881 valeret
1545 3833 1794 3896 exceptio,
1826 3844 1941 3883 cum
1971 3832 2140 3883 omnia
2172 3832 2465 3884 documenta
2493 3832 2815 3884 ecclesiastica
2835 3830 2896 3880 de

678 3909 785 3959 sola
821 3910 1027 3961 solemni
1067 3911 1405 3962 benedictione
1437 3912 1728 3976 loquantur,
1752 3925 1811 3963 ac
1827 3913 1948 3978 ipsis
1965 3912 2230 3963 fatentibus
2253 3913 2546 3965 adversariis
2560 3951 2576 3976 ,
2607 3914 2727 3964 haec
2758 3924 2894 3962 num·

680 4001 829 4052 quam
846 3988 920 4038 uti
943 3989 1215 4041 essentialis
1234 3991 1402 4043 habita
1424 3992 1517 4055 sit,
1542 3993 1734 4043 nullum
1757 3991 2102 4045 documentum
2124 3994 2244 4058 ἥρωι
2261 3994 2610 4058 suffragaretur
2645 3992 2707 4043 ad
2738 3995 2895 4045 osten·

680 4068 893 4120 dendum
916 4067 1192 4121 sacerdotes
1212 4072 1462 4123 ministros
1485 4085 1590 4123 esse
1610 4073 1900 4124 sacramenti
1923 4073 2240 4125 matrimonii.
2262 4081 2308 4125 2.
2329 4076 2437 4125 Hoc
2463 4072 2585 4125 adeo
2602 4086 2775 4125 verum
2792 4075 2895 4135 est,

681 4151 738 4199 ut
750 4146 1084 4199 Renaudotius
1097 4150 1215 4201 licet
1232 4153 1373 4203 alteri
1393 4153 1690 4217 suffragatus
1706 4153 1854 4204 suerit
1865 4152 2131 4204 sententiae
2149 4152 2212 4203 ab
2231 4168 2307 4217 ea,
2328 4167 2478 4218 quam
2499 4167 2589 4205 nos
2605 4156 2821 4217 tuemur,
2835 4151 2899 4204 ad

682 4229 857 4280 incitas
877 4228 1128 4293 redactus,
1152 4229 1376 4283 debuerit
1393 4234 1653 4298 confugere
1673 4233 1737 4284 ad
1758 4234 1918 4284 solum
1940 4245 2230 4284 consensum
2262 4234 2692 4298 contrabentium3
2725 4234 2898 4285 Marte·

682 4309 796 4361 nius
816 4322 933 4362 vero
955 4311 1120 4375 aperte
1136 4323 1197 4361 ex
1219 4309 1523 4364 documentis
1540 4313 1847 4375 antiquitatis
1863 4313 1992 4363 banc
2009 4313 2166 4377 ipsam
2184 4312 2457 4365 doctrinam
2470 4315 2667 4365 secutus
2677 4313 2759 4365 sit.
2776 4316 2900 4376 Ergo

682 4391 846 4443 manet
868 4391 920 4441 in
941 4404 1032 4442 suo
1046 4389 1214 4455 vigore
1235 4405 1293 4444 ac
1313 4391 1489 4445 robore
1502 4392 1597 4445 boc
1614 4393 1953 4472 argumentum
1965 4430 1982 4456 ,
2003 4393 2137 4457 quod
2153 4393 2296 4458 plane
2315 4393 2630 4447 ineluctabile
2648 4395 2742 4459 est,
2755 4393 2904 4458 atque
