3276 5083
664 480 802 528 cn.
845 477 909 525 v.
954 478 1099 527 Αιιτ.
1144 477 1233 527 ιν.
1275 476 1417 526 Aue.
1463 476 1809 536 nrmusous
1844 477 2022 528 sem.
2066 478 2269 529 nmen.
2444 453 2587 528 175

352 594 650 670 fuissent
681 593 983 667 invalida
1006 650 1021 680 ‚
1055 592 1353 690 legitima
1388 609 1546 666 sunt
1578 593 1851 681 effecta3
1895 620 2018 668 nec
2052 620 2186 668 non
2221 595 2372 683 illa,
2414 623 2590 695 quae

353 711 428 783 in
482 709 726 783 exteris
777 708 1165 805 regionibus
1216 709 1636 782 sacerdotum
1688 709 1948 783 defectu
1994 736 2035 784 a
2078 709 2243 784 solis
2297 712 2469 784 inter
2516 740 2590 787 se

354 822 674 898 fidelibus
723 848 946 897 coram
996 822 1274 897 delectis
1325 823 1608 897 testibus
1662 824 1925 898 fuerunt
1981 824 2314 899 celebrata
2363 851 2440 900 ac
2490 853 2591 901 ce·

353 939 736 1025 lebrantur;
796 937 916 1011 illa
963 940 1244 1038 insuper
1293 965 1469 1039 quae
1526 956 1847 1013 renuente
1896 939 2189 1039 parocho
2241 955 2442 1040 atque
2492 941 2591 1012 in-

351 1053 493 1127 vito
534 1079 653 1154 per
689 1066 992 1125 mutuum
1035 1076 1437 1127 consensum
1474 1078 1698 1126 coram
1733 1053 1997 1127 duobus
2034 1054 2319 1128 testibus
2353 1054 2590 1128 effecta

353 1185 563 1255 sunt3
635 1194 813 1267 quae
880 1192 1100 1243 coram
1172 1170 1466 1269 parocho
1531 1170 1818 1244 diacono
1882 1171 2250 1255 ineuntur,
2322 1170 2593 1270 aliaque

356 1284 722 1359 eiusmodi.

502 1400 667 1471 Item
719 1414 1182 1496 argumentum
1239 1400 1670 1474 ineluctabile
1718 1418 1868 1489 est,
1925 1401 2106 1501 quod
2158 1428 2239 1474 ex
2290 1400 2595 1475 declara-

357 1514 546 1587 tione
590 1528 658 1584 et
697 1511 1002 1585 doctrina
1036 1538 1202 1585 rom.
1246 1513 1635 1613 pontificum
1682 1514 2010 1615 suppetit,
2052 1514 2444 1613 praesertim
2477 1515 2594 1588 Be-

357 1625 608 1699 nedicti
641 1626 807 1697 xlv.
842 1650 923 1698 ac
958 1626 1057 1697 Pii
1097 1626 1208 1697 lx.
1245 1628 1362 1727 qui
1397 1652 1717 1726 expresse
1751 1645 2244 1702 sacramentum
2295 1628 2588 1725 coniugii

358 1741 428 1812 in
477 1755 713 1813 mutuo
765 1740 1056 1840 partium
1117 1765 1449 1816 consensu
1499 1743 2034 1829 constituerunt,
2092 1743 2187 1815 uti
2238 1768 2320 1815 ex
2369 1741 2591 1829 allatis

354 1854 778 1928 documentis
827 1869 1113 1928 constat.

499 1971 714 2045 Nemo
759 1971 968 2068 igitur
1016 1971 1132 2071 qui
1168 1971 1300 2045 sibi
1338 1998 1712 2072 repugnare
1743 1974 1927 2061 velit,
1971 1973 2094 2047 ibit
2127 1974 2394 2047 inficias
2446 1999 2594 2048 sen-

354 2085 662 2172 tentiam,
691 2108 872 2185 quae
902 2101 1082 2159 tenet
1113 2085 1581 2160 contrahentes
1616 2085 1796 2160 solos
1830 2112 1983 2161 esse
2018 2086 2417 2161 sacramenti
2449 2112 2594 2159 ma-

359 2198 663 2272 trimonii
709 2200 1097 2287 ministros,
1155 2227 1309 2274 esse
1368 2202 1567 2274 unice
1627 2228 1897 2288 veram,
1966 2203 2101 2272 imo
2150 2197 2590 2274 et‘ecclesiae

356 2311 733 2387 catholicae
775 2312 1172 2388 doctrinam.
1218 2316 1300 2386 Et
1339 2315 1507 2388 haec
1560 2315 1907 2389 hactenus.

1161 2535 1515 2594 *CAPUT
1557 2537 1699 2593 Vl·

894 2713 973 2760 m:
1026 2713 1608 2764 lenrAnAmurATs
1662 2716 2059 2766 CONTRACTUS

703 2809 779 2858 m·
829 2809 1219 2860 saltumn
1270 2810 1337 2860 IN
1388 2811 1784 2864 mmmomo
1833 2813 2229 2863 cnmsnmo.

1231 2981 1656 3039 ARTICULUS
1681 2983 1728 3040 1.

471 3115 542 3178 ln
577 3116 871 3193 comum
905 3115 1355 3177 christianorum
1395 3117 1800 3193 inseparabilis
1833 3123 1925 3177 est
1958 3119 2107 3178 ratio
2151 3122 2486 3177 contractus

625 3216 1057 3278 “sacramenti
1098 3221 1273 3291 atque
1309 3214 1411 3274 ubi
1455 3231 1574 3274 non
1620 3213 1868 3276 habetur
1900 3218 2329 3274 sacramentum

1051 3328 1236 3389 neque
1275 3311 1519 3372 habetur
1560 3319 1915 3373 contractus.

511 3465 903 3555 Quaestioni
935 3467 1026 3554 ¹de
1061 3469 1373 3542 ministro
1422 3468 1632 3542 altera
1682 3468 1851 3543 haec
1902 3469 2208 3569 quaestio
2258 3466 2592 3553 succedit,

363 3583 816 3682 quaeffiagis
836 3583 1038 3658 etiam
1089 3585 1390 3686 proxime
1431 3609 1732 3660 connexa
1766 3601 1869 3659 est
1901 3610 2053 3658 cum
2085 3583 2480 3684 quaestione
2513 3581 2601 3654 de

366 3695 800 3772 matthesio
848 3698 1061 3772 civiti.
2306 3759 2311 3762 Α
2426 3759 2429 3760 ⁷

437 3863 438 3868 =
481 3811 682 3887 Cum
725 3830 963 3890 autem
1013 3814 1099 3888 de
1150 3816 1588 3915 inseparabili
1656 3833 2035 3891 contractus
2084 3831 2152 3889 et
2198 3812 2600 3891 sacramenti

369 3930 747 4002 rationein
799 3927 1319 4006 christianorum
1371 3933 1708 4030 coniugiis
1772 3931 2208 4019 disserimus,
2266 3930 2450 4003 haud
2507 3930 2604 4001 in-

369 4044 708 4118 tendimus
773 4044 958 4146 loqui
1012 4046 1097 4119 de
1146 4045 1534 4120 alterutrius
1601 4063 1927 4148 conceptu
1969 4106 1986 4136 ,
2055 4072 2178 4121 seu
2227 4047 2482 4121 ratione
2532 4043 2603 4116 in

366 4157 737 4245 abstracto,
792 4176 1126 4260 quatenus
1177 4186 1417 4261 nempe
1465 4187 1586 4262 per
1633 4162 1878 4236 mentis
1929 4161 2445 4237 abstractionem
2493 4186 2608 4259 ap-

367 4274 697 4372 prehendi
734 4276 1097 4375 separatim
1132 4292 1439 4376 possunt.
1482 4277 1746 4351 Etenim
1781 4277 1959 4351 ultro
1993 4279 2280 4352 fatemur
2314 4275 2443 4353 sub
2476 4275 2605 4349 hoc

372 4407 683 4490 respectu
732 4390 1012 4466 alterum
1063 4389 1149 4465 ab
1197 4391 1402 4467 altero
1453 4393 1779 4492 distingui
1836 4419 2041 4493 posse
2068 4452 2083 4479 ,
2142 4419 2223 4469 ac
2272 4390 2597 4493 dispesci.
