3276 5083
789 481 925 531 cn.
962 481 1056 531 ιιι.
1098 479 1177 529 ιιι-3
1230 480 1490 530 unum.
1536 481 1762 533 ulvius
1816 482 1995 533 tues.
2042 483 2180 532 Αιιτ.
2215 486 2259 532 ι.
2477 461 2612 531 289

397 588 864 696 distinguunt,
916 601 1076 671 civis
1126 624 1366 697 nempe
1416 615 1618 698 atque
1671 602 2045 683 christiani,
2106 602 2380 697 perinde
2430 596 2508 672 ac
2559 604 2616 674 si

402 714 612 786 altera
660 712 747 785 ab
798 711 1003 784 altera
1056 712 1316 807 seiungi
1354 737 1433 783 ac
1474 711 1699 786 divelli
1751 730 2001 812 posset.
2047 715 2184 811 Ipsi
2223 713 2618 812 profitentur

404 855 479 900 se
538 828 604 897 in
665 824 955 899 subditis
1026 824 1293 895 unicam
1369 843 1673 925 spectare
1731 828 1896 900 civis
1954 827 2400 900 conditionem
2445 884 2460 911 ‚
2539 854 2619 899 ac

400 942 673 1014 omnino
699 967 739 1012 a
767 939 1113 1037 religione,
1151 967 1353 1038 quam
1383 942 1800 1038 profitentur,
1835 940 2329 1039 praescindere.
2356 940 2437 1012 At
2463 942 2618 1039 quis

405 1083 536 1129 non
587 1055 771 1130 videt
818 1055 1152 1129 eiusmodi
1194 1056 1435 1128 mentis
1488 1055 2002 1129 abstractionem
2039 1055 2124 1126 ad
2163 1053 2333 1126 nihil
2367 1055 2626 1139 valere.

403 1199 556 1245 cum
600 1172 669 1242 in
721 1170 957 1243 ordine
1007 1170 1168 1243 reali
1221 1196 1343 1244 seu
1392 1188 1699 1245 concreto
1749 1171 1984 1243 ambae
2028 1170 2158 1242 bae
2200 1168 2620 1242 conditiones

405 1289 472 1359 in
539 1312 676 1359 uno
737 1286 1107 1383 eodemque
1174 1286 1476 1360 subiecto
1538 1287 1932 1360 coniunctae
1999 1301 2488 1383 permaneant,
2557 1302 2624 1357 et

403 1399 899 1499 quodammodo
943 1398 1488 1473 identificentur?
1515 1399 1698 1471 Idem
1733 1400 1911 1471 enim
1940 1415 2043 1472 est
2063 1399 2259 1484 civi8‚
2293 1398 2407 1496 qui
2444 1399 2622 1471 chri-

406 1515 702 1599 stianuS,
759 1528 825 1585 et
873 1512 1050 1585 idem
1101 1513 1536 1603 christianus,
1579 1514 1696 1613 qui
1732 1514 1925 1586 civis.
1991 1512 2422 1611 Quapropter.
2461 1512 2620 1585 dum

407 1630 590 1726 leges
660 1628 1205 1728 praescribuntur
1267 1628 1525 1701 civibus
1568 1686 1585 1715 ,
1661 1628 1925 1701 civibus
1988 1628 2380 1700 christianis
2431 1653 2623 1726 prae-

407 1744 811 1817 scribuntur.
854 1745 1236 1818 Absurdum
1274 1744 1553 1843 proinde
1587 1760 1690 1817 est
1725 1769 1928 1816 unam
1979 1742 2422 1841 eamdemque
2471 1770 2623 1842 per-

403 1889 641 1935 sonam
695 1861 763 1932 in
815 1862 987 1934 duas
1037 1860 1240 1934 veluti
1292 1860 1638 1945 scindere,
1699 1860 1868 1933 adeo
1910 1874 1983 1930 ut
2026 1858 2224 1932 liceat
2257 1860 2374 1931 uni
2412 1859 2623 1958 impe-

407 2002 554 2048 rare
588 2035 602 2062 ,
661 1977 841 2075 quod
892 1976 1081 2049 alteri
1137 1993 1485 2074 repugnat.

558 2092 755 2163 Porro
806 2090 934 2164 hoc
980 2116 1135 2163 vere
1184 2089 1349 2161 illud
1400 2105 1538 2175 est,
1579 2090 1760 2188 quod
1798 2091 1986 2164 fieret
2017 2116 2096 2163 ac
2131 2091 2356 2188 reipsa
2391 2090 2466 2160 fit
2501 2115 2619 2186 per

414 2205 624 2302 legem
650 2204 1109 2301 coniugiorum
1137 2231 1317 2277 mere
1340 2204 1659 2278 civilium.
1695 2205 1957 2278 Etenim
1995 2232 2114 2304 per
2146 2231 2293 2277 eam
2334 2204 2619 2277 facultas

410 2319 810 2392 tribueretur
833 2319 961 2392 civi
988 2320 1357 2393 christiano
1376 2346 1493 2392 seu
1515 2319 1845 2393 catholico
1869 2320 2301 2394 contrahendi
2331 2319 2621 2415 legitime

408 2459 629 2507 coram
684 2434 830 2507 solo
877 2435 1267 2530 magistratu
1334 2434 1604 2532 nuptias
1638 2492 1655 2521 ,
1728 2434 1989 2508 etiamsi
2040 2437 2188 2534 ipse
2239 2448 2502 2507 recuset
2550 2459 2625 2506 se

407 2551 648 2624 sistere
709 2575 929 2624 coram
983 2550 1312 2650 parocho,
1373 2577 1492 2624 seu
1542 2576 1765 2623 coram
1816 2551 2100 2624 ecelesia
2147 2567 2221 2623 ut
2271 2576 2466 2626 suum
2520 2576 2623 2622 re-

410 2683 605 2740 novet
668 2677 1095 2740 consensum'.
1154 2666 1227 2736 vi
1283 2666 1664 2740 istiusmodi
1730 2666 1897 2762 legis
1961 2665 2180 2738 civilis
2243 2679 2621 2738 contractus

408 2782 782 2878 coniugalis
833 2782 1057 2856 licitus
1093 2808 1172 2855 ac
1206 2781 1292 2854 ad
1342 2781 1513 2878 legis
1565 2806 1865 2854 normam
1913 2779 2182 2854 validus
2233 2780 2611 2853 haberetur.

411 2899 554 2969 Non
605 2896 865 2992 ignorat
914 2911 1133 2968 tamen
1188 2895 1461 2992 legifera
1512 2912 1805 2993 potestas
1841 2894 1910 2965 id
1950 2920 2071 2967 nec
2105 2893 2284 2967 licite
2335 2921 2457 2967 nec
2504 2920 2622 2967 va·-

410 3009 545 3082 lide
572 3037 611 3081 a
637 3010 895 3083 civibus
930 3010 1316 3084 christianis
1353 3010 1679 3109 praestari
1717 3033 1943 3107 posse,
1986 3009 2290 3107 adeoque
2316 3008 2444 3081 hac
2481 3008 2624 3105 lege

417 3123 544 3196 sub
601 3125 871 3198 obtentu
921 3125 1371 3198 distinctionis
1421 3124 1775 3198 cuiusdam
1826 3125 2133 3209 fictitiae,
2210 3150 2331 3196 seu
2399 3124 2620 3222 potius

411 3266 627 3313 vanae
658 3242 899 3314 mentis
932 3239 1436 3327 abstractionis,
1491 3241 1577 3313 ad
1628 3240 2012 3339 ponendum
2064 3254 2288 3311 actum
2339 3262 2492 3310 vere
2543 3237 2623 3307 il-

416 3357 667 3429 licitum
718 3384 796 3430 ac
847 3356 1212 3430 invalidum
1265 3355 1546 3429 facultas
1598 3356 2052 3454 praeberetur.

560 3471 738 3557 Quid
787 3472 846 3546 si
897 3471 1191 3552 ecclesia*
1231 3471 1466 3545 eadem
1517 3471 1945 3544 distinctione
1987 3484 2217 3556 utenS,
2261 3467 2622 3568 spectando

418 3587 591 3660 filios
644 3612 803 3661 suos
854 3588 981 3661 sub
1030 3602 1337 3685 respectu
1389 3601 1645 3658 tantum
1698 3585 2013 3681 religioso
2038 3642 2054 3671 ‚
2111 3600 2178 3659 et
2225 3583 2621 3656 abstrahens

416 3730 455 3775 a
519 3702 897 3776 conditione
953 3702 1198 3777 civium
1225 3760 1241 3788 ‚
1315 3700 1573 3799 aliquid
1624 3701 1725 3774 eis
1773 3699 1910 3773 lata
1955 3698 2104 3797 lege
2152 3699 2612 3798 praeciperet,

416 3834 533 3890 aut
583 3815 817 3889 saltem
868 3815 1278 3913 indulgeret,
1335 3815 1517 3914 quod
1569 3842 1612 3888 a
1660 3813 1929 3914 politica
1979 3829 2307 3913 potestate
2340 3811 2485 3884 iure
2520 3838 2624 3885 re—

419 3932 844 4031 probaretur,
901 3954 981 4003 ac
1027 3946 1358 4005 vetaretur
1405 3945 1748 4030 tamquam
1801 3927 2253 4027 illegitimum,
2310 3926 2614 4012 noxium,

416 4046 803 4144 nulliusque
851 4043 1093 4119 valoris
1119 4046 1158 4116 P
1208 4044 1440 4119 Procul
1492 4043 1701 4117 dubio
1749 4043 2022 4142 politica
2071 4043 2432 4116 auctoritas
2477 4069 2624 4140 pro-

417 4177 768 4234 testaretur
802 4176 938 4233 tum
974 4159 1296 4233 adversus
1330 4175 1550 4233 actum
1588 4157 1776 4230 illum
1803 4215 1818 4243 ,
1860 4165 1998 4230 thm
2035 4156 2359 4230 adversus
2410 4156 2622 4252 legem

419 4302 598 4349 mera
648 4276 914 4351 fictione
964 4274 1261 4347 innixam
1288 4332 1304 4360 ‚
1359 4300 1573 4372 eaque
1608 4270 1937 4357 absurda,
1978 4297 2130 4346 cum
2166 4296 2208 4344 a
2241 4270 2628 4345 conditione

417 4390 763 4467 christiani
827 4391 1121 4493 dispesci
1191 4407 1477 4489 nequeat
1539 4389 1833 4472 conditio
1884 4415 2004 4464 seu
2054 4387 2348 4487 qualitas
2399 4387 2619 4468 civis,

2469 4533 2537 4583 ιε)
