<?xml version="1.0" encoding="UTF-8"?>
<!DOCTYPE html PUBLIC "-//W3C//DTD XHTML 1.0 Transitional//EN"
    "http://www.w3.org/TR/xhtml1/DTD/xhtml1-transitional.dtd">
<html xmlns="http://www.w3.org/1999/xhtml" xml:lang="en" lang="en">
 <head>
  <title>
</title>
<meta http-equiv="Content-Type" content="text/html;charset=utf-8" />
  <meta name='ocr-system' content='tesseract 3.04.00' />
  <meta name='ocr-capabilities' content='ocr_page ocr_carea ocr_par ocr_line ocrx_word'/>
</head>
<body>
  <div class='ocr_page' id='page_1' title='image "./dematrimoniochr04perrgoog_0306.png"; bbox 0 0 3276 5083; ppageno 0'>
   <div class='ocr_carea' id='block_1_1' title="bbox 684 401 2478 475">
    <p class='ocr_par' dir='ltr' id='par_1_1' title="bbox 684 401 2478 475">
     <span class='ocr_line' id='line_1_1' title="bbox 684 401 2478 475; baseline -0.003 -1"><span class='ocrx_word' id='word_1_1' title='bbox 684 401 820 475; x_wconf 76' lang='lat'>282</span> <span class='ocrx_word' id='word_1_2' title='bbox 1064 422 1183 472; x_wconf 79' lang='lat' dir='ltr'>us.</span> <span class='ocrx_word' id='word_1_3' title='bbox 1227 422 1271 471; x_wconf 91' lang='grc'>1.</span> <span class='ocrx_word' id='word_1_4' title='bbox 1314 421 1484 472; x_wconf 71' lang='lat' dir='ltr'>secr.</span> <span class='ocrx_word' id='word_1_5' title='bbox 1527 420 1783 475; x_wconf 66' lang='lat' dir='ltr'>Atrans.</span> <span class='ocrx_word' id='word_1_6' title='bbox 1826 421 1904 469; x_wconf 78' lang='grc'>88</span> <span class='ocrx_word' id='word_1_7' title='bbox 1954 419 2216 471; x_wconf 73' lang='lat' dir='ltr'>numu.</span> <span class='ocrx_word' id='word_1_8' title='bbox 2263 420 2478 472; x_wconf 77' lang='lat' dir='ltr'>ctvtu.</span> 
     </span>
    </p>
   </div>
   <div class='ocr_carea' id='block_1_2' title="bbox 679 535 2897 2123">
    <p class='ocr_par' dir='ltr' id='par_1_2' title="bbox 679 535 2897 2123">
     <span class='ocr_line' id='line_1_2' title="bbox 681 535 2892 637; baseline 0.001 -27"><span class='ocrx_word' id='word_1_9' title='bbox 681 538 993 614; x_wconf 80' lang='lat' dir='ltr'>invadere</span> <span class='ocrx_word' id='word_1_10' title='bbox 1025 554 1091 610; x_wconf 86' lang='lat' dir='ltr'>et</span> <span class='ocrx_word' id='word_1_11' title='bbox 1121 536 1469 613; x_wconf 88' lang='lat' dir='ltr'>corrodere</span> <span class='ocrx_word' id='word_1_12' title='bbox 1509 536 1780 609; x_wconf 84' lang='lat' dir='ltr'>infimae</span> <span class='ocrx_word' id='word_1_13' title='bbox 1813 535 2030 636; x_wconf 87' lang='lat' dir='ltr'>plebis</span> <span class='ocrx_word' id='word_1_14' title='bbox 2078 537 2338 610; x_wconf 88' lang='lat' dir='ltr'>viscera</span> <span class='ocrx_word' id='word_1_15' title='bbox 2360 596 2376 624; x_wconf 86' lang='lat'>,</span> <span class='ocrx_word' id='word_1_16' title='bbox 2418 562 2705 637; x_wconf 82' lang='lat' dir='ltr'>eumque</span> <span class='ocrx_word' id='word_1_17' title='bbox 2737 564 2892 613; x_wconf 89' lang='lat' dir='ltr'>sen·</span> 
     </span>
     <span class='ocr_line' id='line_1_3' title="bbox 681 650 2891 751; baseline 0.001 -24"><span class='ocrx_word' id='word_1_18' title='bbox 681 679 830 729; x_wconf 87' lang='lat' dir='ltr'>sum</span> <span class='ocrx_word' id='word_1_19' title='bbox 855 652 1182 727; x_wconf 79' lang='lat' dir='ltr'>suffocare</span> <span class='ocrx_word' id='word_1_20' title='bbox 1201 710 1217 738; x_wconf 87' lang='lat'><strong>‚</strong></span> <span class='ocrx_word' id='word_1_21' title='bbox 1250 678 1385 751; x_wconf 92' lang='lat' dir='ltr'>quo</span> <span class='ocrx_word' id='word_1_22' title='bbox 1409 652 1596 750; x_wconf 90' lang='lat' dir='ltr'>prius</span> <span class='ocrx_word' id='word_1_23' title='bbox 1624 650 2061 725; x_wconf 81' lang='lat' dir='ltr'><strong>cohibebatur</strong></span> <span class='ocrx_word' id='word_1_24' title='bbox 2093 678 2133 724; x_wconf 90' lang='lat' dir='ltr'>a</span> <span class='ocrx_word' id='word_1_25' title='bbox 2167 677 2238 725; x_wconf 91' lang='lat' dir='ltr'>re</span> <span class='ocrx_word' id='word_1_26' title='bbox 2263 651 2486 726; x_wconf 90' lang='lat' dir='ltr'>aliena</span> <span class='ocrx_word' id='word_1_27' title='bbox 2521 654 2651 726; x_wconf 90' lang='lat' dir='ltr'>sibi</span> <span class='ocrx_word' id='word_1_28' title='bbox 2689 680 2891 729; x_wconf 88' lang='lat' dir='ltr'>usur-</span> 
     </span>
     <span class='ocr_line' id='line_1_4' title="bbox 680 766 2883 868; baseline 0.002 -28"><span class='ocrx_word' id='word_1_29' title='bbox 680 766 941 867; x_wconf 87' lang='lat' dir='ltr'>panda;</span> <span class='ocrx_word' id='word_1_30' title='bbox 999 768 1134 841; x_wconf 88' lang='lat' dir='ltr'>imo</span> <span class='ocrx_word' id='word_1_31' title='bbox 1185 766 1444 864; x_wconf 81' lang='lat' dir='ltr'>plebem</span> <span class='ocrx_word' id='word_1_32' title='bbox 1496 767 1837 853; x_wconf 82' lang='lat' dir='ltr'>excitavit,</span> <span class='ocrx_word' id='word_1_33' title='bbox 1894 767 2159 868; x_wconf 87' lang='lat' dir='ltr'>quoties</span> <span class='ocrx_word' id='word_1_34' title='bbox 2209 766 2483 866; x_wconf 89' lang='lat' dir='ltr'>impune</span> <span class='ocrx_word' id='word_1_35' title='bbox 2518 768 2587 840; x_wconf 89' lang='lat' dir='ltr'>id</span> <span class='ocrx_word' id='word_1_36' title='bbox 2624 771 2846 866; x_wconf 79' lang='lat' dir='ltr'>possit</span> <span class='ocrx_word' id='word_1_37' title='bbox 2867 828 2883 857; x_wconf 93' lang='lat'><strong>‚</strong></span> 
     </span>
     <span class='ocr_line' id='line_1_5' title="bbox 679 880 2891 981; baseline 0.003 -28"><span class='ocrx_word' id='word_1_38' title='bbox 679 883 764 954; x_wconf 91' lang='lat' dir='ltr'>ad</span> <span class='ocrx_word' id='word_1_39' title='bbox 814 883 1201 981; x_wconf 88' lang='lat' dir='ltr'>usurpanda</span> <span class='ocrx_word' id='word_1_40' title='bbox 1265 880 1543 954; x_wconf 89' lang='lat' dir='ltr'>divitum</span> <span class='ocrx_word' id='word_1_41' title='bbox 1600 882 1777 955; x_wconf 90' lang='lat' dir='ltr'>bona</span> <span class='ocrx_word' id='word_1_42' title='bbox 1810 939 1825 968; x_wconf 89' lang='lat'>‚</span> <span class='ocrx_word' id='word_1_43' title='bbox 1882 881 2046 980; x_wconf 88' lang='lat' dir='ltr'>quin</span> <span class='ocrx_word' id='word_1_44' title='bbox 2095 882 2546 956; x_wconf 90' lang='lat' dir='ltr'>conscientiae</span> <span class='ocrx_word' id='word_1_45' title='bbox 2595 882 2891 959; x_wconf 87' lang='lat' dir='ltr'>stimulis</span> 
     </span>
     <span class='ocr_line' id='line_1_6' title="bbox 680 994 2894 1093; baseline 0.001 -25"><span class='ocrx_word' id='word_1_46' title='bbox 680 1010 985 1093; x_wconf 76' lang='lat' dir='ltr'><strong>angatur.</strong></span> <span class='ocrx_word' id='word_1_47' title='bbox 1029 994 1328 1069; x_wconf 78' lang='lat' dir='ltr'><strong>Pessima</strong></span> <span class='ocrx_word' id='word_1_48' title='bbox 1368 1020 1525 1067; x_wconf 85' lang='lat' dir='ltr'>vero</span> <span class='ocrx_word' id='word_1_49' title='bbox 1576 994 1745 1067; x_wconf 89' lang='lat' dir='ltr'>baec</span> <span class='ocrx_word' id='word_1_50' title='bbox 1794 994 2001 1068; x_wconf 90' lang='lat' dir='ltr'>animi</span> <span class='ocrx_word' id='word_1_51' title='bbox 2039 994 2399 1092; x_wconf 82' lang='lat' dir='ltr'>dispositio</span> <span class='ocrx_word' id='word_1_52' title='bbox 2439 995 2509 1068; x_wconf 95' lang='lat' dir='ltr'>in</span> <span class='ocrx_word' id='word_1_53' title='bbox 2553 996 2701 1070; x_wconf 92' lang='lat' dir='ltr'>dies</span> <span class='ocrx_word' id='word_1_54' title='bbox 2744 1023 2894 1070; x_wconf 91' lang='lat' dir='ltr'>cre-</span> 
     </span>
     <span class='ocr_line' id='line_1_7' title="bbox 681 1108 2891 1209; baseline 0 -26"><span class='ocrx_word' id='word_1_55' title='bbox 681 1110 847 1195; x_wconf 87' lang='lat' dir='ltr'>scit,</span> <span class='ocrx_word' id='word_1_56' title='bbox 888 1135 1024 1208; x_wconf 90' lang='lat' dir='ltr'>quo</span> <span class='ocrx_word' id='word_1_57' title='bbox 1073 1135 1313 1207; x_wconf 81' lang='lat' dir='ltr'>nempe</span> <span class='ocrx_word' id='word_1_58' title='bbox 1363 1108 1579 1205; x_wconf 84' lang='lat' dir='ltr'>magis</span> <span class='ocrx_word' id='word_1_59' title='bbox 1630 1108 1842 1207; x_wconf 84' lang='lat' dir='ltr'>serpit</span> <span class='ocrx_word' id='word_1_60' title='bbox 1876 1135 1956 1182; x_wconf 90' lang='lat' dir='ltr'>ac</span> <span class='ocrx_word' id='word_1_61' title='bbox 1989 1108 2307 1182; x_wconf 86' lang='lat' dir='ltr'>dilatatur</span> <span class='ocrx_word' id='word_1_62' title='bbox 2341 1110 2512 1182; x_wconf 86' lang='lat' dir='ltr'>inter</span> <span class='ocrx_word' id='word_1_63' title='bbox 2547 1110 2891 1209; x_wconf 88' lang='lat' dir='ltr'>popellum</span> 
     </span>
     <span class='ocr_line' id='line_1_8' title="bbox 680 1221 2894 1322; baseline 0.002 -28"><span class='ocrx_word' id='word_1_64' title='bbox 680 1222 811 1296; x_wconf 88' lang='lat' dir='ltr'>hoc</span> <span class='ocrx_word' id='word_1_65' title='bbox 857 1221 1444 1298; x_wconf 90' lang='lat' dir='ltr'>communistarum</span> <span class='ocrx_word' id='word_1_66' title='bbox 1495 1222 1923 1321; x_wconf 89' lang='lat' dir='ltr'>principium.</span> <span class='ocrx_word' id='word_1_67' title='bbox 1968 1223 2091 1295; x_wconf 87' lang='lat' dir='ltr'>Per</span> <span class='ocrx_word' id='word_1_68' title='bbox 2139 1222 2265 1303; x_wconf 87' lang='lat' dir='ltr'>bas</span> <span class='ocrx_word' id='word_1_69' title='bbox 2316 1223 2650 1322; x_wconf 88' lang='lat' dir='ltr'>siquidem</span> <span class='ocrx_word' id='word_1_70' title='bbox 2701 1224 2894 1299; x_wconf 86' lang='lat' dir='ltr'>theo-</span> 
     </span>
     <span class='ocr_line' id='line_1_9' title="bbox 680 1337 2892 1438; baseline 0.001 -28"><span class='ocrx_word' id='word_1_71' title='bbox 680 1337 817 1410; x_wconf 88' lang='lat' dir='ltr'>rias</span> <span class='ocrx_word' id='word_1_72' title='bbox 866 1338 1349 1412; x_wconf 86' lang='lat' dir='ltr'>communistae</span> <span class='ocrx_word' id='word_1_73' title='bbox 1404 1353 1806 1411; x_wconf 83' lang='lat' dir='ltr'>exacuerunt</span> <span class='ocrx_word' id='word_1_74' title='bbox 1845 1337 2181 1410; x_wconf 89' lang='lat' dir='ltr'>desideria</span> <span class='ocrx_word' id='word_1_75' title='bbox 2199 1393 2217 1424; x_wconf 91' lang='lat'>‚</span> <span class='ocrx_word' id='word_1_76' title='bbox 2272 1364 2447 1436; x_wconf 88' lang='lat' dir='ltr'>quae</span> <span class='ocrx_word' id='word_1_77' title='bbox 2487 1339 2679 1438; x_wconf 89' lang='lat' dir='ltr'>plebs</span> <span class='ocrx_word' id='word_1_78' title='bbox 2726 1339 2892 1413; x_wconf 88' lang='lat' dir='ltr'>olim</span> 
     </span>
     <span class='ocr_line' id='line_1_10' title="bbox 681 1450 2896 1549; baseline 0.003 -28"><span class='ocrx_word' id='word_1_79' title='bbox 681 1450 1065 1547; x_wconf 81' lang='lat' dir='ltr'>ignorabat;</span> <span class='ocrx_word' id='word_1_80' title='bbox 1108 1478 1243 1524; x_wconf 93' lang='lat' dir='ltr'>non</span> <span class='ocrx_word' id='word_1_81' title='bbox 1284 1450 1576 1549; x_wconf 88' lang='lat' dir='ltr'>amplius</span> <span class='ocrx_word' id='word_1_82' title='bbox 1627 1476 1751 1525; x_wconf 90' lang='lat' dir='ltr'>sua</span> <span class='ocrx_word' id='word_1_83' title='bbox 1800 1468 1978 1524; x_wconf 83' lang='lat' dir='ltr'>sorte</span> <span class='ocrx_word' id='word_1_84' title='bbox 2027 1468 2337 1525; x_wconf 88' lang='lat' dir='ltr'>contenta</span> <span class='ocrx_word' id='word_1_85' title='bbox 2386 1454 2714 1527; x_wconf 81' lang='lat' dir='ltr'>novitates</span> <span class='ocrx_word' id='word_1_86' title='bbox 2747 1480 2896 1528; x_wconf 89' lang='lat' dir='ltr'>mo-</span> 
     </span>
     <span class='ocr_line' id='line_1_11' title="bbox 680 1566 2894 1666; baseline 0.002 -29"><span class='ocrx_word' id='word_1_87' title='bbox 680 1567 876 1651; x_wconf 87' lang='lat' dir='ltr'>litur,</span> <span class='ocrx_word' id='word_1_88' title='bbox 924 1592 1004 1641; x_wconf 85' lang='lat' dir='ltr'>ac</span> <span class='ocrx_word' id='word_1_89' title='bbox 1049 1593 1312 1665; x_wconf 89' lang='lat' dir='ltr'>semper</span> <span class='ocrx_word' id='word_1_90' title='bbox 1355 1582 1618 1666; x_wconf 90' lang='lat' dir='ltr'>praesto</span> <span class='ocrx_word' id='word_1_91' title='bbox 1660 1580 1764 1638; x_wconf 89' lang='lat' dir='ltr'>est</span> <span class='ocrx_word' id='word_1_92' title='bbox 1811 1566 1897 1637; x_wconf 92' lang='lat' dir='ltr'>ad</span> <span class='ocrx_word' id='word_1_93' title='bbox 1949 1591 2101 1639; x_wconf 86' lang='lat' dir='ltr'>sese</span> <span class='ocrx_word' id='word_1_94' title='bbox 2148 1568 2686 1663; x_wconf 84' lang='lat' dir='ltr'>coniungendam</span> <span class='ocrx_word' id='word_1_95' title='bbox 2734 1595 2894 1642; x_wconf 89' lang='lat' dir='ltr'>cum</span> 
     </span>
     <span class='ocr_line' id='line_1_12' title="bbox 679 1679 2896 1780; baseline 0.003 -30"><span class='ocrx_word' id='word_1_96' title='bbox 679 1679 1072 1754; x_wconf 80' lang='lat' dir='ltr'>facinorosis</span> <span class='ocrx_word' id='word_1_97' title='bbox 1115 1681 1279 1754; x_wconf 84' lang='lat' dir='ltr'>freta</span> <span class='ocrx_word' id='word_1_98' title='bbox 1322 1706 1444 1780; x_wconf 89' lang='lat' dir='ltr'>spe</span> <span class='ocrx_word' id='word_1_99' title='bbox 1495 1680 1627 1752; x_wconf 88' lang='lat' dir='ltr'>sibi</span> <span class='ocrx_word' id='word_1_100' title='bbox 1673 1680 1895 1753; x_wconf 89' lang='lat' dir='ltr'>aliena</span> <span class='ocrx_word' id='word_1_101' title='bbox 1926 1680 2102 1753; x_wconf 86' lang='lat' dir='ltr'>bona</span> <span class='ocrx_word' id='word_1_102' title='bbox 2143 1683 2558 1780; x_wconf 81' lang='lat' dir='ltr'>acquirendi.</span> <span class='ocrx_word' id='word_1_103' title='bbox 2604 1682 2896 1757; x_wconf 89' lang='lat' dir='ltr'>Pseudo-</span> 
     </span>
     <span class='ocr_line' id='line_1_13' title="bbox 679 1793 2896 1895; baseline 0.003 -31"><span class='ocrx_word' id='word_1_104' title='bbox 679 1793 931 1891; x_wconf 89' lang='lat' dir='ltr'>politici</span> <span class='ocrx_word' id='word_1_105' title='bbox 982 1820 1104 1868; x_wconf 90' lang='lat' dir='ltr'>sua</span> <span class='ocrx_word' id='word_1_106' title='bbox 1155 1795 1393 1891; x_wconf 80' lang='lat' dir='ltr'>agendi</span> <span class='ocrx_word' id='word_1_107' title='bbox 1430 1794 1703 1887; x_wconf 78' lang='lat' dir='ltr'>¹ratione</span> <span class='ocrx_word' id='word_1_108' title='bbox 1753 1821 1986 1868; x_wconf 92' lang='lat' dir='ltr'>ansam</span> <span class='ocrx_word' id='word_1_109' title='bbox 2038 1795 2304 1868; x_wconf 82' lang='lat' dir='ltr'>facilem</span> <span class='ocrx_word' id='word_1_110' title='bbox 2356 1795 2682 1895; x_wconf 89' lang='lat' dir='ltr'>praebent</span> <span class='ocrx_word' id='word_1_111' title='bbox 2729 1797 2896 1870; x_wconf 88' lang='lat' dir='ltr'>huic</span> 
     </span>
     <span class='ocr_line' id='line_1_14' title="bbox 680 1906 2897 2011; baseline 0.002 -32"><span class='ocrx_word' id='word_1_112' title='bbox 680 1906 1012 2008; x_wconf 90' lang='lat' dir='ltr'>principio</span> <span class='ocrx_word' id='word_1_113' title='bbox 1036 1966 1053 1994; x_wconf 88' lang='lat'>‚</span> <span class='ocrx_word' id='word_1_114' title='bbox 1126 1934 1242 1981; x_wconf 90' lang='lat' dir='ltr'>seu</span> <span class='ocrx_word' id='word_1_115' title='bbox 1297 1909 1486 1982; x_wconf 91' lang='lat' dir='ltr'>hisce</span> <span class='ocrx_word' id='word_1_116' title='bbox 1545 1909 1821 1983; x_wconf 89' lang='lat' dir='ltr'>theoriis</span> <span class='ocrx_word' id='word_1_117' title='bbox 1887 1909 2337 2009; x_wconf 77' lang='lat' dir='ltr'>propagandis</span> <span class='ocrx_word' id='word_1_118' title='bbox 2404 1926 2604 2010; x_wconf 86' lang='lat' dir='ltr'>atque</span> <span class='ocrx_word' id='word_1_119' title='bbox 2653 1911 2897 2011; x_wconf 90' lang='lat' dir='ltr'>ampli-</span> 
     </span>
     <span class='ocr_line' id='line_1_15' title="bbox 681 2020 2894 2123; baseline 0.001 -27"><span class='ocrx_word' id='word_1_120' title='bbox 681 2020 985 2099; x_wconf 82' lang='lat' dir='ltr'>ficandis.</span> <span class='ocrx_word' id='word_1_121' title='bbox 1045 2024 1209 2094; x_wconf 89' lang='lat' dir='ltr'>Nam</span> <span class='ocrx_word' id='word_1_122' title='bbox 1266 2022 1424 2097; x_wconf 88' lang='lat' dir='ltr'>licet</span> <span class='ocrx_word' id='word_1_123' title='bbox 1481 2024 1610 2123; x_wconf 90' lang='lat' dir='ltr'>ipsi</span> <span class='ocrx_word' id='word_1_124' title='bbox 1668 2025 1963 2097; x_wconf 89' lang='lat' dir='ltr'>nondum</span> <span class='ocrx_word' id='word_1_125' title='bbox 2014 2050 2093 2098; x_wconf 90' lang='lat' dir='ltr'>eo</span> <span class='ocrx_word' id='word_1_126' title='bbox 2143 2026 2613 2123; x_wconf 84' lang='lat' dir='ltr'>pervenerint,</span> <span class='ocrx_word' id='word_1_127' title='bbox 2668 2040 2744 2099; x_wconf 89' lang='lat' dir='ltr'>ut</span> <span class='ocrx_word' id='word_1_128' title='bbox 2790 2026 2894 2099; x_wconf 91' lang='lat' dir='ltr'>di-</span> 
     </span>
    </p>
   </div>
   <div class='ocr_carea' id='block_1_3' title="bbox 671 2306 2902 4439">
    <p class='ocr_par' dir='ltr' id='par_1_3' title="bbox 672 2306 2900 3330">
     <span class='ocr_line' id='line_1_16' title="bbox 681 2306 2896 2372; baseline -0 -15"><span class='ocrx_word' id='word_1_129' title='bbox 681 2306 936 2357; x_wconf 75' lang='lat' dir='ltr'>definition</span> <span class='ocrx_word' id='word_1_130' title='bbox 956 2308 1019 2357; x_wconf 90' lang='lat' dir='ltr'>de</span> <span class='ocrx_word' id='word_1_131' title='bbox 1048 2306 1096 2357; x_wconf 96' lang='grc'>18</span> <span class='ocrx_word' id='word_1_132' title='bbox 1118 2307 1359 2372; x_wconf 72' lang='lat' dir='ltr'>propriete</span> <span class='ocrx_word' id='word_1_133' title='bbox 1387 2310 1461 2358; x_wconf 83' lang='lat' dir='ltr'>est</span> <span class='ocrx_word' id='word_1_134' title='bbox 1497 2308 1689 2358; x_wconf 87' lang='lat' dir='ltr'>mienne</span> <span class='ocrx_word' id='word_1_135' title='bbox 1704 2344 1719 2370; x_wconf 90' lang='lat'><strong>,</strong></span> <span class='ocrx_word' id='word_1_136' title='bbox 1742 2317 1791 2358; x_wconf 83' lang='lat' dir='ltr'>et</span> <span class='ocrx_word' id='word_1_137' title='bbox 1810 2311 1947 2359; x_wconf 83' lang='grc'><strong>18818</strong></span> <span class='ocrx_word' id='word_1_138' title='bbox 1981 2321 2096 2359; x_wconf 87' lang='lat' dir='ltr'>mon</span> <span class='ocrx_word' id='word_1_139' title='bbox 2130 2306 2364 2357; x_wconf 86' lang='lat' dir='ltr'>ambition</span> <span class='ocrx_word' id='word_1_140' title='bbox 2386 2309 2461 2357; x_wconf 87' lang='lat' dir='ltr'>est</span> <span class='ocrx_word' id='word_1_141' title='bbox 2478 2307 2542 2356; x_wconf 91' lang='grc'>(18</span> <span class='ocrx_word' id='word_1_142' title='bbox 2565 2318 2777 2371; x_wconf 79' lang='lat' dir='ltr'>prouver</span> <span class='ocrx_word' id='word_1_143' title='bbox 2795 2319 2896 2370; x_wconf 78' lang='lat' dir='ltr'>que</span> 
     </span>
     <span class='ocr_line' id='line_1_17' title="bbox 673 2386 2896 2452; baseline -0.001 -14"><span class='ocrx_word' id='word_1_144' title='bbox 673 2387 775 2449; x_wconf 65' lang='lat' dir='ltr'>Pen</span> <span class='ocrx_word' id='word_1_145' title='bbox 805 2388 851 2438; x_wconf 88' lang='lat' dir='ltr'>ai</span> <span class='ocrx_word' id='word_1_146' title='bbox 871 2387 1084 2449; x_wconf 81' lang='lat' dir='ltr'>compris</span> <span class='ocrx_word' id='word_1_147' title='bbox 1100 2388 1148 2438; x_wconf 89' lang='lat' dir='ltr'>le</span> <span class='ocrx_word' id='word_1_148' title='bbox 1161 2401 1272 2439; x_wconf 79' lang='lat' dir='ltr'>sens</span> <span class='ocrx_word' id='word_1_149' title='bbox 1289 2391 1341 2438; x_wconf 88' lang='lat' dir='ltr'>et</span> <span class='ocrx_word' id='word_1_150' title='bbox 1358 2388 1615 2440; x_wconf 76' lang='lat' dir='ltr'>l’etendue.</span> <span class='ocrx_word' id='word_1_151' title='bbox 1647 2391 1720 2440; x_wconf 81' lang='lat' dir='ltr'>La</span> <span class='ocrx_word' id='word_1_152' title='bbox 1739 2390 2031 2452; x_wconf 69' lang='lat' dir='ltr'>propr-uu,</span> <span class='ocrx_word' id='word_1_153' title='bbox 2051 2388 2172 2439; x_wconf 71' lang='lat' dir='ltr'>c’est</span> <span class='ocrx_word' id='word_1_154' title='bbox 2201 2388 2250 2438; x_wconf 80' lang='lat' dir='ltr'>le</span> <span class='ocrx_word' id='word_1_155' title='bbox 2272 2386 2395 2437; x_wconf 79' lang='lat' dir='ltr'>vol!</span> <span class='ocrx_word' id='word_1_156' title='bbox 2415 2387 2457 2437; x_wconf 88' lang='grc'>11</span> <span class='ocrx_word' id='word_1_157' title='bbox 2478 2399 2542 2436; x_wconf 90' lang='grc'>88</span> <span class='ocrx_word' id='word_1_158' title='bbox 2559 2399 2613 2437; x_wconf 86' lang='lat' dir='ltr'>ss</span> <span class='ocrx_word' id='word_1_159' title='bbox 2629 2386 2706 2437; x_wconf 87' lang='lat' dir='ltr'>dit</span> <span class='ocrx_word' id='word_1_160' title='bbox 2724 2399 2812 2449; x_wconf 85' lang='lat' dir='ltr'>pas</span> <span class='ocrx_word' id='word_1_161' title='bbox 2829 2399 2896 2436; x_wconf 88' lang='lat' dir='ltr'>en</span> 
     </span>
     <span class='ocr_line' id='line_1_18' title="bbox 676 2465 2900 2530; baseline -0 -14"><span class='ocrx_word' id='word_1_162' title='bbox 676 2466 813 2519; x_wconf 86' lang='lat' dir='ltr'>mille</span> <span class='ocrx_word' id='word_1_163' title='bbox 835 2480 923 2517; x_wconf 86' lang='lat' dir='ltr'>ans</span> <span class='ocrx_word' id='word_1_164' title='bbox 940 2468 1071 2517; x_wconf 81' lang='lat' dir='ltr'>deux</span> <span class='ocrx_word' id='word_1_165' title='bbox 1092 2470 1222 2518; x_wconf 88' lang='lat' dir='ltr'>mots</span> <span class='ocrx_word' id='word_1_166' title='bbox 1244 2481 1434 2517; x_wconf 86' lang='lat' dir='ltr'>comme</span> <span class='ocrx_word' id='word_1_167' title='bbox 1452 2468 1666 2517; x_wconf 75' lang='lat' dir='ltr'>celui-la.</span> <span class='ocrx_word' id='word_1_168' title='bbox 1686 2469 1744 2517; x_wconf 84' lang='lat' dir='ltr'>Je</span> <span class='ocrx_word' id='word_1_169' title='bbox 1766 2468 1863 2517; x_wconf 83' lang='lat' dir='ltr'>n&#39;ai</span> <span class='ocrx_word' id='word_1_170' title='bbox 1889 2467 2079 2517; x_wconf 87' lang='lat' dir='ltr'>d&#39;autre</span> <span class='ocrx_word' id='word_1_171' title='bbox 2094 2467 2205 2517; x_wconf 88' lang='lat' dir='ltr'>bien</span> <span class='ocrx_word' id='word_1_172' title='bbox 2223 2480 2308 2516; x_wconf 90' lang='lat' dir='ltr'>sur</span> <span class='ocrx_word' id='word_1_173' title='bbox 2330 2467 2380 2516; x_wconf 90' lang='lat' dir='ltr'>la</span> <span class='ocrx_word' id='word_1_174' title='bbox 2406 2469 2534 2517; x_wconf 88' lang='lat' dir='ltr'>terre</span> <span class='ocrx_word' id='word_1_175' title='bbox 2550 2479 2650 2530; x_wconf 85' lang='lat' dir='ltr'>qne</span> <span class='ocrx_word' id='word_1_176' title='bbox 2670 2469 2797 2517; x_wconf 85' lang='lat' dir='ltr'>cette</span> <span class='ocrx_word' id='word_1_177' title='bbox 2819 2465 2900 2515; x_wconf 81' lang='grc'><strong>(16·</strong></span> 
     </span>
     <span class='ocr_line' id='line_1_19' title="bbox 680 2546 2896 2622; baseline 0 -26"><span class='ocrx_word' id='word_1_178' title='bbox 680 2547 871 2599; x_wconf 75' lang='grc' dir='ltr'><strong>ῆ811188</strong></span> <span class='ocrx_word' id='word_1_179' title='bbox 891 2547 951 2598; x_wconf 89' lang='lat' dir='ltr'>de</span> <span class='ocrx_word' id='word_1_180' title='bbox 970 2549 1019 2597; x_wconf 93' lang='grc'>18</span> <span class='ocrx_word' id='word_1_181' title='bbox 1036 2549 1296 2612; x_wconf 77' lang='lat' dir='ltr'>propriete3</span> <span class='ocrx_word' id='word_1_182' title='bbox 1317 2548 1440 2598; x_wconf 86' lang='lat' dir='ltr'>mais</span> <span class='ocrx_word' id='word_1_183' title='bbox 1449 2550 1500 2611; x_wconf 88' lang='lat' dir='ltr'>je</span> <span class='ocrx_word' id='word_1_184' title='bbox 1514 2549 1562 2597; x_wconf 87' lang='lat' dir='ltr'>la</span> <span class='ocrx_word' id='word_1_185' title='bbox 1574 2550 1702 2598; x_wconf 85' lang='lat' dir='ltr'>tiens</span> <span class='ocrx_word' id='word_1_186' title='bbox 1720 2549 1830 2611; x_wconf 86' lang='lat' dir='ltr'>plus</span> <span class='ocrx_word' id='word_1_187' title='bbox 1843 2548 2088 2611; x_wconf 72' lang='lat' dir='ltr'>procieuse</span> <span class='ocrx_word' id='word_1_188' title='bbox 2101 2547 2282 2622; x_wconf 70' lang='grc'><strong>988188</strong></span> <span class='ocrx_word' id='word_1_189' title='bbox 2296 2547 2514 2597; x_wconf 84' lang='grc'><strong>1111111888</strong></span> <span class='ocrx_word' id='word_1_190' title='bbox 2523 2546 2610 2598; x_wconf 88' lang='grc'><strong>(188</strong></span> <span class='ocrx_word' id='word_1_191' title='bbox 2623 2547 2896 2608; x_wconf 67' lang='grc'><strong>118188111111,</strong></span> 
     </span>
     <span class='ocr_line' id='line_1_20' title="bbox 680 2626 2898 2690; baseline 0.001 -14"><span class='ocrx_word' id='word_1_192' title='bbox 680 2629 732 2677; x_wconf 87' lang='grc'>81</span> <span class='ocrx_word' id='word_1_193' title='bbox 760 2627 883 2689; x_wconf 84' lang='lat' dir='ltr'>j&#39;ose</span> <span class='ocrx_word' id='word_1_194' title='bbox 910 2626 1019 2677; x_wconf 86' lang='lat' dir='ltr'>dire</span> <span class='ocrx_word' id='word_1_195' title='bbox 1047 2628 1227 2690; x_wconf 82' lang='lat' dir='ltr'>qu’elle</span> <span class='ocrx_word' id='word_1_196' title='bbox 1255 2641 1364 2678; x_wconf 85' lang='lat' dir='ltr'>sera</span> <span class='ocrx_word' id='word_1_197' title='bbox 1402 2628 1722 2678; x_wconf 75' lang='lat' dir='ltr'>l’evenement</span> <span class='ocrx_word' id='word_1_198' title='bbox 1754 2628 1801 2678; x_wconf 86' lang='lat' dir='ltr'>le</span> <span class='ocrx_word' id='word_1_199' title='bbox 1834 2627 1945 2690; x_wconf 86' lang='lat' dir='ltr'>plus</span> <span class='ocrx_word' id='word_1_200' title='bbox 1973 2627 2309 2678; x_wconf 75' lang='lat' dir='ltr'>considerable</span> <span class='ocrx_word' id='word_1_201' title='bbox 2351 2626 2419 2676; x_wconf 88' lang='lat' dir='ltr'>du</span> <span class='ocrx_word' id='word_1_202' title='bbox 2460 2627 2607 2689; x_wconf 71' lang='lat' dir='ltr'>regne</span> <span class='ocrx_word' id='word_1_203' title='bbox 2638 2626 2704 2677; x_wconf 88' lang='lat' dir='ltr'>de</span> <span class='ocrx_word' id='word_1_204' title='bbox 2729 2627 2898 2678; x_wconf 79' lang='lat' dir='ltr'>Leuis·</span> 
     </span>
     <span class='ocr_line' id='line_1_21' title="bbox 678 2704 2896 2770; baseline 0.001 -17"><span class='ocrx_word' id='word_1_205' title='bbox 678 2704 950 2768; x_wconf 76' lang='lat' dir='ltr'>Philipps.»</span> <span class='ocrx_word' id='word_1_206' title='bbox 973 2707 1060 2755; x_wconf 81' lang='lat' dir='ltr'>Ast</span> <span class='ocrx_word' id='word_1_207' title='bbox 1085 2705 1349 2756; x_wconf 85' lang='lat' dir='ltr'>Proudhon</span> <span class='ocrx_word' id='word_1_208' title='bbox 1381 2720 1632 2770; x_wconf 81' lang='lat' dir='ltr'>perperam</span> <span class='ocrx_word' id='word_1_209' title='bbox 1661 2706 1756 2756; x_wconf 87' lang='lat' dir='ltr'>sibi</span> <span class='ocrx_word' id='word_1_210' title='bbox 1781 2707 2017 2769; x_wconf 82' lang='lat' dir='ltr'>gloriatur</span> <span class='ocrx_word' id='word_1_211' title='bbox 2039 2706 2101 2756; x_wconf 87' lang='lat' dir='ltr'>de</span> <span class='ocrx_word' id='word_1_212' title='bbox 2128 2707 2223 2757; x_wconf 88' lang='lat' dir='ltr'>hoc</span> <span class='ocrx_word' id='word_1_213' title='bbox 2244 2707 2473 2770; x_wconf 83' lang='lat' dir='ltr'>invento,</span> <span class='ocrx_word' id='word_1_214' title='bbox 2496 2706 2742 2770; x_wconf 86' lang='lat' dir='ltr'>siquidem</span> <span class='ocrx_word' id='word_1_215' title='bbox 2780 2708 2896 2757; x_wconf 81' lang='lat' dir='ltr'>ante</span> 
     </span>
     <span class='ocr_line' id='line_1_22' title="bbox 679 2783 2893 2850; baseline 0.001 -18"><span class='ocrx_word' id='word_1_216' title='bbox 679 2784 837 2846; x_wconf 81' lang='lat' dir='ltr'>ipsum</span> <span class='ocrx_word' id='word_1_217' title='bbox 859 2783 1077 2834; x_wconf 87' lang='lat' dir='ltr'>eamdem</span> <span class='ocrx_word' id='word_1_218' title='bbox 1100 2785 1408 2849; x_wconf 81' lang='lat' dir='ltr'>proprietatis</span> <span class='ocrx_word' id='word_1_219' title='bbox 1429 2784 1760 2835; x_wconf 83' lang='lat' dir='ltr'>definitionem</span> <span class='ocrx_word' id='word_1_220' title='bbox 1786 2785 1988 2835; x_wconf 85' lang='lat' dir='ltr'>dederat</span> <span class='ocrx_word' id='word_1_221' title='bbox 2009 2800 2089 2836; x_wconf 85' lang='lat' dir='ltr'>an.</span> <span class='ocrx_word' id='word_1_222' title='bbox 2120 2790 2253 2837; x_wconf 73' lang='grc'><strong>1730.</strong></span> <span class='ocrx_word' id='word_1_223' title='bbox 2276 2786 2476 2850; x_wconf 88' lang='lat' dir='ltr'>quidem</span> <span class='ocrx_word' id='word_1_224' title='bbox 2496 2786 2710 2850; x_wconf 86' lang='lat' dir='ltr'>Brissot‚</span> <span class='ocrx_word' id='word_1_225' title='bbox 2733 2786 2893 2849; x_wconf 85' lang='lat' dir='ltr'>quiin</span> 
     </span>
     <span class='ocr_line' id='line_1_23' title="bbox 677 2861 2895 2930; baseline 0 -19"><span class='ocrx_word' id='word_1_226' title='bbox 677 2861 781 2911; x_wconf 83' lang='lat' dir='ltr'>suis</span> <span class='ocrx_word' id='word_1_227' title='bbox 804 2861 1116 2913; x_wconf 74' lang='lat' dir='ltr'>Recherehes</span> <span class='ocrx_word' id='word_1_228' title='bbox 1136 2861 1559 2928; x_wconf 67' lang='lat' dir='ltr'>philosophique-r</span> <span class='ocrx_word' id='word_1_229' title='bbox 1579 2876 1677 2914; x_wconf 75' lang='lat' dir='ltr'>sur</span> <span class='ocrx_word' id='word_1_230' title='bbox 1699 2864 1747 2912; x_wconf 76' lang='lat' dir='ltr'>le</span> <span class='ocrx_word' id='word_1_231' title='bbox 1763 2863 1905 2915; x_wconf 74' lang='lat' dir='ltr'>droit</span> <span class='ocrx_word' id='word_1_232' title='bbox 1922 2863 1989 2914; x_wconf 81' lang='lat' dir='ltr'>de</span> <span class='ocrx_word' id='word_1_233' title='bbox 2001 2865 2271 2930; x_wconf 60' lang='lat' dir='ltr'>propi-ieet</span> <span class='ocrx_word' id='word_1_234' title='bbox 2283 2866 2336 2914; x_wconf 80' lang='lat' dir='ltr'>et</span> <span class='ocrx_word' id='word_1_235' title='bbox 2359 2864 2408 2914; x_wconf 79' lang='lat' dir='ltr'>le</span> <span class='ocrx_word' id='word_1_236' title='bbox 2425 2863 2541 2925; x_wconf 82' lang='lat' dir='ltr'>vol,</span> <span class='ocrx_word' id='word_1_237' title='bbox 2564 2864 2662 2914; x_wconf 84' lang='lat' dir='ltr'>iam</span> <span class='ocrx_word' id='word_1_238' title='bbox 2683 2863 2895 2913; x_wconf 78' lang='lat' dir='ltr'>dixerat:</span> 
     </span>
     <span class='ocr_line' id='line_1_24' title="bbox 681 2941 2898 3008; baseline 0 -16"><span class='ocrx_word' id='word_1_239' title='bbox 681 2962 707 2983; x_wconf 75' lang='grc' dir='ltr'>«ι</span> <span class='ocrx_word' id='word_1_240' title='bbox 725 2943 802 2992; x_wconf 83' lang='lat' dir='ltr'>La</span> <span class='ocrx_word' id='word_1_241' title='bbox 813 2941 1083 3005; x_wconf 63' lang='lat' dir='ltr'>propr-tete</span> <span class='ocrx_word' id='word_1_242' title='bbox 1102 2945 1180 2993; x_wconf 74' lang='lat' dir='ltr'>est</span> <span class='ocrx_word' id='word_1_243' title='bbox 1200 2955 1277 2993; x_wconf 77' lang='lat' dir='ltr'>un</span> <span class='ocrx_word' id='word_1_244' title='bbox 1300 2942 1389 2992; x_wconf 81' lang='lat' dir='ltr'>vol</span> <span class='ocrx_word' id='word_1_245' title='bbox 1410 2941 1545 2993; x_wconf 77' lang='lat' dir='ltr'>dans</span> <span class='ocrx_word' id='word_1_246' title='bbox 1574 2942 1631 2993; x_wconf 83' lang='lat' dir='ltr'>la</span> <span class='ocrx_word' id='word_1_247' title='bbox 1656 2946 1853 2994; x_wconf 79' lang='lat' dir='ltr'>nature</span> <span class='ocrx_word' id='word_1_248' title='bbox 1869 2980 1886 3007; x_wconf 90' lang='lat'>‚</span> <span class='ocrx_word' id='word_1_249' title='bbox 1917 2943 1965 2994; x_wconf 78' lang='lat' dir='ltr'>lc</span> <span class='ocrx_word' id='word_1_250' title='bbox 1990 2946 2339 3008; x_wconf 64' lang='lat' dir='ltr'>proprietam</span> <span class='ocrx_word' id='word_1_251' title='bbox 2360 2946 2438 2994; x_wconf 75' lang='lat' dir='ltr'>est</span> <span class='ocrx_word' id='word_1_252' title='bbox 2459 2956 2536 2994; x_wconf 79' lang='lat' dir='ltr'>un</span> <span class='ocrx_word' id='word_1_253' title='bbox 2565 2942 2768 2994; x_wconf 77' lang='lat' dir='ltr'>voleur.</span> <span class='ocrx_word' id='word_1_254' title='bbox 2798 2943 2898 2993; x_wconf 83' lang='lat' dir='ltr'>sed</span> 
     </span>
     <span class='ocr_line' id='line_1_25' title="bbox 672 3020 2900 3085; baseline 0 -16"><span class='ocrx_word' id='word_1_255' title='bbox 672 3031 832 3082; x_wconf 88' lang='lat' dir='ltr'>neque</span> <span class='ocrx_word' id='word_1_256' title='bbox 851 3021 1037 3070; x_wconf 87' lang='lat' dir='ltr'>Brissot</span> <span class='ocrx_word' id='word_1_257' title='bbox 1054 3020 1150 3069; x_wconf 86' lang='lat' dir='ltr'>sibi</span> <span class='ocrx_word' id='word_1_258' title='bbox 1168 3020 1441 3071; x_wconf 82' lang='lat' dir='ltr'>adscribere</span> <span class='ocrx_word' id='word_1_259' title='bbox 1460 3022 1621 3084; x_wconf 83' lang='lat' dir='ltr'>potuit</span> <span class='ocrx_word' id='word_1_260' title='bbox 1637 3021 1879 3072; x_wconf 87' lang='lat' dir='ltr'>eiusmodi</span> <span class='ocrx_word' id='word_1_261' title='bbox 1901 3023 2183 3085; x_wconf 80' lang='lat' dir='ltr'>inventum3</span> <span class='ocrx_word' id='word_1_262' title='bbox 2214 3035 2327 3071; x_wconf 85' lang='lat' dir='ltr'>nam</span> <span class='ocrx_word' id='word_1_263' title='bbox 2351 3024 2565 3085; x_wconf 85' lang='lat' dir='ltr'>quatuor</span> <span class='ocrx_word' id='word_1_264' title='bbox 2586 3021 2764 3071; x_wconf 86' lang='lat' dir='ltr'>seculis</span> <span class='ocrx_word' id='word_1_265' title='bbox 2785 3023 2900 3071; x_wconf 84' lang='lat' dir='ltr'>ante</span> 
     </span>
     <span class='ocr_line' id='line_1_26' title="bbox 676 3098 2895 3165; baseline 0 -16"><span class='ocrx_word' id='word_1_266' title='bbox 676 3098 994 3149; x_wconf 80' lang='lat' dir='ltr'>christianam</span> <span class='ocrx_word' id='word_1_267' title='bbox 1027 3111 1190 3149; x_wconf 87' lang='lat' dir='ltr'>aeram</span> <span class='ocrx_word' id='word_1_268' title='bbox 1208 3137 1222 3162; x_wconf 92' lang='lat'><strong>,</strong></span> <span class='ocrx_word' id='word_1_269' title='bbox 1246 3099 1377 3150; x_wconf 86' lang='lat' dir='ltr'>idem</span> <span class='ocrx_word' id='word_1_270' title='bbox 1402 3100 1697 3165; x_wconf 87' lang='lat' dir='ltr'>principium</span> <span class='ocrx_word' id='word_1_271' title='bbox 1736 3103 2092 3165; x_wconf 81' lang='lat' dir='ltr'>proclamatum</span> <span class='ocrx_word' id='word_1_272' title='bbox 2124 3101 2283 3151; x_wconf 79' lang='lat' dir='ltr'>fuerat</span> <span class='ocrx_word' id='word_1_273' title='bbox 2300 3102 2354 3152; x_wconf 91' lang='lat' dir='ltr'>in</span> <span class='ocrx_word' id='word_1_274' title='bbox 2372 3101 2566 3151; x_wconf 82' lang='lat' dir='ltr'>theatro</span> <span class='ocrx_word' id='word_1_275' title='bbox 2586 3100 2858 3150; x_wconf 79' lang='lat' dir='ltr'>atheniensi</span> <span class='ocrx_word' id='word_1_276' title='bbox 2877 3136 2895 3160; x_wconf 86' lang='lat'>‚</span> 
     </span>
     <span class='ocr_line' id='line_1_27' title="bbox 676 3177 2896 3245; baseline -0 -14"><span class='ocrx_word' id='word_1_277' title='bbox 676 3181 847 3242; x_wconf 78' lang='lat' dir='ltr'>postea</span> <span class='ocrx_word' id='word_1_278' title='bbox 864 3177 982 3231; x_wconf 76' lang='lat' dir='ltr'>vero</span> <span class='ocrx_word' id='word_1_279' title='bbox 1002 3177 1289 3245; x_wconf 78' lang='lat' dir='ltr'>adoptatum</span> <span class='ocrx_word' id='word_1_280' title='bbox 1313 3193 1343 3230; x_wconf 91' lang='lat' dir='ltr'>a</span> <span class='ocrx_word' id='word_1_281' title='bbox 1364 3181 1612 3234; x_wconf 84' lang='lat' dir='ltr'>nonnullis</span> <span class='ocrx_word' id='word_1_282' title='bbox 1645 3182 1996 3244; x_wconf 72' lang='lat' dir='ltr'>haeresiarchis</span> <span class='ocrx_word' id='word_1_283' title='bbox 2015 3181 2312 3233; x_wconf 82' lang='lat' dir='ltr'>christianis.</span> <span class='ocrx_word' id='word_1_284' title='bbox 2338 3181 2415 3231; x_wconf 75' lang='lat' dir='ltr'>cf.</span> <span class='ocrx_word' id='word_1_285' title='bbox 2436 3179 2709 3231; x_wconf 76' lang='lat' dir='ltr'>Thonissen</span> <span class='ocrx_word' id='word_1_286' title='bbox 2729 3183 2798 3230; x_wconf 78' lang='lat' dir='ltr'>Le</span> <span class='ocrx_word' id='word_1_287' title='bbox 2815 3192 2896 3230; x_wconf 75' lang='lat' dir='ltr'>so·</span> 
     </span>
     <span class='ocr_line' id='line_1_28' title="bbox 681 3261 1406 3330; baseline 0.001 -19"><span class='ocrx_word' id='word_1_288' title='bbox 681 3261 917 3330; x_wconf 72' lang='lat' dir='ltr'>ciali-rme</span> <span class='ocrx_word' id='word_1_289' title='bbox 938 3263 1060 3310; x_wconf 89' lang='lat' dir='ltr'>tom.</span> <span class='ocrx_word' id='word_1_290' title='bbox 1084 3263 1145 3310; x_wconf 91' lang='lat'>11.</span> <span class='ocrx_word' id='word_1_291' title='bbox 1168 3274 1278 3325; x_wconf 72' lang='lat' dir='ltr'>pag.</span> <span class='ocrx_word' id='word_1_292' title='bbox 1302 3269 1406 3312; x_wconf 81' lang='lat'><strong>155.</strong></span> 
     </span>
    </p>

    <p class='ocr_par' dir='ltr' id='par_1_4' title="bbox 671 3340 2902 4439">
     <span class='ocr_line' id='line_1_29' title="bbox 821 3340 2895 3404; baseline 0 -14"><span class='ocrx_word' id='word_1_293' title='bbox 821 3341 1057 3403; x_wconf 80' lang='lat' dir='ltr'>Quisquis</span> <span class='ocrx_word' id='word_1_294' title='bbox 1082 3351 1200 3391; x_wconf 84' lang='lat' dir='ltr'>vero</span> <span class='ocrx_word' id='word_1_295' title='bbox 1230 3341 1376 3391; x_wconf 75' lang='lat' dir='ltr'>suerit</span> <span class='ocrx_word' id='word_1_296' title='bbox 1397 3341 1544 3392; x_wconf 82' lang='lat' dir='ltr'>huius</span> <span class='ocrx_word' id='word_1_297' title='bbox 1564 3341 1816 3392; x_wconf 82' lang='lat' dir='ltr'>doctrinae</span> <span class='ocrx_word' id='word_1_298' title='bbox 1849 3343 2166 3404; x_wconf 82' lang='lat' dir='ltr'>adinventor,</span> <span class='ocrx_word' id='word_1_299' title='bbox 2193 3342 2351 3392; x_wconf 72' lang='lat' dir='ltr'>facilis</span> <span class='ocrx_word' id='word_1_300' title='bbox 2369 3340 2465 3391; x_wconf 77' lang='lat' dir='ltr'>mit</span> <span class='ocrx_word' id='word_1_301' title='bbox 2486 3342 2592 3391; x_wconf 86' lang='lat' dir='ltr'>eius</span> <span class='ocrx_word' id='word_1_302' title='bbox 2611 3341 2895 3404; x_wconf 76' lang='lat' dir='ltr'>applicatio.</span> 
     </span>
     <span class='ocr_line' id='line_1_30' title="bbox 671 3418 2898 3484; baseline -0.001 -12"><span class='ocrx_word' id='word_1_303' title='bbox 671 3418 800 3472; x_wconf 77' lang='lat' dir='ltr'>niae</span> <span class='ocrx_word' id='word_1_304' title='bbox 812 3419 1053 3484; x_wconf 78' lang='lat' dir='ltr'>’Weitling</span> <span class='ocrx_word' id='word_1_305' title='bbox 1070 3419 1498 3483; x_wconf 63' lang='lat' dir='ltr'>magdeburgensis</span> <span class='ocrx_word' id='word_1_306' title='bbox 1517 3421 1567 3471; x_wconf 90' lang='lat' dir='ltr'>in</span> <span class='ocrx_word' id='word_1_307' title='bbox 1584 3435 1667 3484; x_wconf 89' lang='lat' dir='ltr'>op.</span> <span class='ocrx_word' id='word_1_308' title='bbox 1683 3423 1958 3472; x_wconf 77' lang='lat' dir='ltr'>Garantics</span> <span class='ocrx_word' id='word_1_309' title='bbox 1977 3421 2266 3473; x_wconf 73' lang='lat' dir='ltr'>d’amonte</span> <span class='ocrx_word' id='word_1_310' title='bbox 2284 3423 2336 3470; x_wconf 83' lang='lat' dir='ltr'>et</span> <span class='ocrx_word' id='word_1_311' title='bbox 2353 3419 2418 3471; x_wconf 83' lang='grc'>(18</span> <span class='ocrx_word' id='word_1_312' title='bbox 2437 3418 2639 3480; x_wconf 65' lang='lat' dir='ltr'>liberte,</span> <span class='ocrx_word' id='word_1_313' title='bbox 2654 3418 2754 3469; x_wconf 85' lang='lat' dir='ltr'>iam</span> <span class='ocrx_word' id='word_1_314' title='bbox 2765 3419 2898 3470; x_wconf 80' lang='lat' dir='ltr'>exci-</span> 
     </span>
     <span class='ocr_line' id='line_1_31' title="bbox 679 3497 2895 3563; baseline 0 -16"><span class='ocrx_word' id='word_1_315' title='bbox 679 3497 816 3549; x_wconf 83' lang='lat' dir='ltr'>tabat</span> <span class='ocrx_word' id='word_1_316' title='bbox 835 3497 1129 3561; x_wconf 86' lang='lat' dir='ltr'>cupiditates</span> <span class='ocrx_word' id='word_1_317' title='bbox 1160 3498 1357 3549; x_wconf 82' lang='lat' dir='ltr'>infimae</span> <span class='ocrx_word' id='word_1_318' title='bbox 1383 3500 1540 3563; x_wconf 87' lang='lat' dir='ltr'>plebis</span> <span class='ocrx_word' id='word_1_319' title='bbox 1558 3499 1610 3548; x_wconf 91' lang='lat' dir='ltr'>in</span> <span class='ocrx_word' id='word_1_320' title='bbox 1626 3500 1890 3549; x_wconf 84' lang='lat' dir='ltr'>Germania</span> <span class='ocrx_word' id='word_1_321' title='bbox 1903 3535 1918 3560; x_wconf 87' lang='lat'>‚</span> <span class='ocrx_word' id='word_1_322' title='bbox 1940 3499 1990 3549; x_wconf 91' lang='lat' dir='ltr'>in</span> <span class='ocrx_word' id='word_1_323' title='bbox 2009 3499 2230 3548; x_wconf 79' lang='lat' dir='ltr'>Helvetia</span> <span class='ocrx_word' id='word_1_324' title='bbox 2249 3500 2298 3548; x_wconf 90' lang='grc'>81</span> <span class='ocrx_word' id='word_1_325' title='bbox 2310 3498 2429 3547; x_wconf 87' lang='lat' dir='ltr'>alibi</span> <span class='ocrx_word' id='word_1_326' title='bbox 2445 3534 2462 3559; x_wconf 87' lang='lat'><strong>,</strong></span> <span class='ocrx_word' id='word_1_327' title='bbox 2485 3497 2570 3547; x_wconf 90' lang='lat' dir='ltr'>ubi</span> <span class='ocrx_word' id='word_1_328' title='bbox 2590 3498 2717 3548; x_wconf 79' lang='lat' dir='ltr'>inter</span> <span class='ocrx_word' id='word_1_329' title='bbox 2734 3499 2895 3548; x_wconf 84' lang='lat' dir='ltr'>cetera</span> 
     </span>
     <span class='ocr_line' id='line_1_32' title="bbox 675 3576 2894 3642; baseline 0 -16"><span class='ocrx_word' id='word_1_330' title='bbox 675 3576 943 3627; x_wconf 82' lang='lat' dir='ltr'>scribebat:</span> <span class='ocrx_word' id='word_1_331' title='bbox 964 3581 1067 3628; x_wconf 77' lang='lat' dir='ltr'>non</span> <span class='ocrx_word' id='word_1_332' title='bbox 1090 3579 1321 3641; x_wconf 76' lang='lat' dir='ltr'>prechera</span> <span class='ocrx_word' id='word_1_333' title='bbox 1338 3592 1433 3629; x_wconf 88' lang='lat' dir='ltr'>une</span> <span class='ocrx_word' id='word_1_334' title='bbox 1446 3580 1650 3641; x_wconf 87' lang='lat' dir='ltr'>morale,</span> <span class='ocrx_word' id='word_1_335' title='bbox 1668 3580 1755 3642; x_wconf 88' lang='lat' dir='ltr'>qui</span> <span class='ocrx_word' id='word_1_336' title='bbox 1776 3591 1899 3628; x_wconf 87' lang='lat' dir='ltr'>nous</span> <span class='ocrx_word' id='word_1_337' title='bbox 1919 3591 2145 3628; x_wconf 85' lang='lat' dir='ltr'>amenera</span> <span class='ocrx_word' id='word_1_338' title='bbox 2159 3578 2246 3627; x_wconf 84' lang='lat' dir='ltr'>des</span> <span class='ocrx_word' id='word_1_339' title='bbox 2266 3578 2450 3640; x_wconf 84' lang='lat' dir='ltr'>legions</span> <span class='ocrx_word' id='word_1_340' title='bbox 2466 3577 2528 3627; x_wconf 89' lang='grc'>(18</span> <span class='ocrx_word' id='word_1_341' title='bbox 2547 3576 2894 3638; x_wconf 65' lang='lat' dir='ltr'>committente,</span> 
     </span>
     <span class='ocr_line' id='line_1_33' title="bbox 677 3656 2895 3723; baseline -0.001 -15"><span class='ocrx_word' id='word_1_342' title='bbox 677 3656 798 3709; x_wconf 80' lang='lat' dir='ltr'>dont</span> <span class='ocrx_word' id='word_1_343' title='bbox 819 3671 944 3709; x_wconf 84' lang='lat' dir='ltr'>nous</span> <span class='ocrx_word' id='word_1_344' title='bbox 963 3659 1286 3710; x_wconf 75' lang='grc'><strong>(1(11881811888</strong></span> <span class='ocrx_word' id='word_1_345' title='bbox 1316 3661 1619 3710; x_wconf 83' lang='lat' dir='ltr'>maintenant</span> <span class='ocrx_word' id='word_1_346' title='bbox 1635 3661 1684 3709; x_wconf 88' lang='grc'>18</span> <span class='ocrx_word' id='word_1_347' title='bbox 1706 3660 2044 3723; x_wconf 75' lang='lat' dir='ltr'>cooperation3</span> <span class='ocrx_word' id='word_1_348' title='bbox 2067 3669 2166 3708; x_wconf 86' lang='lat' dir='ltr'>une</span> <span class='ocrx_word' id='word_1_349' title='bbox 2190 3658 2378 3708; x_wconf 85' lang='lat' dir='ltr'>morale</span> <span class='ocrx_word' id='word_1_350' title='bbox 2397 3658 2486 3720; x_wconf 82' lang='lat' dir='ltr'>qui</span> <span class='ocrx_word' id='word_1_351' title='bbox 2508 3670 2572 3707; x_wconf 89' lang='lat' dir='ltr'>ne</span> <span class='ocrx_word' id='word_1_352' title='bbox 2588 3657 2734 3708; x_wconf 79' lang='lat' dir='ltr'>laissa</span> <span class='ocrx_word' id='word_1_353' title='bbox 2750 3656 2783 3706; x_wconf 70' lang='lat' dir='ltr'>a</span> <span class='ocrx_word' id='word_1_354' title='bbox 2801 3669 2895 3706; x_wconf 80' lang='lat' dir='ltr'>nos</span> 
     </span>
     <span class='ocr_line' id='line_1_34' title="bbox 679 3737 2902 3804; baseline -0.002 -12"><span class='ocrx_word' id='word_1_355' title='bbox 679 3738 984 3792; x_wconf 73' lang='lat' dir='ltr'>adversaires</span> <span class='ocrx_word' id='word_1_356' title='bbox 1004 3739 1194 3791; x_wconf 85' lang='lat' dir='ltr'>d’autre</span> <span class='ocrx_word' id='word_1_357' title='bbox 1208 3739 1418 3804; x_wconf 74' lang='lat' dir='ltr'>plancho</span> <span class='ocrx_word' id='word_1_358' title='bbox 1436 3739 1499 3789; x_wconf 89' lang='grc'>(18</span> <span class='ocrx_word' id='word_1_359' title='bbox 1517 3739 1674 3800; x_wconf 84' lang='grc'><strong>88181,</strong></span> <span class='ocrx_word' id='word_1_360' title='bbox 1693 3751 1793 3802; x_wconf 84' lang='lat' dir='ltr'>que</span> <span class='ocrx_word' id='word_1_361' title='bbox 1812 3739 1935 3790; x_wconf 86' lang='lat' dir='ltr'>celle</span> <span class='ocrx_word' id='word_1_362' title='bbox 1955 3738 2018 3788; x_wconf 86' lang='lat' dir='ltr'>de</span> <span class='ocrx_word' id='word_1_363' title='bbox 2038 3739 2179 3788; x_wconf 89' lang='lat' dir='ltr'>notre</span> <span class='ocrx_word' id='word_1_364' title='bbox 2196 3738 2444 3802; x_wconf 74' lang='lat' dir='ltr'>principe,</span> <span class='ocrx_word' id='word_1_365' title='bbox 2458 3739 2510 3787; x_wconf 89' lang='grc'>81</span> <span class='ocrx_word' id='word_1_366' title='bbox 2522 3737 2611 3800; x_wconf 83' lang='lat' dir='ltr'>qui</span> <span class='ocrx_word' id='word_1_367' title='bbox 2625 3738 2902 3787; x_wconf 82' lang='lat' dir='ltr'>entralnera</span> 
     </span>
     <span class='ocr_line' id='line_1_35' title="bbox 674 3817 2902 3882; baseline -0.001 -15"><span class='ocrx_word' id='word_1_368' title='bbox 674 3817 816 3882; x_wconf 79' lang='lat' dir='ltr'>apres</span> <span class='ocrx_word' id='word_1_369' title='bbox 834 3819 927 3869; x_wconf 88' lang='lat' dir='ltr'>elle</span> <span class='ocrx_word' id='word_1_370' title='bbox 948 3819 995 3869; x_wconf 91' lang='lat' dir='ltr'>la</span> <span class='ocrx_word' id='word_1_371' title='bbox 1013 3819 1305 3871; x_wconf 85' lang='lat' dir='ltr'>dissolution</span> <span class='ocrx_word' id='word_1_372' title='bbox 1324 3818 1390 3867; x_wconf 88' lang='lat' dir='ltr'>du</span> <span class='ocrx_word' id='word_1_373' title='bbox 1414 3819 1559 3881; x_wconf 76' lang='lat' dir='ltr'>regne</span> <span class='ocrx_word' id='word_1_374' title='bbox 1573 3819 1660 3868; x_wconf 65' lang='lat' dir='ltr'>des</span> <span class='ocrx_word' id='word_1_375' title='bbox 1679 3819 1877 3869; x_wconf 78' lang='lat' dir='ltr'>interets</span> <span class='ocrx_word' id='word_1_376' title='bbox 1898 3817 2194 3882; x_wconf 85' lang='lat' dir='ltr'>personnels.</span> <span class='ocrx_word' id='word_1_377' title='bbox 2219 3820 2356 3867; x_wconf 88' lang='lat' dir='ltr'>cette</span> <span class='ocrx_word' id='word_1_378' title='bbox 2375 3817 2563 3867; x_wconf 83' lang='lat' dir='ltr'>morale</span> <span class='ocrx_word' id='word_1_379' title='bbox 2584 3829 2645 3866; x_wconf 86' lang='grc'>118</span> <span class='ocrx_word' id='word_1_380' title='bbox 2664 3817 2782 3879; x_wconf 83' lang='lat' dir='ltr'>peut</span> <span class='ocrx_word' id='word_1_381' title='bbox 2797 3817 2902 3865; x_wconf 75' lang='grc'><strong>8118</strong></span> 
     </span>
     <span class='ocr_line' id='line_1_36' title="bbox 673 3894 2900 3963; baseline -0.002 -15"><span class='ocrx_word' id='word_1_382' title='bbox 673 3897 877 3959; x_wconf 67' lang='grc'><strong>81681168</strong></span> <span class='ocrx_word' id='word_1_383' title='bbox 889 3911 1008 3949; x_wconf 77' lang='lat' dir='ltr'>avec</span> <span class='ocrx_word' id='word_1_384' title='bbox 1026 3897 1142 3954; x_wconf 74' lang='grc'><strong>81181</strong></span> <span class='ocrx_word' id='word_1_385' title='bbox 1155 3911 1256 3963; x_wconf 75' lang='lat' dir='ltr'>que</span> <span class='ocrx_word' id='word_1_386' title='bbox 1272 3898 1307 3949; x_wconf 84' lang='grc' dir='ltr'><em>ὰ</em></span> <span class='ocrx_word' id='word_1_387' title='bbox 1322 3909 1403 3948; x_wconf 75' lang='lat' dir='ltr'>ces</span> <span class='ocrx_word' id='word_1_388' title='bbox 1419 3897 1645 3961; x_wconf 62' lang='lat' dir='ltr'>prandes</span> <span class='ocrx_word' id='word_1_389' title='bbox 1666 3910 1876 3959; x_wconf 69' lang='lat' dir='ltr'>messes,</span> <span class='ocrx_word' id='word_1_390' title='bbox 1886 3901 1979 3961; x_wconf 76' lang='lat' dir='ltr'>qui</span> <span class='ocrx_word' id='word_1_391' title='bbox 1987 3896 2334 3958; x_wconf 66' lang='lat' dir='ltr'>som-milleni</span> <span class='ocrx_word' id='word_1_392' title='bbox 2346 3896 2480 3947; x_wconf 78' lang='lat' dir='ltr'>dam</span> <span class='ocrx_word' id='word_1_393' title='bbox 2498 3895 2572 3946; x_wconf 73' lang='lat' dir='ltr'>les</span> <span class='ocrx_word' id='word_1_394' title='bbox 2584 3894 2740 3946; x_wconf 71' lang='lat' dir='ltr'>villos</span> <span class='ocrx_word' id='word_1_395' title='bbox 2750 3895 2900 3945; x_wconf 63' lang='lat' dir='ltr'>exee-</span> 
     </span>
     <span class='ocr_line' id='line_1_37' title="bbox 673 3974 2897 4041; baseline -0.001 -15"><span class='ocrx_word' id='word_1_396' title='bbox 673 3974 791 4026; x_wconf 67' lang='lat' dir='ltr'>dees</span> <span class='ocrx_word' id='word_1_397' title='bbox 811 3975 876 4028; x_wconf 79' lang='lat' dir='ltr'>ds</span> <span class='ocrx_word' id='word_1_398' title='bbox 894 3977 1082 4028; x_wconf 67' lang='lat' dir='ltr'>misere</span> <span class='ocrx_word' id='word_1_399' title='bbox 1099 3980 1153 4028; x_wconf 75' lang='lat' dir='ltr'>et</span> <span class='ocrx_word' id='word_1_400' title='bbox 1171 3977 1528 4041; x_wconf 55' lang='lat' dir='ltr'>dedere-spoia</span> <span class='ocrx_word' id='word_1_401' title='bbox 1549 3980 1660 4027; x_wconf 87' lang='lat' dir='ltr'>Une</span> <span class='ocrx_word' id='word_1_402' title='bbox 1679 3977 1748 4027; x_wconf 79' lang='lat' dir='ltr'>roi</span> <span class='ocrx_word' id='word_1_403' title='bbox 1771 3978 1922 4040; x_wconf 89' lang='lat' dir='ltr'>qu’on</span> <span class='ocrx_word' id='word_1_404' title='bbox 1945 3989 2065 4027; x_wconf 89' lang='lat' dir='ltr'>aura</span> <span class='ocrx_word' id='word_1_405' title='bbox 2087 3977 2334 4040; x_wconf 76' lang='lat' dir='ltr'>prononce</span> <span class='ocrx_word' id='word_1_406' title='bbox 2354 3977 2402 4027; x_wconf 90' lang='grc'>18</span> <span class='ocrx_word' id='word_1_407' title='bbox 2421 3979 2551 4038; x_wconf 87' lang='lat' dir='ltr'>mot,</span> <span class='ocrx_word' id='word_1_408' title='bbox 2575 3976 2613 4025; x_wconf 89' lang='grc'>11</span> <span class='ocrx_word' id='word_1_409' title='bbox 2635 3987 2744 4025; x_wconf 86' lang='lat' dir='ltr'>sera</span> <span class='ocrx_word' id='word_1_410' title='bbox 2764 3974 2812 4023; x_wconf 89' lang='lat' dir='ltr'>le</span> <span class='ocrx_word' id='word_1_411' title='bbox 2831 3974 2897 4024; x_wconf 82' lang='lat' dir='ltr'>si·</span> 
     </span>
     <span class='ocr_line' id='line_1_38' title="bbox 681 4054 2895 4121; baseline -0 -17"><span class='ocrx_word' id='word_1_412' title='bbox 681 4056 796 4118; x_wconf 74' lang='lat' dir='ltr'>gnei</span> <span class='ocrx_word' id='word_1_413' title='bbox 824 4056 973 4106; x_wconf 85' lang='lat' dir='ltr'>d’une</span> <span class='ocrx_word' id='word_1_414' title='bbox 1008 4059 1226 4121; x_wconf 74' lang='lat' dir='ltr'>tectique</span> <span class='ocrx_word' id='word_1_415' title='bbox 1254 4057 1482 4108; x_wconf 84' lang='lat' dir='ltr'>nouvelle</span> <span class='ocrx_word' id='word_1_416' title='bbox 1509 4060 1680 4108; x_wconf 86' lang='lat' dir='ltr'>contre</span> <span class='ocrx_word' id='word_1_417' title='bbox 1696 4057 1908 4121; x_wconf 81' lang='lat' dir='ltr'>laquelle</span> <span class='ocrx_word' id='word_1_418' title='bbox 1928 4069 2019 4107; x_wconf 87' lang='lat' dir='ltr'>nos</span> <span class='ocrx_word' id='word_1_419' title='bbox 2043 4057 2259 4107; x_wconf 87' lang='lat' dir='ltr'>ennemis</span> <span class='ocrx_word' id='word_1_420' title='bbox 2279 4070 2340 4106; x_wconf 89' lang='grc'>88</span> <span class='ocrx_word' id='word_1_421' title='bbox 2360 4056 2524 4106; x_wconf 85' lang='grc'><strong>881881</strong></span> <span class='ocrx_word' id='word_1_422' title='bbox 2551 4055 2730 4118; x_wconf 72' lang='lat' dir='ltr'>jamnis</span> <span class='ocrx_word' id='word_1_423' title='bbox 2764 4054 2895 4104; x_wconf 83' lang='lat' dir='ltr'>aussi</span> 
     </span>
     <span class='ocr_line' id='line_1_39' title="bbox 679 4133 2896 4200; baseline -0 -16"><span class='ocrx_word' id='word_1_424' title='bbox 679 4136 817 4185; x_wconf 77' lang='lat' dir='ltr'>forts.</span> <span class='ocrx_word' id='word_1_425' title='bbox 862 4138 1133 4200; x_wconf 83' lang='lat' dir='ltr'>Lorsqu’on</span> <span class='ocrx_word' id='word_1_426' title='bbox 1151 4138 1270 4187; x_wconf 84' lang='lat' dir='ltr'>tend</span> <span class='ocrx_word' id='word_1_427' title='bbox 1293 4138 1340 4188; x_wconf 88' lang='grc'>18</span> <span class='ocrx_word' id='word_1_428' title='bbox 1363 4140 1541 4188; x_wconf 83' lang='grc'><strong>1888811</strong></span> <span class='ocrx_word' id='word_1_429' title='bbox 1560 4138 1590 4187; x_wconf 70' lang='lat' dir='ltr'>a</span> <span class='ocrx_word' id='word_1_430' title='bbox 1611 4138 1861 4188; x_wconf 73' lang='lat' dir='ltr'>l&#39;extrcme</span> <span class='ocrx_word' id='word_1_431' title='bbox 1877 4174 1892 4199; x_wconf 88' lang='lat'>,</span> <span class='ocrx_word' id='word_1_432' title='bbox 1913 4136 1948 4186; x_wconf 93' lang='lat' dir='ltr'>il</span> <span class='ocrx_word' id='word_1_433' title='bbox 1969 4138 2042 4186; x_wconf 87' lang='lat' dir='ltr'>est</span> <span class='ocrx_word' id='word_1_434' title='bbox 2061 4135 2123 4187; x_wconf 89' lang='lat' dir='ltr'>de</span> <span class='ocrx_word' id='word_1_435' title='bbox 2146 4140 2286 4187; x_wconf 88' lang='lat' dir='ltr'>notre</span> <span class='ocrx_word' id='word_1_436' title='bbox 2304 4135 2476 4186; x_wconf 78' lang='lat' dir='ltr'>devoir</span> <span class='ocrx_word' id='word_1_437' title='bbox 2494 4134 2556 4185; x_wconf 86' lang='lat' dir='ltr'>de</span> <span class='ocrx_word' id='word_1_438' title='bbox 2576 4136 2625 4185; x_wconf 87' lang='lat' dir='ltr'>le</span> <span class='ocrx_word' id='word_1_439' title='bbox 2645 4133 2767 4184; x_wconf 74' lang='lat' dir='ltr'>faire</span> <span class='ocrx_word' id='word_1_440' title='bbox 2784 4146 2896 4184; x_wconf 87' lang='lat' dir='ltr'>sau·</span> 
     </span>
     <span class='ocr_line' id='line_1_40' title="bbox 680 4210 2896 4278; baseline -0.001 -14"><span class='ocrx_word' id='word_1_441' title='bbox 680 4214 972 4277; x_wconf 77' lang='lat' dir='ltr'>ter,·qnan‹1</span> <span class='ocrx_word' id='word_1_442' title='bbox 991 4215 1151 4266; x_wconf 79' lang='grc'><strong>8181118</strong></span> <span class='ocrx_word' id='word_1_443' title='bbox 1176 4216 1212 4267; x_wconf 85' lang='grc'>11</span> <span class='ocrx_word' id='word_1_444' title='bbox 1233 4215 1426 4267; x_wconf 81' lang='lat' dir='ltr'>devrait</span> <span class='ocrx_word' id='word_1_445' title='bbox 1448 4230 1508 4266; x_wconf 86' lang='lat' dir='ltr'>en</span> <span class='ocrx_word' id='word_1_446' title='bbox 1532 4216 1738 4268; x_wconf 67' lang='lat' dir='ltr'>resultet·</span> <span class='ocrx_word' id='word_1_447' title='bbox 1757 4230 1825 4267; x_wconf 88' lang='lat' dir='ltr'>un</span> <span class='ocrx_word' id='word_1_448' title='bbox 1842 4214 2075 4266; x_wconf 78' lang='lat' dir='ltr'>desordre</span> <span class='ocrx_word' id='word_1_449' title='bbox 2093 4215 2156 4266; x_wconf 86' lang='lat' dir='ltr'>de</span> <span class='ocrx_word' id='word_1_450' title='bbox 2175 4215 2315 4278; x_wconf 79' lang='lat' dir='ltr'>vingt</span> <span class='ocrx_word' id='word_1_451' title='bbox 2331 4226 2420 4264; x_wconf 81' lang='lat' dir='ltr'>ans</span> <span class='ocrx_word' id='word_1_452' title='bbox 2435 4233 2460 4258; x_wconf 80' lang='grc' dir='ltr'>ι·</span> <span class='ocrx_word' id='word_1_453' title='bbox 2480 4225 2590 4278; x_wconf 71' lang='lat' dir='ltr'>pag.</span> <span class='ocrx_word' id='word_1_454' title='bbox 2615 4216 2726 4264; x_wconf 73' lang='lat'><strong>24⁰.</strong></span> <span class='ocrx_word' id='word_1_455' title='bbox 2745 4210 2896 4263; x_wconf 78' lang='lat' dir='ltr'>Trad.</span> 
     </span>
     <span class='ocr_line' id='line_1_41' title="bbox 676 4292 2899 4360; baseline -0.002 -16"><span class='ocrx_word' id='word_1_456' title='bbox 676 4293 743 4344; x_wconf 84' lang='lat' dir='ltr'>ds</span> <span class='ocrx_word' id='word_1_457' title='bbox 756 4296 826 4344; x_wconf 81' lang='grc' dir='ltr'>Μ.</span> <span class='ocrx_word' id='word_1_458' title='bbox 848 4294 1154 4358; x_wconf 76' lang='lat' dir='ltr'>Bennequin.</span> <span class='ocrx_word' id='word_1_459' title='bbox 1176 4296 1317 4359; x_wconf 76' lang='lat' dir='ltr'>Apud</span> <span class='ocrx_word' id='word_1_460' title='bbox 1335 4295 1606 4348; x_wconf 77' lang='lat' dir='ltr'>Thonissen</span> <span class='ocrx_word' id='word_1_461' title='bbox 1627 4310 1708 4360; x_wconf 88' lang='lat' dir='ltr'>op.</span> <span class='ocrx_word' id='word_1_462' title='bbox 1734 4294 1820 4346; x_wconf 83' lang='lat' dir='ltr'>cit.</span> <span class='ocrx_word' id='word_1_463' title='bbox 1843 4294 1952 4358; x_wconf 74' lang='lat' dir='ltr'>pag.</span> <span class='ocrx_word' id='word_1_464' title='bbox 1978 4302 2067 4347; x_wconf 72' lang='lat'>26³</span> <span class='ocrx_word' id='word_1_465' title='bbox 2088 4308 2192 4358; x_wconf 76' lang='lat' dir='ltr'>seq,</span> <span class='ocrx_word' id='word_1_466' title='bbox 2219 4293 2348 4353; x_wconf 81' lang='lat' dir='ltr'>Quid</span> <span class='ocrx_word' id='word_1_467' title='bbox 2371 4294 2502 4344; x_wconf 76' lang='lat' dir='ltr'>soret</span> <span class='ocrx_word' id='word_1_468' title='bbox 2520 4292 2583 4344; x_wconf 87' lang='lat' dir='ltr'>de</span> <span class='ocrx_word' id='word_1_469' title='bbox 2599 4292 2834 4344; x_wconf 81' lang='lat' dir='ltr'>societate</span> <span class='ocrx_word' id='word_1_470' title='bbox 2854 4293 2899 4341; x_wconf 83' lang='lat' dir='ltr'>si</span> 
     </span>
     <span class='ocr_line' id='line_1_42' title="bbox 678 4373 1460 4439; baseline -0.001 -15"><span class='ocrx_word' id='word_1_471' title='bbox 678 4375 799 4426; x_wconf 78' lang='lat' dir='ltr'>baec</span> <span class='ocrx_word' id='word_1_472' title='bbox 820 4374 1057 4439; x_wconf 85' lang='lat' dir='ltr'>principia</span> <span class='ocrx_word' id='word_1_473' title='bbox 1084 4373 1460 4425; x_wconf 79' lang='lat' dir='ltr'>invalescerent?</span> 
     </span>
    </p>
   </div>
  </div>
 </body>
</html>
