3276 5083
647 426 786 474 cn.
810 425 897 474 iv.
924 423 1001 471 ns
1036 421 1270 472 Ancum.
1307 422 1422 471 rno
1459 421 1615 469 troz
1652 422 1730 469 ns
1768 420 1954 470 nnn.
1983 420 2107 469 clv.
2143 419 2281 468 aar.
2320 421 2363 467 ι.
2526 397 2662 465 343

1380 574 1753 670 Responsio.

602 772 684 842 Ut
720 769 832 843 hic
865 773 1068 843 etiam
1105 770 1400 870 quadam
1436 768 1750 841 methodo
1784 785 1850 840 et
1882 768 2115 840 ordine
2168 767 2669 867 progrediamur

456 887 526 958 in
562 887 689 960 hoc
721 886 1118 960 excutiendo
1144 886 1497 985 principio,
1542 885 1962 983 inquiramus
1998 900 2257 983 oportet
2285 886 2351 955 1.
2380 882 2668 969 Quinam

455 1003 627 1086 sint,
684 1003 800 1101 qui
855 1016 1038 1073 tanto
1096 1000 1238 1074 zelo
1291 1001 1698 1100 principium
1771 999 2181 1097 proclamant
2230 999 2315 1071 de
2367 999 2671 1072 libertate

452 1118 927 1204 conscientiae;
957 1120 1022 1188 2.
1047 1116 1386 1202 Quidnam
1420 1116 1643 1189 veniat
1683 1115 1810 1187 sub
1851 1114 1978 1187 bac
2011 1114 2553 1188 denominatione
2595 1115 2670 1185 li-

450 1232 726 1306 bertatis
779 1233 1230 1306 conscientiae
1282 1248 1480 1331 prout
1529 1232 1612 1304 ab
1665 1231 1775 1305 his
1825 1248 2220 1330 usurpatur;
2280 1235 2348 1302 3.
2386 1232 2484 1301 An
2537 1232 2666 1304 sibi

454 1348 899 1435 cohaereant,
964 1348 1081 1447 qui
1149 1347 1523 1421 absolutam
1575 1347 1752 1420 hanc
1800 1348 2249 1421 conscientiae
2299 1346 2672 1420 libertatem

456 1463 904 1561 proclamant;
945 1466 1009 1534 4.
1048 1463 1395 1550 Quaenam
1423 1464 1513 1536 sit
1544 1488 1704 1535 vera
1739 1488 1816 1535 ac
1852 1460 2170 1560 germana
2219 1463 2669 1535 conscientiae

456 1575 783 1652 libertatis
837 1579 1054 1662 notio;
1101 1583 1168 1648 5.
1203 1579 1375 1649 Num
1419 1577 1728 1675 componi
1782 1592 2068 1675 nequeat
2117 1604 2274 1650 vera
2326 1577 2673 1650 conscien-

454 1696 586 1766 tiae
628 1693 904 1766 libertas
957 1720 1107 1766 cum
1146 1693 1326 1790 lege,
1373 1719 1547 1792 quae
1585 1693 1672 1765 ad
1717 1694 1915 1765 ritum
1960 1693 2346 1789 religiosum
2375 1750 2390 1779 ,
2438 1717 2518 1764 ac
2554 1718 2672 1764 no—

438 1806 760 1880 minatim
813 1808 899 1881 ad
954 1808 1232 1879 sormam
1285 1805 1716 1878 tridentinam
1770 1805 2021 1903 obliget
2070 1807 2566 1879 contrahentes.

602 1923 850 1993 Primo.
882 1921 1017 2006 Qui
1045 1921 1250 2017 igitur
1289 1920 1515 1994 amore
1550 1922 1837 2017 flagrare
1869 1922 2180 1993 videntur
2217 1923 2672 1995 conscientiae

456 2033 816 2119 libertatis,
875 2034 1041 2107 adeo
1090 2052 1165 2106 ut
1216 2035 1403 2106 illam
1456 2035 1670 2106 solam
1722 2036 1791 2105 iu
1840 2035 2105 2106 deliciis
2158 2035 2408 2107 habere
2464 2036 2670 2133 profi-

457 2164 721 2221 teantur
753 2206 767 2234 ‚
837 2166 994 2221 sunt
1053 2149 1098 2218 ii
1162 2150 1343 2247 ipsi,
1411 2150 1527 2248 qui
1589 2149 1927 2221 destinato
1988 2149 2273 2221 consilio
2328 2165 2531 2248 atque
2594 2177 2674 2221 ex

456 2280 934 2361 praeconcepto
1010 2263 1336 2363 firmoque
1408 2265 1752 2362 proposito
1818 2264 2059 2360 iugiter
2124 2264 2676 2362 continenterque

454 2378 825 2451 libertatem
869 2379 1320 2451 conscientiae
1353 2378 1799 2464 insectantur;
1845 2394 2000 2450 sunt
2036 2378 2082 2449 ii
2121 2379 2300 2476 ipsi,
2357 2379 2474 2477 qui
2530 2404 2674 2476 per-

453 2494 864 2569 secutionem
915 2520 1184 2568 saevam
1235 2511 1300 2567 et
1350 2494 1657 2568 acerbam
1695 2512 1959 2569 movent
1990 2495 2444 2568 conscientiae
2478 2492 2677 2567 liber-

432 2611 613 2695 :tati;
673 2625 830 2683 sunt
880 2609 1173 2708 denique
1201 2611 1248 2681 ii
1280 2611 1409 2710 ipsi
1441 2669 1455 2695 ‚
1499 2610 1614 2708 qui
1657 2635 1828 2682 nova
1872 2610 2173 2709 quotidie
2220 2610 2490 2683 inventa
2529 2635 2674 2707 spe-

450 2721 759 2796 culantur
787 2723 871 2795 ad
910 2723 1157 2797 civium
1196 2725 1637 2823 torquendam
1689 2722 2208 2810 conscientiam3
2240 2725 2356 2822 qui
2386 2722 2667 2808 multas,

450 2864 795 2926 carceres,
842 2838 1044 2912 exilia
1092 2838 1459 2932 decernunt
1510 2841 1633 2923 iis,
1693 2839 1854 2937 qui,
1913 2864 1999 2910 ne
2049 2855 2279 2912 contra
2331 2839 2674 2937 propriam

454 2952 932 3024 conscientiam
983 2972 1338 3053 operentur
1364 3012 1378 3038 ,
1422 2951 1759 3026 obsistunt
1800 2950 2081 3025 viriliter
2124 2952 2394 3025 iniustis
2431 2978 2510 3025 ac
2547 2952 2676 3022 ini-

454 3065 614 3163 quis
642 3065 1030 3139 huiusmodi
1058 3066 1386 3139 libertatis
1414 3068 1867 3140 conscientiae
1895 3066 2484 3164 postulationibus.
2510 3067 2677 3138 Nota

454 3180 768 3253 omnibus
822 3196 978 3252 sunt
1027 3180 1228 3253 exilia
1280 3181 1874 3279 Archipraesulum
1940 3183 2345 3254 taurinensis
2389 3198 2454 3252 et
2502 3181 2675 3253 cala-

458 3297 696 3382 ritani,
754 3322 834 3369 eo
884 3296 1064 3395 quod
1118 3295 1451 3369 noluerint
1498 3314 1729 3370 contra
1780 3297 2125 3395 propriam
2191 3295 2672 3369 conscientiam

456 3414 885 3513 acquiescere
920 3413 1381 3485 molitionibus
1417 3430 1619 3512 atque
1654 3411 2266 3486 machinationibus
2311 3428 2540 3485 contra
2575 3439 2675 3486 ec-

459 3528 736 3602 clesiam
788 3529 1131 3616 excitatis,
1189 3528 1669 3627 etparticipes
1725 3529 1865 3602 fieri
1921 3528 2304 3627 iniquorum
2361 3527 2677 3602 consilio-

462 3670 606 3717 rum
659 3643 983 3718 adversus
1039 3644 1221 3717 illius
1274 3644 1647 3717 libertatem
1683 3702 1697 3728 ‚
1756 3669 1833 3715 ac
1885 3643 2472 3744 independentiam
2510 3670 2549 3715 a
2586 3645 2676 3716 ci·

456 3758 574 3831 vili
627 3774 984 3858 potestate;
1037 3777 1193 3834 sunt
1243 3760 1288 3831 ii
1342 3758 1519 3858 ipsi,
1578 3760 1695 3859 qui
1750 3776 1980 3832 contra
2034 3760 2140 3832 ius
2193 3760 2428 3859 fasque
2480 3785 2676 3831 omne

458 3874 761 3947 naturale
812 3891 1009 3973 atque
1066 3875 1370 3947 divinum
1426 3891 1577 3972 post
1628 3874 1953 3947 bonorum
2022 3874 2467 3972 direptionem
2520 3872 2676 3946 reli-

456 3990 685 4088 giosos
732 3988 915 4062 viros
952 4016 1031 4062 ac
1067 3989 1615 4063 sanctimoniales
1644 4017 1684 4061 a
1711 3990 2003 4089 propriis
2041 3988 2407 4062 domiciliis
2452 3990 2674 4091 expel—

457 4107 603 4179 lunt
651 4104 924 4178 militari
965 4107 1074 4191 vi,
1118 4134 1200 4179 ne
1240 4107 1422 4178 iuxta
1457 4105 1795 4204 propriam
1833 4106 2309 4179 conscientiam
2350 4107 2515 4191 Deo,
2561 4108 2675 4179 ‘cui

458 4222 630 4294 votis
683 4248 757 4294 se
811 4221 1325 4319 manciparunt,
1386 4221 1792 4306 inserviant3
1852 4237 2010 4292 sunt
2066 4221 2106 4291 ii
2163 4221 2335 4319 ipsi,
2392 4222 2509 4321 qui
2559 4221 2677 4292 de-

458 4333 778 4412 latoribus
833 4337 1059 4411 omnia
1114 4335 1597 4435 impleverunt,
1641 4353 1713 4409 ut
1762 4334 2036 4409 verbum
2090 4363 2363 4436 carpere
2417 4336 2679 4433 possint
