3276 5083
671 423 807 494 346
1054 450 1175 499 ιω.
1221 452 1266 499 1.
1309 449 1481 500 secr.
1526 452 1785 502 Arreni.
1831 453 1909 501 ns
1963 453 2225 503 numu.
2270 453 2485 503 eivlu.

668 582 899 641 auctor
940 568 1321 667 Sapientiae
1341 627 1356 656 ,
1413 570 1785 667 cogitantes
1835 569 2015 668 apud
2052 597 2128 643 se
2163 596 2294 644 non
2343 588 2551 645 recte:
2604 573 2896 647 circum-

666 681 1017 757 veniamus
1069 685 1361 771 iustum,
1416 684 1735 784 quoniam
1790 684 2043 758 inutilis
2095 704 2201 758 est
2242 687 2475 775 nobis,
2522 704 2589 761 et
2630 706 2892 763 contra-

664 801 807 875 rius
866 817 972 874 est
1018 802 1337 901 operibus
1407 802 1657 876 nostris
1682 859 1698 888 ,
1756 817 1822 874 et
1880 801 2287 902 improperat
2350 803 2547 877 nobis
2613 824 2889 903 peccata

663 914 834 1012 legis
868 973 884 1003 ‚
940 932 1006 989 et
1055 915 1361 989 diffamat
1410 914 1478 987 in
1533 942 1657 989 nos
1709 932 1986 1014 peccata
2052 916 2453 1016 disciplinae
2519 934 2877 991 nostrae...

672 1047 1098 1129 ...tamquam
1153 1055 1446 1126 nugaces
1497 1029 1833 1101 aestimati
1886 1056 2119 1103 sumus
2160 1029 2248 1102 ab
2291 1030 2439 1116 illo,
2487 1048 2553 1105 et
2592 1031 2889 1107 abstinet

663 1172 738 1218 se
774 1173 817 1219 a
856 1146 990 1219 viis
1041 1147 1291 1219 nostris
1342 1161 1684 1246 tamquam
1735 1145 1822 1218 ab
1871 1147 2318 1221 immunditiis
2359 1150 2587 1243 (14).»
2620 1148 2884 1221 Exinde

661 1263 989 1361 originem
1042 1262 1248 1336 trahit
1296 1260 1411 1334 illa
1462 1263 1816 1336 insectatio
1866 1263 2193 1337 bonorum
2247 1290 2325 1337 ac
2374 1263 2523 1336 dira
2571 1266 2836 1339 vexatio
2857 1324 2874 1350 ,

660 1404 864 1478 quam
916 1378 1219 1452 seditiosi
1263 1378 1574 1452 homines
1617 1398 1975 1479 rerumque
2005 1405 2328 1453 novarum
2372 1379 2600 1479 cupidi
2636 1383 2881 1479 quovis

550 1528 563 1543 ·
659 1510 955 1594 tempore
1005 1496 1379 1568 excitarunt
1430 1494 1758 1567 adversus
1801 1492 2227 1591 religionem,
2261 1521 2393 1569 non
2420 1497 2648 1568 minus
2672 1521 2881 1593 quam

659 1608 984 1683 adversus
1036 1600 1372 1683 saniorem
1439 1608 1756 1707 politicen
1781 1604 1969 1704 (15).

802 1724 879 1795 In
920 1749 1129 1797 sensu
1163 1750 1321 1797 vero
1362 1725 1692 1823 positive,
1756 1725 2020 1796 libertas
2072 1728 2497 1798 conscientiae
2537 1725 2883 1823 significat

658 1841 725 1909 1.
761 1838 1361 1938 emancipationem
1410 1838 1866 1912 omnimodam
1915 1838 2003 1911 ab
2055 1839 2385 1912 ecclesiae
2433 1840 2815 1913 auctoritate
2856 1899 2874 1923 ,

654 1952 921 2051 legibus
962 1980 1041 2028 ac
1081 1953 1487 2056 disciplina3
1545 1956 1637 2027 ita
1674 1970 1748 2027 ut
1788 1953 2039 2027 nullam
2085 1980 2364 2052 prorsus
2413 1954 2737 2029 ecclesiae
2769 1981 2881 2028 ra—

654 2071 905 2144 tionem
945 2070 1271 2156 babeant,
1329 2069 1667 2170 quidquid
1719 2085 2006 2156 statuat,
2065 2069 2474 2167 praecipiat,
2514 2089 2581 2143 et
2612 2072 2884 2143 commi·

651 2200 873 2259 netur.
906 2186 1118 2260 Veluti
1147 2186 1269 2259 filii
1307 2186 1573 2283 exleges
1603 2212 1682 2258 ac
1710 2184 1984 2259 omnino
2024 2185 2239 2257 feriati
2266 2210 2307 2256 a
2333 2185 2577 2283 quovis
2613 2186 2873 2272 sraen0,

655 2302 742 2375 ab
791 2303 1118 2389 ecclesia,
1168 2328 1288 2376 seu
1334 2302 1515 2401 quod
1553 2302 1733 2373 idem
1769 2316 1909 2385 est,
1945 2327 1985 2372 a
2013 2300 2336 2397 religione
2368 2301 2598 2375 divina
2648 2328 2880 2374 eman-

657 2419 1063 2517 cipationem
1109 2416 1548 2517 proclamant.
1600 2417 1770 2487 Nam
1810 2441 1962 2488 cum
2015 2417 2202 2489 nulla
2251 2418 2387 2490 alia
2438 2419 2527 2490 sit
2575 2445 2734 2492 vera
2785 2444 2886 2489 re-

654 2534 818 2632 ligio
858 2534 1089 2608 divina
1133 2548 1399 2632 praeter
1440 2529 1879 2617 catholicam,
1933 2531 2137 2606 buius
2173 2534 2472 2607 excusso
2502 2534 2659 2631 iugo
2683 2592 2699 2620 ,
2744 2534 2886 2606 iam

656 2652 885 2747 iugum
948 2648 1281 2723 excutitur
1347 2643 1696 2746 religionis
1763 2648 2035 2722 divinae
2098 2649 2450 2747 positivae.
2513 2649 2611 2719 Ea
2673 2674 2836 2722 vero
2865 2709 2882 2734 ,

644 2788 858 2863 quam
901 2764 1012 2836 isti
1057 2762 1187 2835 sibi
1229 2763 1596 2861 effingunt,
1647 2764 1917 2860 religio,
1974 2763 2313 2862 quamque
2363 2762 2565 2833 etiam
2616 2767 2887 2859 magni-

646 2878 797 2952 ficis
847 2878 1073 2952 verbis
1126 2879 1576 2979 amplificant,
1611 2905 1742 2955 non
1773 2898 1876 2954 est
1901 2879 2033 2951 nisi
2069 2903 2189 2949 ens
2221 2878 2537 2964 rationiS,
2572 2894 2638 2951 et
2662 2878 2884 2978 phan-

641 3012 883 3080 tasma,
909 3020 949 3067 a
968 3020 1104 3094 quo
1130 2995 1299 3067 nihil
1323 2998 1801 3095 pertimescunt
1825 3011 2056 3069 contra
2081 2994 2531 3067 conscientiae
2555 2995 2864 3069 latratus.

787 3110 1137 3208 Significat
1199 3115 1265 3183 2.
1323 3110 1922 3209 emancipationem
1994 3109 2441 3208 cupiditatum
2506 3129 2574 3184 et
2631 3113 2867 3184 carnis

643 3226 1007 3325 praecipue
1038 3285 1053 3314 ,
1099 3242 1174 3300 ut
1224 3226 1535 3299 licentiae
1584 3250 1666 3298 ac
1715 3223 1982 3298 libidini
2034 3227 2153 3299 toti
2206 3252 2280 3301 se
2330 3226 2615 3313 dedant,
2679 3253 2865 3301 reno—

638 3360 930 3443 ventque
969 3342 1391 3415 ethnicorum
1445 3340 1930 3440 impudentiam
1985 3344 2053 3413 in
2107 3343 2549 3441 spectaculiS,
2587 3345 2654 3415 in
2685 3342 2864 3416 thea-

640 3458 762 3531 tris
788 3516 804 3544 ,
846 3458 916 3530 in
952 3457 1184 3543 libris,
1226 3457 1295 3528 in
1335 3456 1617 3554 picturis
1647 3514 1661 3542 ‚
1711 3457 1780 3527 in
1826 3457 2268 3530 foeminarum
2310 3458 2851 3542 commutatione,

635 3574 1151 3658 communitate,
1220 3573 1289 3643 in
1353 3571 1712 3645 abolitione
1764 3571 2105 3668 coniugii,
2163 3572 2249 3643 ad
2300 3599 2503 3671 quam
2555 3590 2630 3646 ut
2679 3574 2858 3646 viam

637 3688 767 3763 sibi
809 3703 1084 3787 parent,
1134 3686 1472 3786 incipiunt
1504 3714 1546 3760 a
1582 3687 1937 3761 statuendo
1987 3687 2301 3784 coniugio
2353 3687 2578 3776 civili,
2633 3705 2708 3762 ut
2757 3691 2857 3763 sic

636 3805 946 3902 progredi
976 3804 1242 3903 possint
1272 3802 1358 3875 ad
1384 3802 1672 3878 divortia
1690 3860 1705 3888 ,
1737 3801 1823 3875 ad
1866 3802 2315 3902 polygamiam
2341 3819 2408 3875 et
2430 3804 2516 3876 ad
2544 3830 2650 3890 ea,
2682 3830 2856 3903 quae

781 4021 881 4081 (14)
913 4023 1026 4084 sap.
1053 4023 1119 4070 n.
1148 4028 1255 4073 t·12
1276 4033 1415 4084 seqq.

778 4100 877 4160 (15)
899 4103 1110 4151 Istorum
1132 4101 1390 4164 imaginem
1414 4100 1644 4164 graphice
1666 4100 1809 4150 nobis
1829 4099 2015 4148 iamdiu
2037 4099 2264 4150 exhibuit
2279 4098 2539 4150 Sallustius
2557 4100 2628 4148 Dc
2648 4099 2852 4163 republ.

631 4179 803 4242 Epist..
823 4180 862 4227 1.
885 4191 934 4228 n.
950 4186 995 4232 3.
1018 4180 1273 4239 «Factiosi,
1297 4179 1489 4243 iuquit,
1514 4181 1715 4242 regunt,
1734 4178 1878 4238 dant,
1901 4177 2127 4228 adimunt
2141 4191 2269 4242 quae
2291 4178 2452 4241 luben
2471 4177 2750 4228 innocentes
2771 4180 2858 4229 cir·

635 4257 959 4310 cumveniunt
973 4296 989 4321 ,
1014 4273 1131 4311 suos
1148 4260 1211 4310 ad
1239 4261 1472 4310 honorem
1495 4259 1765 4321 extollunt3
1786 4271 1884 4308 non
1909 4258 2122 4320 facinus»,
2139 4271 2236 4309 nou
2252 4257 2502 4322 probrum,
2517 4261 2603 4308 aiut
2622 4258 2859 4322 flagitium

628 4340 821 4404 obstat,
849 4354 951 4403 quo
978 4340 1144 4390 miuus
1174 4341 1485 4403 magistratus
1506 4340 1727 4403 capiant;
1748 4339 1880 4402 quod
1902 4341 2217 4389 commodum
2244 4341 2345 4400 est,
2374 4338 2598 4399 trahunt,
2625 4339 2851 4401 rapiunt3

632 4422 879 4482 postremo
896 4460 910 4484 ‚
942 4422 1192 4484 tamquam
1214 4419 1334 4471 urbe
1360 4423 1503 4484 capta
1519 4457 1535 4484 ,
1562 4419 1782 4470 lubidine
1804 4433 1862 4471 ac
1885 4420 2081 4471 licentia
2101 4434 2188 4470 sua
2210 4433 2299 4483 pro
2315 4418 2503 4482 legibus
2523 4420 2781 4470 utuntur.»
