3276 5083
766 445 902 495 cir.
940 446 1008 493 11.
1040 446 1119 492 m:
1154 445 1339 493 um.
1367 445 1492 493 civ.
1527 447 1694 495 ome.
1732 448 1804 495 ετ
1842 448 2059 497 rnocn.
2103 450 2241 497 Aer.
2285 450 2328 496 ι.
2525 429 2649 498 261

475 563 696 648 Quare
744 588 875 634 non
929 577 1280 660 potuerunt
1331 564 1400 632 in
1457 561 1842 658 religionem
1900 558 2337 637 christianam
2370 591 2515 638 eam
2569 593 2669 640 se-

475 675 882 775 parationem
937 674 1285 759 inducere,
1335 700 1534 773 quam
1595 676 1929 748 exclusam
1984 695 2301 750 noverant
2350 678 2433 750 ab
2493 680 2663 779 ipsis

473 789 759 862 ethnicis
786 847 800 875 ,
844 788 963 862 sed
999 790 1223 887 potius
1259 790 1699 861 arctissimam
1743 792 2273 865 coniunctionem
2318 792 2659 879 fovebant,

471 904 926 1002 urgebantque
973 930 1172 1003 quam
1228 906 1535 976 maxime.
1595 907 1802 978 Tanto
1853 922 2071 978 autem
2123 909 2335 1003 magis
2388 908 2457 978 id
2509 933 2667 981 con-

473 1044 707 1115 gruum
760 1018 1126 1105 videbitur,
1182 1019 1361 1119 quod
1411 1046 1556 1092 eam
1609 1021 1895 1118 professi
1948 1021 2189 1093 suerint
2234 1020 2620 1118 religionem
2644 1080 2659 1107 ‚

468 1157 639 1230 quae
664 1132 1173 1229 praedicabatur
1195 1133 1291 1204 uti
1319 1133 1543 1204 anima
1571 1159 1690 1205 seu
1724 1134 1873 1205 vita
1896 1135 2231 1207 societatis
2250 1193 2265 1221 ,
2297 1150 2667 1233 receptum-

466 1273 600 1343 que
653 1262 795 1318 erat
841 1246 1149 1330 effatum,
1192 1271 1341 1318 esse
1388 1245 1774 1341 religionem
1824 1246 2294 1331 christianam,
2342 1247 2543 1320 relate
2578 1247 2665 1319 ad

470 1376 714 1433 statum
742 1418 757 1447 ‚
809 1360 990 1460 quod
1040 1377 1142 1433 est
1175 1362 1412 1433 anima
1441 1360 1666 1433 -relate
1714 1361 1799 1433 ad
1851 1387 2090 1460 corpus
2116 1420 2131 1449 ‚
2187 1363 2362 1461 quod
2407 1361 2521 1435 illa
2572 1364 2666 1434 in-

468 1476 703 1547 format
751 1492 816 1548 et
862 1475 1152 1548 vivificat
1185 1477 1311 1569 (4).

611 1588 803 1674 Quod
842 1589 902 1661 si
953 1605 1129 1662 arcto
1179 1589 1348 1661 adeo
1400 1616 1570 1662 nexu
1619 1590 2078 1663 vinciebantur
2128 1606 2334 1664 status
2387 1618 2465 1664 ac
2516 1592 2666 1665 reli·-

461 1705 573 1800 gio
593 1761 608 1789 ‚
666 1704 942 1801 perinde
994 1730 1073 1776 ac
1119 1730 1200 1776 ea
1249 1729 1422 1801 quae
1470 1703 1555 1774 ad
1604 1703 1987 1776 alterutrum
2041 1705 2461 1803 spectabant,
2504 1730 2662 1778 con-

462 1844 751 1917 sequens
799 1799 1229 1918 pmsecm‘est
1250 1876 1265 1904 ‚
1309 1844 1440 1891 non
1476 1818 1672 1889 modo
1708 1817 2005 1891 noluisse
2040 1844 2228 1914 reges
2262 1836 2328 1891 et
2360 1844 2501 1904 eos,
2542 1819 2656 1916 qui

461 1958 880 2031 quocumque
919 1934 1186 2005 nomine
1212 1933 1493 2031 imperio
1521 1932 1882 2029 pollebant,
1916 1958 2301 2031 promovere
2329 1932 2662 2007 connubia

465 2044 857 2143 simpliciter
903 2045 1165 2129 civilia,
1210 2046 1328 2119 sed
1364 2046 1587 2143 potius
1641 2044 1810 2116 nihil
1863 2047 2253 2118 intentatum
2305 2046 2660 2143 reliquisse

463 2160 820 2255 quominus
856 2159 1190 2231 connubia
1215 2185 1255 2230 a
1282 2159 1602 2255 religione
1626 2175 2172 2234 consecrarentur
2197 2160 2427 2232 saltem
2455 2187 2661 2258 quan-

463 2290 599 2346 tum
634 2299 715 2346 ex
750 2282 1034 2359 se'erat‚
1090 2275 1254 2373 quin
1305 2301 1386 2345 ex
1436 2274 1657 2347 debito
1708 2275 2063 2370 obligatam
2123 2275 2451 2349 eiusmodi
2515 2302 2651 2347 rem

462 2387 678 2459 facere
719 2387 1122 2460 viderentur.
1167 2388 1384 2474 Quum
1440 2390 1718 2486 proinde
1773 2390 2025 2463 romani
2064 2388 2483 2465 abinstituto
2518 2416 2659 2462 ma·-

462 2501 688 2575 iorum'
719 2501 1175 2589 desciverunt,
1219 2528 1567 2602 moresque
1602 2529 1829 2577 eorum
1864 2504 1934 2576 in
1969 2505 2161 2602 peius
2198 2522 2506 2589 ruerunt,
2552 2531 2660 2577 ne-

457 2618 802 2713 glexerunt
837 2618 1035 2689 ritum
1070 2619 1626 2714 confarreationis,
1672 2645 1806 2717 quo
1848 2620 2145 2717 ipsorum
2197 2620 2510 2717 coniugia
2545 2647 2661 2719 pe-

458 2731 635 2804 nitus
673 2729 1173 2803 indissolubilia
1212 2730 1661 2803 reddebantur
1694 2746 1920 2830 utpote
1956 2751 2059 2804 res
2097 2758 2326 2804 sacrae
2357 2736 2486 2827 (5),
2519 2759 2660 2807 coe-
2722 2779 2731 2782 ι

457 2862 694 2940 petunt
718 2843 1053 2916 celebrare
1079 2845 1499 2916 matrimonia
1522 2860 1635 2916 aut
1664 2844 1805 2917 solo
1822 2872 1967 2928 usu,
1996 2863 2109 2917 aut
2126 2849 2505 2944 coemptione
2522 2849 2649 2940 (6).

459 2955 694 3029 Verum
731 2957 1386 3031 animadvertendum
1423 2975 1547 3042 est,
1582 2984 1714 3031 non
1742 2957 1957 3032 solum
1997 2984 2129 3030 non
2165 2959 2536 3034 obtinuisse
2569 2961 2659 3032 ri·-

453 3275 595 3324 nam,
619 3266 874 3327 postquam
896 3265 1027 3330 quod
1060 3265 1255 3316 libitum
1277 3266 1327 3315 id
1351 3268 1455 3315 erat
1474 3270 1524 3315 et
1548 3265 1761 3325 licitum,
1787 3264 1918 3327 quod
1941 3277 2121 3313 novum
2139 3261 2372 3325 placitum
2394 3274 2562 3311 omnes
2590 3274 2659 3310 or·

455 3340 592 3391 dines
609 3341 856 3394 infecerat.
879 3347 952 3394 De
969 3345 1080 3408 ‘quo
1100 3349 1316 3408 tempore
1332 3344 1573 3394 iuvenalis
1596 3346 1753 3405 satyr.
1776 3345 1837 3394 V.
1859 3341 2124 3392 scribebat:

952 3461 1166 3475 .....
1169 3429 1172 3434 “
1202 3425 1282 3474 Sic
1301 3424 1427 3473 flunt
1448 3427 1560 3473 octo
1578 3424 1741 3472 mariti

856 3503 1084 3568 Quinque
1117 3517 1202 3568 per
1241 3505 1519 3553 autumnos.

447 3581 497 3629 et
517 3580 753 3631 Martialis
770 3584 856 3632 vl.
877 3587 925 3633 7.

950 3700 1160 3714 .....
1195 3664 1358 3714 'toties
1384 3674 1509 3725 quae
1542 3661 1685 3711 nubit
1716 3661 1938 3712 adultere
1969 3662 2071 3724 lege
2092 3664 2193 3720 αις

853 3743 1082 3793 Offendor
1113 3742 1315 3793 moecha
1345 3740 1640 3804 simpliciore
1668 3740 1845 3789 minus.

591 3823 657 3884 (4)
692 3821 904 3872 isidorus
925 3821 1168 3872 Pelusiota
1189 3820 1475 3885 Epistolar.
1492 3819 1577 3869 lib.
1604 3822 1691 3869 111.
1717 3832 1793 3881 ep
1821 3825 1927 3869 216
1950 3818 2027 3868 ed.
2053 3817 2203 3866 Paris.
2235 3819 2368 3865 1648.
2393 3814 2549 3866 etlib.
2568 3817 2652 3865 11¹.

443 3916 520 3965 ep.
550 3903 658 3952 24⁰.
688 3903 810 3950 Item
831 3913 873 3950 s.
892 3902 1154 3965 Gregorius
1172 3902 1388 3951 nazianz.
1410 3903 1545 3950 oret.
1560 3901 1764 3950 xviia
1769 3900 1869 3947 .Ιο.
1886 3898 2135 3960 chrysost.
2154 3897 2298 3945 Hom.
2316 3895 2421 3944 XV.
2438 3893 2489 3943 in
2503 3890 2569 3945 11.
2587 3894 2652 3944 ad

439 3984 719 4031 cor.s.1vo
740 3982 940 4031 carnot.
957 3993 1033 4044 ep.
1045 3987 1124 4031 51.
1136 3980 1199 4030 ad
1219 3981 1482 4033 Benricum
1499 3978 1699 4042 Angliae
1717 3990 1893 4041 regem
1904 3977 2090 4026 omitto
2109 3973 2398 4064 posteriores
2413 3975 2653 4035 auctores,

347 4073 352 4076 ·
443 4063 531 4126 qui
560 4062 689 4112 idem
725 4063 1015 4113 statuerunt.

588 4143 657 4204 (5)
686 4142 840 4192 cuiue
867 4141 1149 4191 assertionis
1167 4155 1280 4194 mox
1304 4139 1507 4192 indubia
1527 4138 1821 4188 documenta
1842 4137 2088 4188 dabimus.
2148 4175 2149 4178 η

585 4220 654 4283 (6)
685 4221 765 4271 Cf.
787 4220 1066 4280 Doelliuger
1103 4219 1153 4284 in
1185 4233 1266 4283 op.
1292 4223 1520 4272 Gennan.
1551 4216 1633 4268 cui
1654 4217 1851 4267 titulus.
1881 4214 2193 4281 Hippolytus
2209 4216 2261 4265 et
2286 4212 2547 4264 calixtus.
2566 4215 2654 4263 Re·

435 4298 920 4363 genuinumne-³125.
939 4301 1024 4348 vl.
1045 4299 1205 4348 Sexta
1221 4301 1486 4350 crematio
1507 4298 1714 4359 (nempe
1733 4293 1962 4358 anonymi
1979 4293 2194 4345 auctoris
2212 4305 2295 4355 op.
2313 4288 2652 4354 Philosophu-

438 4389 594 4428 mna
628 4378 863 4430 adversus
895 4378 1142 4429 calixtum
1180 4377 1392 4439 papam)
1425 4390 1532 4441 pag.
1566 4383 1651 4427 138
1673 4388 1809 4438 seqq.
2350 4423 2353 4424 γ
