3276 5083
780 472 916 522 ω».
946 471 1041 522 ιιι.
1076 472 1155 521 ns
1189 472 1450 522 ιιΑτιιιιι.
1494 472 1718 523 clvms
1762 472 1942 523 tres.
1986 473 2126 524 Αιιτ.
2160 473 2247 523 tv.
2484 450 2619 522 329

416 590 932 663 christianorum
981 591 1368 688 coniugium
1423 607 1517 664 tot
1566 591 1658 663 sit
1707 591 2036 663 munitum
2081 592 2337 688 gratiae
2375 595 2628 689 praesi-

418 705 551 776 diis
603 703 686 776 ad
737 703 951 777 levius
1001 705 1303 779 eiusdem
1353 730 1559 779 onera
1608 703 1918 789 serenda;
1960 704 2220 777 etiamsi
2265 702 2439 778 ultro
2472 731 2633 780 con-

418 819 754 892 trahentes
784 821 853 891 in
881 846 956 894 se
981 819 1376 919 perferenda
1413 846 1619 895 onera
1643 819 1761 893 illa
1783 818 2081 893 volentes
2110 820 2534 920 scientesque
2560 822 2629 893 in

417 951 807 1034 perpetuum
843 936 1253 1035 suscipiant;
1296 935 1620 1035 quidnam
1646 936 1773 1010 erit
1797 936 2205 1008 censendum
2231 936 2318 1008 de
2345 936 2632 1013 scenicis

416 1047 553 1123 illis
588 1050 880 1149 nuptiis,
923 1076 1097 1149 quae
1132 1051 1243 1124 his
1279 1052 1591 1125 omnibus
1644 1051 1999 1124 destitutae
2042 1066 2241 1137 sunt,
2284 1078 2458 1151 quae
2491 1051 2634 1125 nul-

417 1162 548 1237 lius
601 1166 671 1236 in
723 1192 796 1239 se
844 1165 1094 1240 valoris
1144 1166 1272 1240 sub
1326 1165 1567 1265 quovis
1619 1180 1927 1264 respectu
1987 1180 2182 1252 sunt,
2240 1166 2374 1239 imo
2423 1180 2490 1238 et
2538 1192 2636 1239 re-

417 1278 732 1377 probatae
769 1295 836 1353 et
871 1280 1285 1367 inhonestae,
1317 1296 1527 1380 atque
1551 1307 1631 1355 ex
1659 1279 1803 1355 sola
1826 1281 2121 1381 pendent
2162 1280 2441 1354 humani
2474 1280 2636 1354 irre-

417 1391 776 1493 ligiosique
825 1394 1233 1492 legislatoris
1283 1394 1669 1469 voluntate?
1693 1398 1862 1469 Num
1916 1397 2145 1496 itaque
2177 1395 2265 1469 ab
2289 1397 2438 1469 eius
2467 1413 2634 1469 nutu

417 1524 483 1580 et
507 1508 784 1582 arbitrio
826 1511 1117 1611 pendere
1149 1511 1421 1585 debebit
1445 1525 1660 1585 status
1685 1527 1782 1586 tot
1805 1509 2315 1584 difficultatibus
2342 1509 2631 1594 obsitus,

416 1648 590 1721 quae
659 1624 849 1697 illum
909 1624 1390 1699 intolerabilem
1440 1627 1852 1726 quandoque
1901 1624 2248 1699 reddunt?
2296 1625 2513 1725 quue
2562 1628 2634 1697 in

414 1754 811 1835 perpetuum
843 1795 859 1825 ‚
918 1739 977 1812 si
1026 1764 1227 1814 casus
1276 1739 1608 1840 excipia8‚
1667 1766 1839 1840 quos
1891 1740 2256 1838 legislatori
2308 1738 2637 1839 placuerit

413 1868 705 1928 statuere
731 1854 818 1928 ad
846 1854 1205 1929 divortium
1241 1855 1672 1929 faciendum?
1704 1855 1881 1931 Velis
1919 1858 2121 1955 igitur
2165 1855 2373 1942 nolis,
2425 1856 2637 1929 saten-

419 1965 579 2038 dum
634 1983 779 2054 est,
837 1968 1049 2064 legem
1074 2025 1090 2055 ,
1131 1994 1307 2067 quae
1348 1971 1564 2042 sancit
1611 1971 1925 2067 coniugia
1981 1970 2246 2058 civilia,
2293 1970 2635 2044 adversari

420 2081 776 2176 coniugum
812 2081 1138 2168 libertati,
1169 2106 1250 2155 ac
1275 2081 1418 2155 fieri
1443 2083 1646 2155 etiam
1672 2111 1750 2157 ex
1780 2085 1908 2158 hoc
1933 2085 2151 2183 capite
2187 2085 2628 2183 tyrannicam.

565 2193 699 2266 Sed
738 2211 805 2267 et
844 2196 1195 2292 tyrannica
1233 2195 1457 2269 evadit
1505 2197 1739 2270 eadem
1792 2197 1897 2270 lex
1947 2223 2106 2295 erga
2158 2197 2434 2297 prolem.
2469 2200 2635 2271 Nam

416 2325 490 2381 ut
544 2325 806 2383 constat
859 2336 941 2382 ex
989 2310 1186 2384 dictis
1220 2367 1237 2397 ‚
1311 2337 1519 2410 quum
1582 2312 1683 2399 ii,
1740 2313 1855 2411 qui
1915 2312 2413 2386 matrimonium
2463 2339 2633 2412 pure

416 2424 613 2498 civile
656 2424 1033 2513 celebrant,
1091 2428 1476 2501 necessario
1537 2427 1891 2524 irreligiosi
1948 2428 2134 2514 sint,
2201 2427 2633 2527 perditaeque

416 2539 899 2628 conscientiae3
951 2540 1021 2614 hi
1063 2541 1319 2642 quippe
1354 2544 1552 2616 unice
1589 2543 1939 2643 cupiditati
1992 2543 2362 2643 explendae
2414 2543 2635 2618 indul-

413 2671 606 2753 gent,
672 2656 971 2757 alioquin
1026 2657 1212 2732 nullo
1263 2659 1463 2733 modo
1506 2659 1829 2732 auderent
1865 2686 1940 2733 se
1974 2659 2302 2733 eiusmodi
2346 2659 2633 2759 nuptiali

424 2772 689 2848 foedere
739 2773 1033 2871 illigare,
1083 2775 1241 2848 hinc
1283 2774 1679 2875 plerumque
1705 2776 1780 2849 fit
1804 2791 1876 2850 ut
1900 2775 2020 2847 filii
2047 2776 2135 2849 ab
2160 2777 2247 2850 iis
2275 2777 2627 2875 procreati,

418 2886 933 2962 reclamantibus
986 2889 1248 2964 iuribus
1283 2890 1631 2977 omnibuS,
1674 2890 1963 2965 debeant
1994 2891 2216 2964 ethica
2259 2889 2375 2964 illa
2416 2915 2496 2965 ac
2536 2917 2634 2965 re-

418 2998 657 3095 ligiosa
721 3002 1141 3077 institutione
1196 3005 1520 3092 destitui,
1578 3031 1756 3104 quae
1805 3007 1939 3078 vim
1993 3007 2061 3077 in
2113 3019 2318 3079 totam
2367 3004 2633 3080 illorum

416 3115 596 3189 vitae
645 3116 887 3189 seriem
938 3144 1018 3191 ac
1067 3120 1391 3194 rationem
1453 3121 1681 3194 habet.
1741 3122 1985 3222 Utique
2045 3147 2198 3195 cum
2253 3124 2323 3194 in
2382 3123 2631 3195 iuniori

417 3230 640 3305 adbuc
690 3249 1043 3306 versantur
1099 3250 1347 3322 aetate,
1394 3235 1466 3308 hi
1517 3238 1704 3335 parvi
1748 3254 1865 3311 aut
1912 3236 2104 3308 nihili
2155 3236 2408 3310 faciunt
2457 3236 2634 3311 hanc

421 3371 615 3419 suam
659 3347 985 3445 originem
1016 3406 1031 3435 ,
1073 3349 1385 3423 vitiosam
1438 3351 1594 3423 item
1652 3351 2243 3450 irreligiosamque·
2280 3366 2630 3450 parentum

417 3484 576 3555 erga
603 3486 678 3534 se
702 3463 942 3559 agendi
997 3463 1320 3538 rationem
1345 3521 1361 3551 ,
1420 3481 1622 3565 atque
1672 3466 2027 3541 exitiosum
2081 3465 2495 3563 neglectum3
2529 3482 2637 3540 ast

418 3600 571 3646 cum
624 3577 1071 3666 adoleverint,
1124 3580 1687 3680 maturioremque
1737 3581 2078 3678 attigerint
2125 3596 2408 3655 aetatem
2434 3638 2450 3668 ,
2500 3581 2635 3660 nisi

416 3692 718 3788 perversi
744 3695 1018 3768 omnino
1045 3695 1326 3782 fuerint,
1359 3696 1870 3797 deprehendunt
1902 3696 2146 3771 malam
2190 3712 2392 3796 atque
2433 3695 2634 3772 etiam

415 3808 808 3904 pessimam,
851 3835 1052 3909 quam
1088 3813 1266 3886 nacti
1303 3827 1484 3900 sunt,
1527 3813 2049 3898 institutionem,
2084 3839 2163 3887 ac
2201 3812 2413 3910 legem
2453 3811 2635 3890 incu-

414 3935 607 4007 sant,
656 3921 837 4020 quod
889 3922 959 3995 in
1010 3948 1217 3999 causa
1269 3927 1556 4000 extiterit
1606 3925 1791 4002 illius
1835 3926 2159 4015 desectus,
2205 3953 2409 4026 quem
2445 3927 2514 3999 in
2560 3953 2634 4000 se

411 4036 883 4134 experiuntur,
941 4039 1185 4138 cuique
1234 4040 1528 4139 amplius
1580 4068 1714 4114 non
1768 4059 2052 4141 possunt
2104 4067 2478 4117 occurrere.

556 4151 752 4237 Quod
787 4153 847 4224 si
887 4155 1180 4251 perversi
1230 4181 1385 4230 esse
1436 4158 2037 4255 perseveraverint,
2091 4157 2357 4254 exleges
2411 4184 2493 4231 ac
2537 4158 2635 4231 sa·

413 4266 743 4356 cinerosi,
798 4283 997 4368 prout
1045 4268 1437 4370 plerumque
1477 4271 1724 4344 accidit
1772 4272 1839 4344 in
1894 4273 2252 4347 mortiferis
2304 4273 2632 4348 fructibus

413 4404 491 4449 ex
540 4382 881 4456 mortifera
915 4383 1152 4457 arbore
1198 4385 1681 4484 prodeuntibus
1703 4445 1718 4472 ,
1764 4387 1829 4459 id
1869 4388 1935 4459 in
1973 4390 2264 4489 acceptis
2302 4390 2462 4462 huic
2500 4389 2630 4482 legi
