3276 5083
651 422 787 494 226
1033 446 1155 497 m.
1198 447 1245 495 1.
1289 444 1460 496 secr.
1501 446 1761 524 Αιτειυ.
1808 444 1889 496 nt
1928 446 2196 498 numu.
2238 446 2453 498 curm.

792 560 989 636 Esto:
1029 562 1269 635 Verum
1295 561 1423 635 hac
1450 562 1517 633 in
1548 560 1948 662 hypothesi,
1980 563 2160 662 quod
2187 562 2419 636 civiles
2454 564 2870 640 coniunctio-

646 703 766 750 nes
812 703 971 749 vera
1018 677 1330 774 coniugia
1379 678 1555 765 sint,
1613 678 1766 751 licet
1813 704 1946 752 non
1999 695 2412 752 sacramenta
2445 735 2461 765 ,
2524 680 2864 755 cumdis-

646 784 962 864 solubilia
997 807 1233 863 natura
1269 817 1395 864 sua
1428 790 1565 864 sint
1597 791 1928 865 eiusmodi
1964 793 2308 889 coniugia,
2358 819 2439 866 ac
2491 796 2871 870 necessario

644 931 778 979 non
813 906 883 977 in
917 907 1154 1007 paucis
1200 907 1471 981 casibus
1506 933 1742 981 ansam
1779 908 2143 1006 praebeant
2178 909 2520 995 divortiiS,
2559 926 2636 982 ut
2668 936 2871 1010 supe-

646 1021 819 1095 riore
843 1021 1125 1095 articulo
1150 1021 1591 1108 ostendimus,
1622 1021 1820 1095 facile
1845 1022 1958 1095 fiet
1978 1080 1994 1108 ,
2026 1038 2101 1094 ut
2137 1023 2263 1095 viri
2292 1079 2306 1107 ,
2346 1023 2611 1097 vivente
2648 1023 2873 1099 adhuc

643 1136 852 1236 priori
901 1163 1104 1237 quam
1157 1136 1484 1211 duxerant
1534 1162 1741 1210 uxore
1772 1194 1788 1224 ,
1856 1136 2222 1211 secundam
2250 1194 2265 1224 ,
2337 1137 2596 1211 tertiam
2648 1164 2728 1212 ac
2776 1140 2871 1214 ita

646 1277 844 1350 porro
881 1252 1431 1351 superinducant.
1468 1255 1545 1324 ln
1580 1278 1718 1352 quo
1751 1252 2176 1352 polygamiae
2227 1252 2413 1326 iuxta
2462 1253 2871 1328 christianae

646 1367 991 1465 religionis
1041 1367 1410 1441 doctrinam
1464 1367 1803 1467 turpitudo
1840 1368 2183 1454 consistit,
2225 1368 2406 1466 quod
2440 1368 2699 1443 scilicet
2733 1370 2866 1443 alia

639 1483 744 1556 vel
780 1483 955 1556 aliae
987 1483 1319 1561 ducantur
1365 1485 1711 1581 coniuges,
1767 1484 1975 1582 priori
2025 1484 2251 1558 adhuc
2301 1485 2687 1583 superstite.

792 1599 928 1671 Nec
977 1614 1119 1685 est,
1161 1599 1343 1697 quod
1394 1597 1733 1698 quispiam
1786 1598 2096 1685 obiiciat,
2138 1600 2490 1698 supposito
2540 1600 2859 1698 repudi0,

638 1712 1104 1812 dissolutoque
1165 1728 1518 1811 propterea
1580 1714 1802 1813 quoad
1856 1713 2197 1787 vinculum
2249 1714 2453 1812 priori
2503 1715 2812 1812 coniugio
2837 1773 2856 1802 ,

637 1851 771 1899 non
820 1827 1112 1925 amplius
1155 1827 1404 1901 habere
1447 1828 1665 1902 locum
1715 1828 2165 1928 polygamiam
2190 1886 2205 1915 ,
2249 1830 2369 1903 sed
2404 1838 2556 1903 ess'e
2588 1830 2862 1904 totidem

632 1966 876 2015 uxores
902 1941 1325 2016 successivas
1349 1960 1549 2042 prout
1571 1943 1642 2015 in
1667 1942 1990 2018 viduitate
2013 1942 2361 2042 contingit.
2385 1944 2567 2017 Haec
2594 1944 2865 2044 quidem

636 2054 923 2155 pulchra
967 2073 1127 2131 sunt
1155 2057 1399 2132 verba:
1441 2075 1511 2133 at
1544 2058 1794 2158 primo,
1855 2057 2023 2133 haec
2079 2060 2234 2158 ipsa
2285 2058 2527 2133 solutio
2570 2059 2863 2157 coniugii

639 2170 813 2244 inter
854 2171 1261 2246 christianos
1292 2199 1400 2247 res
1428 2190 1567 2259 est,
1603 2199 1787 2273 quae
1818 2172 2397 2246 indissolubilitati
2424 2172 2521 2245 illi
2549 2173 2865 2247 adversa-

637 2301 767 2375 tur,
799 2312 977 2386 quae
1001 2313 1135 2360 non
1161 2314 1357 2362 secus
1385 2315 1464 2362 ac
1487 2290 1739 2375 unitaS,
1763 2289 2114 2362 christiani
2140 2305 2245 2362 est
2266 2288 2675 2363 matrimonii
2709 2315 2864 2388 pro—

631 2401 882 2499 prietas
905 2459 922 2489 ,
971 2402 1278 2502 adeoque
1305 2404 1397 2477 ita
1426 2404 1868 2490 disserenteS,
1920 2403 2078 2476 dum
2122 2430 2329 2476 unum
2374 2419 2589 2476 vitant
2622 2429 2866 2503 scopu-

626 2514 795 2604 lum,
830 2518 1184 2592 stultorum
1212 2546 1395 2595 more
1422 2520 1489 2592 in
1516 2518 1725 2593 alium
1755 2519 2141 2605 incurrunt3
2181 2518 2465 2605 deinde,
2508 2518 2862 2618 supposita

628 2632 830 2704 etiam
873 2659 993 2731 per
1013 2632 1242 2732 legale
1278 2635 1640 2709 divortium
1684 2635 2018 2709 solutione
2055 2636 2299 2734 prioris
2333 2635 2664 2732 coniugii,
2707 2661 2862 2708 sue-

627 2747 930 2820 cessivae
964 2750 1242 2847 nuptiae
1276 2749 1383 2821 sin
1418 2750 1643 2822 minus
1678 2751 1978 2823 formalis
2004 2808 2020 2838 ,
2063 2749 2301 2823 saltem
2337 2750 2704 2825 materialis
2738 2776 2859 2825 cu-

630 2860 897 2934 iusdam
944 2877 1009 2934 et
1052 2862 1285 2960 legalis
1340 2862 1765 2963 polygamiae
1815 2865 2104 2964 speciem
2157 2865 2522 2952 haherent,
2566 2881 2635 2939 et
2669 2865 2860 2965 poly-

625 2976 887 3073 gamiae
935 2976 1328 3051 scandalum
1363 3035 1378 3064 ‚
1438 2978 1591 3051 licet
1641 2979 1935 3079 quodam
1970 2979 2119 3053 velo
2154 2996 2557 3065 contectum,
2608 2979 2857 3079 populo

621 3087 1037 3164 exhiberent.
1084 3090 1345 3163 Etenim
1396 3090 1454 3164 si
1505 3092 1893 3188 coniugium
1945 3092 2142 3166 civile
2191 3094 2374 3167 iuxta
2424 3094 2847 3168 adversarios

619 3229 850 3279 verum
902 3220 1006 3279 est
1054 3206 1440 3304 coniugium
1473 3263 1488 3292 ,
1545 3206 1879 3306 quidquid
1930 3207 2171 3305 legulei
2208 3207 2294 3281 de
2327 3206 2527 3306 legali
2564 3207 2854 3282 divortio

621 3319 889 3408 dicant,
947 3321 1359 3396 christianus
1411 3322 1705 3421 populus
1756 3323 1825 3394 in
1876 3349 1958 3396 ea
2007 3324 2338 3396 sententia
2385 3322 2842 3422 permanebit,

619 3435 794 3511 inter
834 3437 1243 3513 christianos
1292 3439 1714 3535 coniugium,
1774 3439 1834 3510 si
1885 3464 2115 3512 verum
2166 3454 2306 3525 est,
2366 3464 2447 3512 eo
2496 3439 2648 3537 ipso
2701 3464 2853 3514 esse

619 3550 1127 3641 indissolubile,
1187 3579 1308 3625 seu
1371 3578 1504 3624 non
1559 3552 1728 3626 solvi
1781 3552 1913 3625 nisi
1964 3578 2088 3650 per
2135 3552 2442 3649 coniugis
2509 3567 2837 3625 mortem:

616 3669 931 3768 quocirca
969 3669 1155 3756 dum,
1196 3668 1461 3742 vivente
1512 3667 1717 3766 priori
1770 3668 2081 3764 coniuge,
2121 3666 2330 3741 altera
2378 3666 2682 3754 ducitur,
2726 3693 2848 3765 po-

617 3780 953 3882 lygamiae
1002 3783 1255 3856 crimen
1307 3782 1548 3856 adesse
1580 3782 1739 3855 licet
1769 3781 1970 3880 legali
2027 3781 2262 3855 umbra
2309 3798 2707 3856 contectum.
2742 3779 2845 3852 Ad

616 3894 952 3971 hominem
978 3956 994 3986 ,
1053 3914 1130 3971 ut
1179 3898 1474 3971 diximus
1504 3955 1518 3984 ,
1563 3897 1910 3995 arguimus
1938 3926 1953 3968 :
1997 3898 2057 3971 si
2092 3897 2477 3996 coniugium
2511 3896 2709 3970 civile
2741 3912 2850 3970 est

611 4010 909 4085 validum
935 4071 951 4100 ,
994 4014 1181 4102 dum,
1220 4013 1485 4108 vivente
1536 4014 1761 4114 priore
1811 4012 2133 4116 coniuge,
2178 4040 2421 4087 novum
2458 4012 2667 4085 initur
2700 4036 2851 4086 con·

612 4127 868 4224 iugium
893 4186 909 4214 ,
964 4129 1332 4203 materialis
1383 4129 1577 4203 adest
1616 4129 2028 4229 polygamia.
2083 4131 2333 4204 Revera
2384 4129 2469 4201 iis
2523 4128 2592 4200 in
2645 4127 2841 4213 locis,

614 4244 682 4316 in
723 4242 969 4342 quibus
1022 4244 1358 4318 decretum
1394 4245 1846 4346 tridentinum
1883 4271 2014 4317 non
2050 4262 2154 4319 est
2189 4244 2601 4344 publicatum
2627 4301 2643 4330 ,
2685 4267 2843 4316 con·

612 4358 864 4457 iugium
916 4358 1111 4432 civile
1159 4385 1291 4433 non
1344 4359 1560 4435 solum
1596 4385 1678 4434 ex
1717 4356 2252 4434 adversariorum
2276 4417 2292 4446 ,
2338 4358 2457 4432 sed
2495 4385 2577 4432 ex
2612 4356 2837 4457 ipsius
