3276 5083
707 467 844 515 cu.
886 466 956 516 u.
998 467 1076 515 ns
1113 465 1300 516 um.
1333 465 1460 514 ειν.
1493 466 1660 516 ome.
1696 467 1771 516 m·
1806 466 2027 518 ηοω.
2069 470 2210 519 Amr.
2254 470 2298 518 1.
2489 449 2625 521 259

395 655 410 659 ,
437 585 679 660 exoriri
717 584 1095 657 necessario
1129 582 1519 657 debuissent
1543 586 1998 659 contentiones
2021 643 2037 673 ‚
2070 586 2448 662 collisiones
2468 646 2484 674 ,
2516 588 2651 664 dis·

438 701 925 797 sensionesque
959 724 1169 797 prope
1217 699 1602 771 innumerae
1637 700 1810 773 inter
1858 715 2206 801 utramque
2256 717 2648 800 potestatem

436 814 957 891 ecclesiasticam
1009 829 1209 912 atque
1252 814 1546 901 civilem,
1590 830 1785 913 prout
1818 831 2031 889 aetate
2078 815 2208 888 hac
2250 833 2477 891 nostra
2517 819 2647 892 sre—

436 931 917 1031 quentissimae
968 929 1536 1029 gravissimaeque
1576 946 1839 1003 exortae
1875 946 2031 1003 sunt
2054 988 2072 1018 ,
2111 946 2312 1031 atque
2346 935 2647 1008 exoriun-

436 1046 587 1120 tur?
629 1046 921 1119 Profecto
963 1070 1180 1143 neque
1231 1045 1523 1144 episcopi
1575 1071 1878 1118 seorsum
1904 1103 1919 1132 ,
1970 1073 2189 1146 neque
2230 1048 2299 1119 in
2343 1049 2645 1124 conciliis

434 1162 578 1235 sive
612 1157 1136 1259 provincialibus
1173 1158 1316 1231 sive
1351 1158 1797 1233 nationalibus
1820 1217 1835 1246 ,
1869 1175 1984 1232 aut
2008 1162 2453 1235 oecumenicis
2488 1190 2648 1237 con-

433 1276 731 1372 gregati,
792 1300 1008 1373 neque
1059 1274 1299 1345 summi
1354 1274 1701 1372 pontifices
1751 1273 2112 1373 aliquando
2156 1275 2284 1348 hac
2319 1276 2404 1349 de
2437 1302 2645 1352 causa

433 1389 780 1489 conquesti
841 1404 1042 1471 sunt,
1100 1401 1211 1459 aut
1258 1388 1453 1460 etiam
1503 1389 1905 1462 mentionem
1959 1389 2243 1463 alicuius
2295 1393 2643 1467 conflictus

436 1505 753 1578 fecerunt.
810 1505 984 1601 Ergo
1032 1504 1306 1578 evidens
1359 1518 1461 1575 est
1510 1505 1879 1601 antiquitus
1906 1562 1921 1591 ‚
1978 1517 2051 1577 ut
2100 1506 2388 1579 mediam
2437 1534 2641 1607 quam

434 1634 675 1692 vocant
722 1635 1001 1692 aetatem
1054 1619 1569 1717 praetermittam
1593 1676 1607 1702 ‚
1651 1617 1736 1691 de
1769 1645 1901 1716 qua
1937 1619 2119 1691 nulla
2152 1635 2255 1692 est
2287 1619 2639 1709 dubitatio,

431 1733 761 1808 eiusmodi
813 1759 993 1805 mere
1041 1732 1267 1806 civilia
1314 1731 1646 1805 connubia
1698 1733 2000 1828 ignorata
2048 1734 2311 1831 penitus
2355 1734 2590 1808 fuisse.

573 1848 810 1921 Verum
851 1848 1188 1921 enimvero
1238 1872 1370 1919 non
1420 1846 1615 1918 modo
1649 1872 1830 1918 mere
1867 1845 2092 1919 civilia
2132 1848 2444 1944 coniugia
2485 1864 2649 1921 anti-

432 1963 660 2061 quitus
711 1962 976 2034 suerunt
1028 1961 1298 2034 omnino
1355 1961 1616 2056 ignota,
1686 1961 1803 2032 sed
1860 1959 1967 2033 vel
2026 1960 2111 2032 ab
2168 1962 2317 2060 ipsa
2375 1960 2647 2063 politica

351 2141 360 2148 .
434 2090 757 2174 potestate
820 2076 1084 2174 penitus
1144 2074 1411 2147 exclusa
1453 2131 1468 2160 ,
1537 2092 1734 2173 prout
1792 2075 2087 2147 ferebant
2149 2092 2214 2148 et
2261 2078 2365 2149 sui
2429 2078 2645 2176 ipsius

435 2189 757 2262 sanctitas
791 2204 855 2260 et
887 2214 1104 2261 mores
1154 2203 1364 2259 aetate
1413 2187 1528 2258 illa
1575 2214 1983 2274 communes,
2027 2215 2106 2261 ac
2142 2189 2335 2286 longe
2384 2190 2647 2291 lateque

435 2302 878 2376 dominantes.
922 2302 1132 2401 quue
1165 2302 1531 2374 evincimus
1575 2301 1939 2376 luculenter
1974 2320 2111 2377 tum
2146 2305 2469 2377 indirecte
2502 2320 2640 2378 tum

436 2417 711 2491 directe.

579 2532 904 2606 Indirecte
954 2533 1225 2633 quidem
1260 2592 1276 2620 ,
1332 2534 1494 2634 quia
1544 2560 1677 2607 non
1731 2533 1943 2607 solum
1992 2534 2169 2634 apud
2209 2535 2635 2621 christianos,

436 2648 556 2722 sed
606 2675 813 2747 penes
864 2649 1167 2722 ethnicos
1206 2649 1392 2747 ipsos
1427 2675 1790 2747 numquam
1830 2652 2213 2747 *excogitata
2263 2652 2475 2724 suerat
2523 2679 2634 2737 ea,

433 2763 702 2861 quaein
729 2764 1253 2862 praesentiarum
1285 2763 1536 2860 passim
1565 2762 2021 2861 obtinetapud
2048 2765 2636 2864 pseudopoliticoS‚

436 2878 766 2975 separatio
804 2876 1145 2974 religionis
1180 2903 1222 2947 a
1259 2876 1593 2976 republica
1647 2893 1766 2949 seu
1791 2878 2133 2974 >regimine
2165 2880 2368 2951 civili.
2403 2881 2641 2954 Notum

435 2990 612 3061 enim
648 3007 787 3076 est,
831 3007 1164 3089 receptum
1202 2992 1358 3064 olim
1398 2992 1607 3064 fuisse
1649 2993 1739 3064 ita
1792 3019 1864 3086 se
1916 2993 2198 3067 invicem
2254 2994 2639 3092 religionem

436 3127 515 3175 ac
557 3118 801 3175 statum
851 3104 1195 3201 politicum
1249 3105 1479 3177 intime
1526 3106 1883 3202 coniungi,
1928 3123 2000 3178 ut
2032 3134 2238 3180 unum
2274 3109 2437 3207 quid
2482 3136 2641 3182 con—

436 3217 803 3289 stituerent.
850 3218 1021 3291 Hinc
1056 3245 1187 3292 non
1224 3219 1437 3292 solum
1493 3221 1785 3318 supremi
1838 3222 2265 3317 magistratus
2292 3280 2307 3309 ‚
2364 3239 2438 3295 ut
2487 3224 2637 3321 plu-

435 3330 674 3403 rimum
724 3334 1091 3407 sacerdotio
1152 3335 1361 3407 ornati
1414 3351 1602 3405 erant
1636 3391 1651 3419 ‚
1711 3335 1828 3406 sed
1880 3335 1982 3409 vel
2035 3337 2165 3434 ipsi
2220 3337 2462 3410 summi
2514 3338 2639 3408 im—

434 3461 738 3543 perantes
796 3448 1286 3546 coniungebant
1343 3449 1747 3548 quandoque
1816 3451 1883 3520 in
1951 3477 2023 3523 se
2088 3451 2500 3549 imperialem
2560 3477 2637 3524 ac

438 3560 887 3658 pontificalem
937 3563 1327 3660 dignitatem
1389 3563 1473 3636 ad
1537 3565 1854 3637 maiorem
1908 3564 2035 3637 sibi
2099 3592 2307 3664 penes
2357 3565 2639 3664 populos

437 3674 924 3748 conciliandam
966 3679 1422 3750 auctoritatem
1466 3704 1543 3749 ac
1577 3678 2093 3750 venerationem.
2130 3679 2256 3763 Qui
2294 3693 2639 3777 propterea

432 3787 724 3887 pollebat
772 3788 1089 3888 imperio,
1147 3792 1275 3865 hoc
1331 3792 1480 3890 ipso
1530 3807 1672 3864 erat
1722 3819 2021 3866 summus
2075 3792 2396 3890 pontifex.
2457 3791 2638 3865 Adeo

435 3901 501 3971 id
554 3901 969 3986 invaluerat,
1031 3921 1106 3976 ut
1153 3905 1258 3978 vel
1310 3906 1440 4003 ipsi
1496 3907 1927 4004 imperatores
1975 3905 2320 3978 christiani
2374 3904 2635 3978 titulum

434 4014 617 4089 bunc
656 4016 994 4115 pontificis
1045 4021 1313 4091 maximi
1371 4021 1762 4093 retinuerint
1813 4020 1896 4092 ad
1952 4020 2334 4092 Gratianum
2385 4048 2629 4119 usque,

432 4132 547 4228 qui
602 4133 900 4204 omnium
955 4133 1212 4231 primus
1274 4133 1459 4207 illum
1521 4134 1875 4208 abdicavit.
1937 4136 2372 4234 Imperatores
2440 4161 2635 4237 porro

438 4244 686 4319 ethnici
722 4305 737 4334 ,
784 4246 1188 4347 quibusdam
1227 4251 1516 4350 exceptis
1555 4250 2062 4324 solemnioribus
2099 4252 2265 4324 actis
2308 4251 2627 4352 publiciS‚

437 4385 553 4456 per
595 4362 1005 4438 sacrificulos
1040 4390 1119 4438 ac
1153 4364 1470 4442 flamines,
1493 4367 1660 4441 ritus
1699 4365 2041 4463 religiosos
2078 4382 2143 4440 et
2175 4383 2416 4453 cetera,
2459 4391 2633 4464 quae

2445 4478 2488 4522 ᾗ.
