3276 5083
618 412 710 481 90
1018 430 1141 482 m.
1182 431 1231 480 ι.
1275 429 1447 481 stc-r.
1491 430 1537 479 ι.
1582 428 1662 480 nr
1697 428 1960 481 nrm.
2000 427 2428 481 sionnam-o.

617 568 727 624 tur
771 563 874 621 est
921 546 1016 619 ihi
1070 547 1466 621 sacramenti
1504 573 1589 620 ne
1630 545 1840 621 facies
1885 546 2186 648 quidem.
2222 545 2344 619 Illa
2374 546 2557 620 enim
2591 546 2829 622 verba:

616 663 758 762 qu
792 677 851 735 tc
883 664 1132 761 accipio
1184 664 1258 733 δη
1303 688 1511 734 meam
1560 675 1676 733 etc.
1711 662 1985 736 omnino
2027 660 2355 734 naturalia
2406 678 2596 750 sunt,
2638 678 2840 763 atque

612 777 925 852 omnibus
958 791 1280 876 usurpata
1313 775 1623 873 gentibus
1644 833 1659 863 ‚
1692 800 1868 875 quae
1890 777 2090 850 etiam
2118 777 2266 850 sine
2291 775 2428 849 fide
2451 777 2830 851 cotrahunt.

761 893 949 966 Adde
970 951 986 979 ‚
1031 891 1211 992 quod
1259 892 1471 964 forma
1519 890 1919 965 sacramenti
1972 891 2311 989 significat
2342 916 2494 964 eum
2531 892 2841 991 spiritua-

619 1008 747 1081 lem
788 1008 1131 1093 effectum,
1174 1007 1368 1081 cuius
1403 1032 1609 1079 causa
1658 1020 2144 1079 sacramentum
2186 1030 2339 1078 esse
2375 1004 2645 1078 dicitur.
2669 1006 2841 1077 Nam

623 1137 1069 1210 sacramenta,
1128 1136 1205 1194 ut
1252 1122 1322 1192 in
1375 1121 1647 1194 scholae
1711 1111 2059 1221 proverbio
2116 1135 2253 1208 est,
2310 1120 2608 1194 efficiunt
2652 1119 2840 1219 quod

622 1240 933 1336 figurant.
969 1236 1381 1335 significatio
1414 1251 1633 1309 autem
1661 1235 2058 1309 sacramenti
2086 1236 2157 1308 in
2184 1235 2395 1309 forma
2418 1235 2521 1309 vel
2550 1235 2843 1308 maxime

619 1354 874 1428 elucet:
917 1353 1033 1426 illa
1078 1377 1239 1426 vero
1285 1350 1524 1425 verba:
1563 1350 1708 1449 qu
1762 1365 1821 1423 tc
1867 1353 2116 1451 accipio
2167 1353 2238 1424 in
2283 1376 2526 1436 meam,
2585 1350 2840 1424 nullius

616 1468 837 1541 effecti
892 1466 1263 1568 spiritualis
1314 1467 1513 1564 signa
1561 1480 1742 1539 sunt.

762 1582 973 1654 Verba
1009 1582 1309 1682 insuper,
1345 1607 1518 1680 quae
1544 1597 1701 1654 sunt
1726 1595 2284 1655 sacramentorum
2312 1581 2586 1667 formae,
2611 1579 2845 1653 divina

618 1695 1038 1770 institutione
1100 1696 1508 1796 praescripta
1555 1711 1622 1769 et
1670 1694 2108 1768 determinata
2165 1709 2357 1781 sunt,
2417 1685 2635 1793 neq‘ue
2683 1718 2841 1795 pos⁴

618 1824 776 1883 sunt
828 1807 1178 1881 hominum
1238 1807 1512 1881 arbitrio
1562 1809 1922 1881 immutari.
1964 1808 2048 1881 At
2090 1807 2295 1881 verba
2319 1865 2335 1895 ,
2392 1807 2642 1906 quibus
2700 1832 2844 1881 ma-

619 1922 1003 1996 trimonium
1032 1922 1466 2010 contrahitur,
1497 1922 1862 1996 ea'ratione
1884 1948 2021 2022 qua
2042 1921 2338 1994 diximus
2356 1976 2372 2007 ‚
2413 1945 2635 2020 neque
2656 1938 2840 1995 certa

616 2038 889 2111 omnino
939 2051 1096 2109 sunt
1145 2051 1213 2109 et
1260 2036 1569 2123 definita;
1611 2037 1747 2110 imo
1780 2036 2153 2110 innumeris
2202 2036 2662 2136 loquutionum
2701 2036 2843 2109 for-

621 2149 823 2224 mulis
893 2149 1115 2249 iisque
1166 2175 1298 2222 non
1363 2149 1739 2249 synonimis
1765 2207 1780 2236 ‚
1837 2148 1957 2223 sed
2003 2149 2212 2224 variis
2262 2174 2341 2222 ac
2389 2149 2840 2224 dissimilibus

617 2265 842 2339 efferri
894 2289 935 2337 a
980 2264 1524 2339 contrahentibus
1573 2288 1696 2365 pro
1744 2264 2020 2338 arbitrio
2081 2280 2396 2365 possunt:
2452 2265 2656 2362 igitur
2706 2290 2840 2338 non

615 2395 902 2479 possunt
942 2406 1022 2454 ea
1069 2380 1274 2453 verba
1296 2436 1312 2466 ,
1369 2380 1619 2479 quibus
1670 2394 1945 2454 utuntur
1992 2404 2283 2479 sponsus
2332 2395 2398 2453 et
2447 2403 2702 2478 sponsa
2750 2379 2839 2452 ad

616 2495 1143 2569 contrahendum
1204 2521 1324 2596 pro
1372 2495 1722 2570 christiani
1776 2495 2171 2570 sacramenti
2222 2496 2582 2601 constituta
2629 2495 2843 2569 forma

617 2611 837 2709 accipi
882 2625 951 2683 et
981 2610 1263 2683 censeri.

767 2725 1145 2811 Praeterea,
1204 2749 1399 2796 nemo
1463 2725 1675 2798 nescit
1737 2725 1941 2797 verba
1965 2783 1980 2813 ,
2045 2751 2219 2824 quac
2277 2726 2556 2799 formam
2617 2751 2843 2801 sacra-

619 2853 989 2911 mentorum
1040 2838 1482 2926 constituunt,
1524 2865 1606 2913 ea
1650 2865 1805 2913 esse
1828 2899 1843 2926 ,
1902 2865 2022 2940 pro
2070 2840 2318 2940 quibus
2370 2842 2428 2914 si
2479 2842 2586 2915 vel
2638 2857 2838 2915 nutus

618 2951 725 3025 vel
778 2951 1142 3050 scriptura,
1205 2952 1310 3025 vel
1369 2952 1554 3026 aliud
1613 2953 1962 3053 quodlibet
2027 2955 2293 3052 signum
2359 2954 2834 3043 substituatur,

616 3068 840 3141 inanis
892 3067 1063 3142 actio
1113 3068 1384 3142 omnino
1435 3054 1776 3142 reddatur.
1810 3070 1949 3141 Iam
1993 3094 2150 3142 vero
2198 3069 2573 3143 concedunt
2605 3093 2840 3144 omnes

618 3196 1105 3256 sacramentum
1157 3181 1561 3256 matrimonii
1610 3181 1837 3256 valide
1880 3209 1920 3255 a
1955 3183 2499 3258 contrahentibus
2556 3183 2832 3271 confici,

622 3322 830 3397 quum
881 3322 1001 3397 pro
1050 3296 1274 3370 verbis
1300 3354 1315 3383 ‚
1373 3313 1604 3371 nutum
1660 3295 1986 3371 adhibent
2031 3297 2138 3371 vel
2182 3298 2605 3398 scriptionem
2658 3297 2843 3371 unde

618 3434 988 3484 consensus
1046 3410 1440 3483 innotescat.
1491 3410 1686 3497 Quod
1746 3411 2018 3511 quidem
2071 3412 2128 3484 si
2192 3411 2349 3510 quis
2395 3425 2568 3505 recte
2615 3412 2840 3484 consi-

619 3524 843 3614 deret,
898 3550 1031 3599 non
1080 3524 1227 3597 leve
1274 3542 1734 3623 argumentum
1794 3541 1936 3611 est,
1998 3551 2136 3626 quo
2190 3525 2397 3599 verba
2445 3526 2839 3599 contrahen-

620 3639 786 3711 tium
848 3638 1054 3711 huius
1119 3640 1515 3712 sacramenti
1593 3640 1937 3713 materiam
2003 3640 2224 3737 magis
2290 3665 2493 3739 quam
2559 3639 2840 3712 formam

619 3753 1021 3827 constituere
1056 3751 1386 3825 dicantur.
1422 3754 1633 3854 quue
1667 3780 1747 3828 eo
1779 3754 1885 3827 vel
1919 3756 2139 3851 magis
2161 3809 2178 3843 ,
2222 3752 2405 3854 quod
2455 3776 2576 3853 pro
2611 3754 2838 3827 verbis

620 3892 796 3966 quae
827 3869 1148 3942 materiae
1172 3868 1387 3942 vicem
1422 3868 1674 3942 habent
1693 3927 1709 3957 ,
1750 3869 2145 3967 intelligitur
2176 3894 2313 3969 qua
2348 3870 2605 3943 ratione
2637 3883 2837 3942 nutus

617 3979 886 4080 aliaque
948 3982 1146 4079 signa
1202 3981 1516 4056 substitui
1586 3982 1993 4084 quandoque
2052 3983 2365 4082 possint;
2432 4008 2553 4083 pro
2612 3980 2837 4056 verbis

617 4110 874 4183 autem,
920 4122 1094 4196 quae
1142 4098 1391 4173 formae
1439 4100 1654 4172 vicem
1696 4113 1965 4173 teneant
1985 4156 2001 4186 ‚
2042 4099 2198 4198 poni
2238 4097 2422 4172 nullo
2455 4097 2655 4171 modo
2689 4122 2841 4197 pos·

619 4226 810 4296 sunt,
851 4210 1412 4310 quemadmodum
1438 4213 1508 4285 in
1536 4212 1983 4312 poenitentiae
2014 4227 2430 4287 sacramento
2466 4211 2664 4285 facile
2695 4237 2840 4284 cer-

619 4324 819 4398 nitur.
851 4321 1061 4397 Verba
1110 4324 1316 4421 igitur
1361 4325 1889 4400 contrahentium
1918 4384 1933 4413 ,
1987 4352 2196 4426 quum
2232 4325 2563 4401 eiusmodi
2598 4326 2736 4401 sint
2766 4340 2840 4398 ut
