3276 5083
665 425 804 497 274
1047 445 1168 494 m.
1211 445 1256 494 1.
1301 442 1474 493 sacr.
1518 441 1776 491 Aurana.
1819 441 1898 489 ns
1950 437 2210 490 ursin.
2256 437 2469 487 clvm.

657 587 810 636 cum
845 562 1045 634 unica
1092 557 1399 632 adulterii
1443 582 1651 630 causa
1683 555 1768 628 ad
1806 554 1971 627 illud
2023 552 2400 626 faciendum
2451 550 2858 646 assignetur,

658 676 934 778 quidam
959 673 1361 748 matrimonii
1390 672 1643 771 peracti
1670 670 1957 771 pertaesi
1987 667 2117 742 sibi
2147 668 2433 742 invicem
2461 663 2864 739 adulterium

660 792 1050 893 permittunt
1080 848 1096 877 ,
1152 789 1371 887 iisque
1419 788 1490 858 in
1541 786 1875 858 adiunctis
1902 842 1918 871 ,
1972 799 2047 856 ut
2096 783 2312 883 possit
2358 780 2556 879 legali
2611 781 2869 854 ratione

657 906 964 1008 probari,
1012 922 1213 1004 atque
1246 904 1339 976 ita
1372 901 1757 998 coniugium
1807 899 2091 973 dissolvi
2140 901 2315 994 (29).
2349 898 2566 995 Atque
2617 896 2869 970 idcirco

658 1022 763 1095 lex
808 1020 962 1107 illa,
1003 1045 1176 1118 quae
1225 1018 1362 1090 lata
1410 1032 1514 1088 est
1562 1014 1651 1088 ad
1700 1012 2262 1113 compescendum
2311 1009 2747 1097 adulterium,
2786 1036 2866 1085 ex

658 1135 1007 1210 hominum
1057 1131 1312 1205 malitia
1354 1130 1439 1203 ad
1492 1127 1660 1201 illud
1710 1128 2091 1224 augendum
2143 1125 2422 1199 inservit
2477 1127 2656 1219 (3⁰).

802 1247 1142 1335 Secundo,
1199 1259 1395 1346 prout
1440 1242 1827 1339 contingere
1875 1240 2072 1313 debet
2095 1298 2111 1326 ‚
2152 1265 2271 1339 pro
2322 1264 2598 1312 numero
2647 1238 2870 1311 divor·
2938 1267 2946 1274 ·

664 1366 905 1439 tiorum
951 1362 1191 1437 crescit
1239 1359 1656 1460 polygamia,
1696 1357 1882 1443 dum,
1928 1356 2151 1429 adhuc
2184 1355 2389 1455 priori
2440 1353 2724 1450 coniuge
2769 1358 2873 1427 vi-

661 1492 857 1552 vente
888 1534 904 1565 ,
980 1475 1112 1549 alia
1168 1491 1233 1549 et
1288 1473 1423 1547 alia
1487 1470 2050 1571 superinducitur.
2108 1468 2183 1540 Id
2245 1470 2423 1541 enim
2475 1468 2747 1568 profluit
2792 1493 2872 1542 ex

662 1591 1111 1665 declaratione
1162 1587 1432 1688 perfecti
1485 1584 1752 1659 divortii
1788 1641 1803 1670 ‚
1861 1612 1997 1683 qua
2045 1584 2515 1683 unusquisque
2557 1585 2741 1656 iuxta
2785 1582 2874 1656 ci-

661 1704 859 1779 vilem
910 1703 1123 1800 legem
1176 1701 1348 1775 liber
1396 1701 1469 1772 fit
1518 1700 1603 1773 ad
1656 1724 1896 1773 novam
1947 1698 2319 1772 ducendam
2382 1723 2654 1773 uxorem
2688 1755 2704 1784 ,
2758 1712 2876 1771 aut

661 1818 748 1892 ad
775 1816 964 1890 alteri
999 1814 1384 1888 nubendum
1410 1813 1672 1887 marito.
1705 1812 2051 1911 Siquidem
2077 1811 2191 1883 hic
2215 1826 2320 1884 est
2345 1811 2530 1899 finis,
2562 1811 2649 1884 ob
2675 1837 2872 1911 quem

662 1931 992 2006 eiusmodi
1051 1929 1337 2005 divortia
1400 1930 1847 2002 decernuntur
1871 1984 1887 2013 ,
1941 1941 2017 1999 ut
2064 1926 2183 2025 qui
2234 1925 2591 2001 divortium
2646 1926 2876 1999 fecerit

662 2049 733 2121 in
773 2047 944 2121 facie
992 2044 1160 2143 legis
1185 2102 1202 2132 ‚
1260 2070 1504 2118 novum
1557 2042 1774 2142 possit
1819 2041 2212 2115 contrahere
2263 2042 2781 2115 matrimonium.

805 2161 1049 2235 Tertio.
1099 2160 1339 2233 Verum
1389 2183 1522 2231 non
1577 2157 1724 2231 sola
1772 2156 2157 2257 polygamia
2198 2156 2425 2255 aliquo
2474 2181 2677 2231 sensu
2728 2181 2877 2230 suc-

663 2276 955 2361 cessiva,
995 2301 1116 2348 seu
1151 2288 1304 2374 post
1335 2272 1548 2371 legale
1596 2271 1955 2346 divortium
2004 2297 2209 2372 penes
2263 2286 2706 2370 protestantes
2755 2270 2874 2345 ob-

664 2390 868 2476 tinet,
923 2390 1045 2464 sed
1104 2389 1255 2489 ipsa
1306 2388 1688 2489 polygamia
1738 2387 2138 2461 simultanea
2188 2413 2322 2461 non
2373 2400 2476 2460 est
2525 2386 2830 2459 inaudita
2854 2442 2873 2472 ‚

665 2504 729 2580 vi
756 2503 950 2579 cuius
975 2529 1153 2577 unus
1189 2503 1503 2603 idemque
1536 2502 1773 2576 eodem
1808 2517 2104 2600 tempore
2135 2500 2306 2575 duas
2327 2558 2344 2589 ‚
2374 2515 2490 2574 aut
2513 2515 2648 2574 tres
2677 2499 2879 2574 etiam

664 2618 912 2692 habeat
934 2643 1200 2691 uxores.
1234 2619 1332 2689 Ex
1358 2644 1492 2717 quo
1518 2618 1698 2691 enim
1725 2616 2008 2690 facultas
2043 2616 2201 2689 data
2232 2632 2336 2690 est
2360 2613 2670 2713 Philippo
2703 2614 2878 2690 duas

666 2732 995 2806 retinendi
1036 2758 1308 2821 uxores,
1352 2732 1481 2805 hoc
1519 2733 1899 2830 exemplum
1935 2733 2004 2804 in
2040 2732 2209 2804 alios
2244 2729 2687 2830 perniciosam
2722 2755 2880 2827 pra-

665 2871 791 2921 vae
838 2845 1231 2919 imitationis
1279 2848 1588 2921 virtutem
1623 2846 1860 2921 habuit
1885 2906 1901 2935 ,
1943 2847 2111 2921 adeo
2158 2863 2234 2920 ut
2281 2846 2475 2945 plura
2523 2862 2879 2920 occurrant

667 2961 837 3035 facta
871 2960 939 3031 in
977 2962 1444 3060 protestantica
1491 2962 1776 3036 historia
1809 2965 1985 3058 (31).
2029 2962 2210 3035 Haec
2248 2961 2522 3061 quidem
2575 2961 2876 3035 inaudita

816 3183 917 3244 (29)
946 3181 1027 3232 ci.
1049 3181 1309 3243 Avogadro
1331 3195 1410 3245 op.
1435 3183 1521 3232 cit.
1551 3185 1733 3233 Teoria
1766 3182 1856 3232 del
1887 3186 2223 3233 matrimonio
2245 3184 2368 3233 tom.
2390 3186 2428 3231 1.
2451 3195 2562 3245 cap.
2583 3185 2713 3232 xvi.

816 3260 916 3323 (30)
946 3260 1198 3311 Diximus:
1224 3264 1331 3311 Lex
1355 3261 1607 3312 hactenus
1638 3265 1840 3325 πρίαμ·
1860 3275 1974 3312 nam
2015 3276 2179 3313 mense
2218 3263 2348 3311 Iunii
2378 3275 2458 3311 an.
2487 3265 2602 3312 1857
2644 3261 2754 3323 post
2774 3261 2875 3310 lon·

566 3397 579 3402 -
670 3351 781 3402 garn
819 3337 1170 3388 discussionem
1191 3337 1456 3401 variasque*
1472 3340 1742 3402 propositas
1762 3339 2128 3391 emendationes
2149 3341 2423 3404 propositae
2440 3340 2559 3403 legis
2580 3339 2643 3390 de
2662 3339 2878 3389 divortio

670 3419 870 3482 propter
904 3417 1232 3480 adulterium,
1266 3418 1461 3468 demum
1503 3419 1724 3470 clausula
1745 3419 1795 3468 in
1819 3419 2034 3468 comitiis
2066 3420 2434 3482 superioribus(
2455 3433 2539 3470 seu
2561 3433 2690 3483 quae
2706 3418 2880 3470 dicunt

662 3496 858 3558 Lon-ds)
887 3497 1090 3561 probata
1121 3498 1244 3561 fuit,
1282 3511 1380 3561 qua
1401 3497 1631 3549 statuitm·
1662 3498 1928 3549 divortium
1952 3500 2152 3562 propter
2180 3498 2475 3550 adulterium
2497 3499 2565 3551 ita
2582 3499 2688 3550 fieri
2709 3511 2878 3562 posse,

666 3579 740 3641 ut,
769 3575 932 3627 soluto
963 3577 1217 3640 coniugio,
1258 3580 1464 3640 uterque
1498 3577 1678 3628 coniux
1711 3578 1866 3640 possit
1895 3578 2017 3628 allas
2055 3579 2253 3641 nuptias
2283 3578 2553 3640 celebrare,
2590 3581 2641 3628 et
2677 3577 2878 3641 quidem

673 3656 801 3706 inter
822 3655 1098 3707 adulterum
1124 3656 1175 3706 et
1202 3655 1490 3706 adulteram.
1515 3657 1594 3707 cr.
1618 3658 1837 3706 Univers
1871 3664 1942 3708 12.
1965 3655 2080 3706 Juin
2106 3661 2241 3709 1857.
2265 3657 2494 3708 Nondum
2520 3660 2683 3708 tamen
2707 3658 2779 3706 lex
2803 3660 2880 3707 est

666 3736 872 3786 sancita.
910 3735 1341 3786 Animadversione
1369 3738 1529 3786 autem
1561 3736 1764 3799 dignum
1806 3738 1904 3799 est,
1944 3738 2114 3787 eodem
2147 3739 2364 3801 tempore
2379 3775 2395 3801 ‚
2440 3753 2539 3802 quo
2573 3740 2626 3788 in
2664 3738 2880 3788 comitiis

669 3813 1057 3866 berolinensibus
1078 3814 1384 3878 agebatur-de
1397 3816 1704 3866 coarctandis
1724 3816 1885 3867 causis
1900 3816 2119 3880 divortii,
2133 3818 2183 3867 in
2196 3817 2409 3868 comitiis
2421 3817 2701 3870 britannicis
2713 3819 2880 3868 actum

664 3892 817 3943 fuerit
834 3893 897 3943 de
916 3894 996 3943 via
1019 3894 1225 3944 faciliori
1245 3894 1503 3944 sternenda
1523 3894 1764 3944 divortiis.

818 3971 917 4034 (31)
947 3974 1075 4023 satis
1108 3973 1219 4025 heic
1254 3974 1320 4024 sit
1353 3973 1531 4023 reterre
1566 3974 1845 4038 exemplum
1870 3974 2197 4040 polygamiae,
2221 3977 2356 4041 quod
2395 3992 2506 4038 rex,
2542 3977 2880 4041 evanqelicus

671 4041 783 4096 κατ’
819 4042 1024 4115 ἕξοχήν,
1058 4055 1226 4117 paucis
1251 4053 1311 4103 ab
1334 4054 1449 4103 hinc
1467 4053 1607 4103 annis
1624 4053 1810 4104 mundo
1830 4054 2069 4117 praebuit.
2092 4058 2262 4119 ltaque
2286 4056 2471 4106 Frider.
2497 4056 2789 4107 Gnilielmus
2808 4059 2873 4107 11.

672 4127 926 4179 Borusslae
953 4142 1039 4179 rex
1074 4133 1207 4194 prius
1230 4132 1506 4196 repudiavit
1527 4146 1728 4183 uxorem
1748 4145 1886 4182 suam
1907 4132 2233 4184 Elisabetham
2250 4135 2678 4186 Brnnswiciensem
2692 4173 2708 4198 ,
2732 4135 2878 4185 sutre-

669 4207 836 4270 citqne
851 4206 958 4258 eius
979 4210 1088 4259 loeo
1107 4210 1272 4273 aliam,
1290 4211 1478 4262 seilicet
1496 4212 1647 4262 tiliam
1662 4212 1892 4277 principis
1906 4213 2121 4263 limiae.
2134 4214 2320 4265 Deinde
2335 4216 2455 4277 quin
2473 4216 2600 4265 bane
2613 4213 2877 4266 secundam

674 4285 952 4351 repudiaret
981 4301 1180 4339 uxorein
1197 4327 1213 4353 ,
1250 4291 1590 4354 superinduxit
1620 4291 1988 4342 comitissimam
2019 4294 2184 4343 Woss.
2210 4297 2375 4356 Neque
2397 4294 2473 4343 his
2491 4295 2782 4356 contentus,
2804 4295 2876 4344 vi⁴

669 4370 813 4419 vente
831 4367 992 4418 adhuc
1013 4368 1173 4434 priore
1193 4369 1445 4434 repudiata
1470 4371 1678 4436 aliisque
1709 4370 1923 4435 duabus,
1962 4373 2195 4424 voluisset
2219 4373 2374 4424 aliam
2415 4372 2611 4438 ducere,
2636 4373 2723 4426 sed
2743 4387 2877 4426 scru-
