3276 5083
557 447 1374 503 mr.1v.nxrsnn.ane.nn
1400 407 1539 500 um.
1562 445 1734 498 sion.
1763 448 1900 499 aar.
1923 447 1992 497 11.
2020 447 2161 506 Ana.
2187 447 2366 498 τω.
2476 427 2608 497 119

408 571 624 643 dabat:
674 568 819 665 qu
864 567 1110 663 accipio
1162 579 1217 636 te
1265 567 1338 636 in
1382 589 1613 646 meum.
1655 562 1739 634 In
1789 563 1890 634 his
1940 566 2110 636 enim
2152 565 2415 650 vocibus
2465 591 2613 637 con-

409 687 593 758 sistit
637 686 738 756 vis
783 706 1026 779 magna
1072 695 1135 754 et
1178 681 1659 754 matrimonium
1708 680 2109 758 contrahitur
2143 683 2369 775 (27).»

565 799 894 898 Hactenus
943 794 1212 896 quidem
1264 793 1377 868 ille
1396 851 1412 880 ,
1454 794 1522 866 in
1557 819 1693 893 quo
1727 810 1947 867 tamen
1983 792 2263 892 probare
2298 818 2428 874 non
2465 820 2615 893 pos-

410 940 562 987 sum
586 971 602 999 ,
645 911 823 1012 quod
877 910 1122 985 tribuat
1169 909 1565 984 contrariam
1613 899 1998 1008 opinionem
2027 909 2454 993 scholasticis,
2497 910 2612 1009 qui

410 1029 630 1126 potius
682 1025 970 1098 maxime
1017 1025 1103 1098 ab
1152 1051 1232 1097 ea
1282 1023 1803 1111 abhorruerunt,
1842 1024 2003 1096 dum
2035 1023 2262 1097 verius
2296 1050 2443 1100 eam
2482 1041 2614 1097 tra-

407 1141 724 1216 diderunt
774 1140 1058 1236 theologi
1095 1138 1481 1237 praesertim
1501 1195 1518 1223 ,
1560 1138 1678 1238 qui
1703 1140 1978 1236 positivi
2007 1138 2311 1213 audiunt.
2345 1138 2613 1216 Interim

405 1284 491 1329 ex
522 1257 722 1331 dictis
757 1255 1103 1330 inferimus
1139 1254 1381 1327 falsum
1418 1278 1694 1353 prorsus
1729 1275 1883 1326 esse
1905 1309 1922 1340 ,
1963 1243 2145 1351 quod
2178 1253 2288 1328 isti
2324 1252 2614 1350 theologi

408 1372 828 1445 affirmarunt
875 1395 1237 1470 numquam
1287 1394 1417 1442 non
1467 1369 1891 1444 existimasse
1938 1367 2288 1474 ecclesiam
2337 1394 2474 1467 per
2505 1393 2617 1448 sa«-

408 1485 739 1560 cerdotem
791 1484 1083 1582 coniugii
1133 1499 1619 1560 sacramentum
1670 1482 2162 1569 administrari,
2217 1497 2286 1556 et
2331 1484 2609 1579 gratiam

406 1600 715 1674 conferri.
766 1601 974 1673 Immo
1019 1625 1178 1676 vero
1228 1614 1365 1676 tuto
1416 1598 1761 1672 adstruere
1826 1619 2188 1695 possumus
2248 1617 2613 1694 numquam

400 1713 793 1799 ecclesiam,
836 1712 1017 1812 quod
1050 1712 1458 1788 contendunt
1489 1710 1819 1783 eiusmodi
1855 1711 2250 1786 recentiores
2294 1708 2605 1807 theologi,

402 1829 850 1902 existimasse.
917 1827 1110 1914 Quod
1171 1845 1302 1902 non
1367 1825 1578 1901 solum
1637 1826 1954 1901 evincunt
2001 1825 2225 1899 omnia
2273 1849 2388 1911 ea,
2440 1847 2614 1925 quae

405 1943 734 2016 hactenus
768 1942 1260 2028 enarravimus,
1296 1940 1421 2016 sed
1452 1939 1722 2038 plenius
1757 1940 1979 2012 adhuc
2011 1939 2400 2078 ostendent,
2438 1961 2612 2040 quae

407 2057 606 2156 paulo
654 2072 808 2155 post
855 2055 1095 2130 dicturi
1147 2082 1403 2130 sumus.

554 2171 650 2242 Ne
696 2186 914 2248 autem
965 2169 1267 2248 consulto
1314 2171 1832 2270 praetermittere
1862 2171 2243 2255 videamur,
2280 2191 2458 2270 quae
2492 2196 2611 2270 pro

412 2285 545 2358 hac
589 2286 911 2360 sententia
959 2287 1027 2358 in
1078 2285 1369 2360 medium
1422 2285 1678 2384 prolata
1728 2301 1886 2357 sunt
1925 2310 2006 2358 ex
2048 2284 2327 2360 concilio
2373 2282 2615 2362 latera-r·

410 2400 605 2474 nensi
643 2401 759 2471 111.
790 2426 832 2474 a
862 2417 1001 2500 quo
1033 2400 1423 2506 prohibetur
1468 2400 1829 2499 quominus
1882 2398 2195 2473 sacerdos
2241 2398 2611 2498 quidquam

407 2515 685 2615 recipiat
697 2543 821 2614 pro
857 2514 1298 2591 benedicendis
1321 2517 1601 2614 nuptiis,
1634 2543 1747 2589 seu
1769 2516 1927 2589 aliis
1952 2515 2382 2617 sacramentis
2403 2516 2614 2613 conse-

402 2631 650 2705 rendis.
667 2632 739 2702 Si
759 2632 1104 2731 quidpiam
1137 2631 1517 2706 evincerent
1546 2630 1875 2705 eiusmodi
1903 2631 2129 2717 verba,
2164 2631 2412 2730 pariter
2433 2631 2609 2707 evin·

400 2764 633 2820 cerent
648 2748 1100 2823 :sacramentis
1134 2774 1285 2821 esse
1321 2746 1770 2821 accensendas
1805 2760 2214 2831 mortuorum
2247 2746 2604 2846 exequias,

406 2860 1125 2959 sepulturam-aliaque
1158 2860 1523 2946 eiusmodi,
1565 2846 1739 2959 quae
1772 2860 1843 2931 in
1863 2859 2110 2937 {eodem
2144 2860 2412 2937 decreto
2437 2885 2612 2935 com-

410 2984 860 3049 memorantur
906 3000 1041 3047 una
1086 3000 1239 3048 cum
1285 2972 1743 3049 benedictione
1795 2972 2180 3071 nuptiarum
2203 2988 2278 3045 ‘et
2311 2973 2476 3046 aliis·
2504 2999 2614 3046 sa·-

406 3090 781 3161 cromon‘tis.
806 3090 1040 3163 Verum
1072 3104 1140 3161 et
1171 3089 1301 3163 hoc
1348 3074 1817 3187 praetermisso
1840 3145 1856 3174 ,
1897 3113 1977 3161 ea
2011 3087 2137 3195 hoc
2172 3086 2321 3183 ipso
2343 3088 2422 3165 ,in
2456 3112 2614 3165 oon-

412 3203 565 3279 cilio
614 3220 1008 3291 occurrunt,
1044 3230 1221 3303 quae
1269 3205 1687 3289 sententiam,
1727 3202 1817 3276 de
1848 3228 1987 3301 qua
2019 3200 2305 3298 agimus,
2335 3201 2612 3299 ‚penitus

410 3334 732 3392 evertunt.
765 3319 1024 3393 Etenim
1062 3318 1188 3394 sub
1223 3319 1322 3392 tit.
1349 3320 1443 3421 De
1474 3318 1884 3416 sponsalibus
1917 3332 1978 3391 ot
2011 3317 2416 3395 mtrimom‘o,
2439 3342 2509 3386 n.
2537 3319 2603 3389 8.

416 3431 583 3505 haec
625 3432 965 3530 leguntur:
1014 3433 1261 3519 «Quod
1310 3434 1371 3507 si
1422 3434 1537 3532 qui
1588 3448 1820 3506 mutuo
1868 3458 2199 3511 consensu
2249 3457 2323 3511 se
2371 3432 2459 3505 ad
2510 3432 2614 3533 in<-

416 3545 625 3620 vicem
675 3548 1071 3646 receperint,
1127 3548 1456 3622 dicentes:
1506 3548 1657 3645 'qu
1709 3563 1767 3621 te
1815 3550 1886 3619 in
1923 3562 2173 3640 meam,
2228 3562 2328 3631 et,
2364 3546 2505 3643 qu
2556 3562 2611 3617 te

414 3661 487 3731 in
535 3688 741 3737 noeum
784 3665 1060 3760 recipio:
1113 3661 1269 3737 licet
1314 3662 1481 3737 alter
1526 3688 1756 3737 eorum
1806 3661 1922 3737 alii
1972 3678 2204 3760 postea
2235 3686 2312 3735 se
2343 3660 2615 3759 copula-

409 3775 617 3862 verit,
673 3776 881 3851 debet
897 3777 987 3850 ab
1019 3804 1099 3853 eo
1130 3778 1234 3850 vel
1269 3777 1353 3850 ab
1387 3804 1467 3851 ea
1500 3778 1834 3881 separari,
1893 3777 2046 3852 licet
2094 3775 2382 3851 carnalis
2432 3801 2610 3853 com-

406 3891 639 3965 mixtio
673 3893 843 3966 inter
873 3918 991 3967 eos
1025 3894 1222 3967 fuerit
1255 3893 1613 3968 subsecuta
1635 3896 1811 3988 (28).
1828 3893 2140 3979 »Quibus
2177 3909 2357 3992 patet
2385 3918 2613 3969 verum

409 4005 641 4102 perfici
688 4007 1090 4082 matrimonii
1125 4025 1610 4083 sacramentum
1649 4007 1792 4082 solo
1825 4022 2053 4082 mutuo
2089 4008 2614 4083 contrahentium

405 4142 746 4194 consensu
796 4121 1052 4221 absque
1099 4122 1464 4196 sacerdotis
1512 4120 1994 4207 benedictione.
2053 4122 2187 4197 Sub
2240 4123 2335 4197 tit.
2395 4137 2608 4195 autem

474 4350 477 4353 -
550 4262 1235 4369 ‹vimaranimffi'
1511 4315 1561 4331 ..

550 4381 655 4444 (²⁸)
690 4383 826 4446 ΑΜ
849 4385 1004 4435 Μωῑ
1025 4387 1151 4448 Μ
1174 4388 1260 4436 vl.
1279 4386 1376 4437 col.
1400 4394 1504 4437 251.
