3276 5083
510 454 649 503 cn.
679 452 770 502 iv.
793 448 1061 501 sxrrun.
1087 448 1229 500 aaa.
1252 449 1330 500 nr
1354 448 1495 500 um.
1517 448 1700 499 ssent
1718 448 1857 498 aar.
1877 448 1948 498 n.
1971 447 2114 497 Ano.
2141 446 2319 497 rium.
2427 423 2558 494 121

364 568 528 668 plici
579 568 707 640 ritu
730 622 748 654 ,
804 567 923 667 qui
975 566 1046 638 in
1097 565 1300 640 variis
1342 564 1688 651 ecelesiis,
1728 589 1848 638 seu
1881 564 2241 662 provinciis
2290 562 2575 638 obtinuit

366 709 452 756 ae
502 681 786 767 obtinet,
843 696 1076 780 postea
1120 681 1557 754 disseremus,
1626 689 1629 690 *

519 798 613 869 Ex
666 796 793 868 bae
839 796 1139 869 omnium
1174 811 1242 868 et
1273 794 1689 892 singulorum
1722 794 2264 868 documentorum
2312 792 2575 867 diseas·

370 913 592 997 sione,
649 937 825 1010 quae
875 910 962 985 ab
1011 910 1213 984 buius
1265 908 1634 983 sententiae
1666 909 1990 1008 petronis,
2030 934 2111 982 ex
2146 908 2473 1008 patribus,
2514 924 2581 982 et

368 1055 452 1102 ex
478 1028 876 1126 antiquitate
906 1025 1359 1099 ecclesiastiea
1394 1025 1819 1124 proferuntur
1837 1083 1852 1112 ,
1895 1050 2177 1123 pronum
2192 1039 2306 1097 -est
2336 1022 2578 1096 inferre

368 1142 628 1215 nullum
671 1167 949 1240 prorsus
1001 1140 1311 1238 reperiri,
1353 1140 1531 1239 quod
1567 1139 1730 1212 huie
1766 1139 2014 1238 placito
2047 1138 2574 1224 fundamentum,

368 1272 490 1328 aut
538 1254 917 1328 subsidium
968 1254 1313 1352 praebeat,
1357 1253 1559 1327 immo
1592 1253 1789 1352 plura
1823 1277 1978 1326 esse
2010 1277 2185 1351 quae
2216 1266 2335 1325 aut
2364 1250 2580 1324 eidem

376 1366 578 1465 plane
615 1368 1084 1454 adversentur,
1122 1384 1241 1443 aut
1272 1391 1449 1467 quae
1496 1367 1581 1440 de
1628 1365 1763 1440 alia
1809 1366 2082 1441 omnino
2117 1365 2358 1440 resim
2389 1364 2585 1440 intel-

378 1482 664 1579 ligenda.
2071 1487 2078 1494 “

1204 1680 1614 1738 ARTICULUS
1655 1680 1754 1736 111.

1117 1869 1473 1947 Argumenta
1498 1869 1839 1947 theologica.

456 2155 461 2162 υ
521 2065 665 2138 Non
715 2079 819 2137 est
864 2062 1044 2161 quod
1080 2063 1165 2136 iis
1201 2061 1660 2149 immoremur,
1703 2062 1953 2162 quibus
1983 2062 2214 2135 Canus
2248 2061 2379 2135 sibi
2412 2063 2588 2135 viam

384 2192 578 2277 parat
607 2178 692 2250 ad
723 2199 913 2251 suam
962 2176 1434 2250 adstruendam
1486 2177 1923 2263 sententiam;
1974 2201 2169 2249 nemo
2216 2176 2393 2250 enim
2441 2201 2591 2248 um-

384 2318 592 2391 quam
638 2292 723 2366 de
766 2291 901 2366 {ide
947 2317 1100 2365 esse
1151 2290 1504 2365 affirmavit
1552 2290 2047 2365 matrimonium
2084 2289 2231 2363 sine
2272 2290 2590 2364 ecelesiae

382 2406 688 2480 ministro
717 2420 1127 2480 contractum
1151 2404 1306 2479 vere
1331 2421 1399 2478 et
1424 2403 1692 2503 proprie
1722 2427 1874 2477 esse
1908 2418 2427 2491 sacramentum,
2470 2428 2591 2477 seu

376 2522 561 2622 quod
608 2521 788 2596 idem
837 2537 941 2596 est
961 2579 978 2607 ‚
1044 2521 1510 2597 contrahentes
1559 2545 1713 2595 esse
1759 2518 1964 2593 huius
2013 2520 2413 2594 sacramenti
2469 2520 2595 2592 mi-

378 2638 652 2711 nistros.
695 2637 862 2710 Nam
897 2637 957 2710 si
993 2637 1079 2710 de
1112 2637 1247 2710 fide
1281 2638 1555 2724 fuisset,
1612 2637 1761 2737 ipse
1811 2637 2105 2736 profecto
2153 2658 2301 2710 eam
2351 2636 2596 2710 doetri-

380 2778 533 2826 nam
571 2777 933 2851 numquam
969 2752 1242 2825 adortus
1276 2752 1516 2826 fuisset
1538 2808 1554 2839 ‚
1598 2778 1817 2853 neque
1852 2778 2042 2826 suam
2069 2751 2166 2824 illi
2194 2751 2597 2827 substituere

382 2882 848 2966 pertentasset.
902 2866 1182 2941 Abunde
1239 2867 1433 2941 nobis
1483 2868 1735 2942 suffieit
1782 2894 1929 2942 eam
1980 2885 2227 2942 eertam
2291 2869 2597 2968 explora·

385 3000 657 3083 tamque
707 3006 913 3080 penes
966 3006 1199 3057 omnes
1245 2980 1337 3056 ad
1373 2983 1628 3056 Canum
1679 3009 1896 3084 usque
1947 2984 2284 3071 extitisse,
2324 2984 2481 3058 lieet
2512 2984 2599 3058 de

388 3096 517 3171 fide
546 3122 684 3171 non
718 3112 919 3179 esset.
947 3096 1095 3183 Quo
1130 3097 1464 3197 praeiaeto
1495 3098 1962 3187 fundamento,
1995 3123 2174 3172 nune
2205 3097 2598 3195 singillatim

384 3228 524 3284 tum
574 3236 753 3310 quae
798 3210 1023 3284 Canus
1073 3211 1262 3311 prius
1312 3211 1684 3310 theologica
1744 3227 2135 3310 argumenta
2200 3210 2447 3286 invexit
2510 3211 2597 3285 ad

384 3341 719 3424 receptam
770 3324 1093 3399 haetenus
1133 3324 1514 3398 >doctrinam
1563 3324 2066 3399 concutiendam
2111 3341 2181 3399 et
2221 3324 2308 3398 ad
2359 3324 2598 3399 novam

390 3439 804 3512 suadendam
868 3436 1535 3539 persuadendamque
1561 3497 1576 3528 ‚
1644 3465 2125 3540 persequemur
2155 3498 2172 3528 ‚
2230 3457 2367 3513 tum
2426 3440 2602 3539 quae

392 3552 817 3652 insequentes
869 3552 1156 3651 theologi
1210 3555 1280 3626 in
1332 3554 1636 3629 eumdem
1693 3555 1892 3629 finem
1943 3556 2352 3631 adiecerunt.

532 3667 623 3740 Ac
656 3668 875 3766 primo
908 3667 1196 3765 gratuito
1238 3669 1512 3744 omnino
1561 3673 1846 3745 assumit
1874 3672 2100 3746 Canus
2137 3672 2441 3744 mutuum
2474 3672 2599 3745 viri

385 3782 851 3882 foeminaeque
900 3809 1304 3859 eonsensum
1329 3843 1345 3872 ,
1402 3811 1563 3873 seu,
1614 3802 1694 3859 ut
1743 3788 1890 3886 ipse
1950 3788 2278 3887 loquitur,
2327 3789 2604 3886 profane

386 3913 799 3971 contractum
864 3900 1357 3975 matrimonium
1410 3926 1565 3974 esse
1612 3928 1747 3975 non
1801 3928 2004 4001 posse
2051 3904 2320 4000 signum
2370 3902 2605 3977 efficax

384 4012 678 4108 gratiae3
718 4012 849 4087 hoc
882 4014 1034 4113 ipso
1081 4015 1259 4089 enim
1311 4014 1491 4115 quod
1527 4015 1836 4089 Christus
1888 4016 2256 4091 naturalem
2309 4017 2600 4115 coniugii

386 4143 797 4200 eontractum
848 4128 931 4200 ad
983 4129 1377 4202 sacramenti
1429 4130 1820 4227 dignitatem
1873 4130 2087 4204 evexit
2137 4159 2256 4230 per
2297 4132 2605 4206 adiectio-

390 4266 539 4312 nem
597 4243 893 4339 gratiae,
953 4258 1133 4343 patet
1196 4246 1419 4343 ipsum
1473 4271 1592 4345 per
1643 4272 1716 4319 se
1768 4272 1994 4320 revera
2043 4248 2310 4345 signum
2368 4248 2605 4321 efficax

385 4357 642 4451 gratiae
676 4383 850 4431 esse.
882 4358 1198 4457 Adeoque
1247 4360 1511 4457 signum
1565 4361 1692 4435 hoe
1742 4362 2000 4463 absque
2050 4363 2188 4438 ullo
2236 4363 2602 4437 sacerdotis
