3276 5083
577 409 718 458 cn.
745 408 832 457 tv.
859 408 1127 458 nxrssnn.
1148 410 1293 460 ARG-
1315 412 1395 461 DE
1423 413 1561 463 um.
1585 413 1759 462 sAcn.
1782 414 1923 464 Aur.
1944 414 2011 464 11.
2032 418 2174 466 ARG-
2204 419 2383 469 run.
2507 399 2642 469 ¹03

421 528 846 600 coniunctam
869 583 885 613 ‚
930 528 1265 624 suggerite
1291 527 1428 616 illi,
1472 546 1544 601 ut
1580 555 1711 603 non
1748 531 2027 605 moleste
2076 534 2242 609 ferat
2280 535 2645 633 legitimam

421 641 601 715 sibi.
638 700 651 710 .
682 700 694 712 .
730 640 1181 714 .mconciliari
1225 668 1496 716 uxorem
1552 645 1732 739 (4).»
1768 646 1970 720 Porro
2018 674 2098 720 ex
2149 648 2257 723 his
2307 649 2517 750 liquet
2574 654 2643 726 in

423 756 618 829 bisce
665 757 1007 854 rescriptis
1059 757 1463 846 coniunctim
1515 759 1623 856 agi
1659 760 1748 832 de
1783 761 2088 849 indiciis,
2150 763 2397 863 quihus
2447 764 2645 864 legati

423 869 751 968 pontificii
778 869 1093 943 certiores
1116 869 1352 944 fierent
1367 871 1451 944 de
1467 887 1827 970 contracto,
1845 890 1959 947 aut
1978 901 2110 949 non
2135 894 2469 952 contracto
2494 905 2648 954 con-

424 986 629 1082 iugio,
662 984 836 1056 inter
869 1010 1043 1083 quae
1077 1001 1462 1060 recensetur
1495 987 1664 1061 ritus
1691 986 2044 1077 ecclesiae,
2080 993 2643 1091 quemadmodum

421 1115 854 1174 recensentur
887 1115 1090 1173 testes
1116 1117 1183 1174 et
1205 1101 1320 1174 dos
1345 1105 1706 1200 promissa,
1739 1103 2043 1204 adeoque
2067 1105 2398 1180 eiusmodi
2424 1134 2647 1182 sacer-

420 1216 601 1290 dotis
646 1215 1030 1289 benedictio
1080 1216 1358 1314 perinde
1393 1216 1568 1291 valet
1615 1244 1695 1293 ac
1736 1219 2007 1317 publica
2055 1223 2527 1320 manifestatio,
2579 1241 2644 1298 et

421 1331 599 1403 nihil
624 1347 999 1432 praeterea;
1032 1357 1168 1430 qua
1192 1332 1466 1431 publica
1491 1333 2028 1426 manifestatione
2052 1353 2307 1434 poterat
2337 1353 2641 1413 constare

420 1446 511 1521 de
559 1472 714 1521 vero
762 1446 1185 1520 matrimonio
1234 1447 1398 1521 inito
1448 1448 1620 1521 inter
1668 1449 2048 1522 Lotharium
2083 1467 2150 1524 et
2179 1451 2632 1527 Waldradam.

417 1562 502 1635 Et
538 1562 609 1633 hi
650 1561 931 1662 proinde
986 1577 1201 1636 textus
1252 1577 1589 1663 tamquam
1644 1563 1866 1638 minus
1917 1567 2270 1666 opportuni
2317 1549 2486 1642 ‘sunt
2534 1596 2642 1643 se-

420 1676 745 1776 ponendi:

561 1792 859 1880 Quartus
909 1811 1013 1869 est
1064 1795 1698 1894 pseudo-Evaristus
1720 1853 1750 1893 ,b
1783 1822 1862 1870 ac
1906 1796 2186 1870 refertur
2235 1824 2276 1870 a
2327 1798 2637 1874 Gratiano

423 1908 644 1980 Causa
692 1908 890 1979 XXX.
938 1935 1054 2007 qu.
1101 1911 1215 1980 10.
1261 1935 1321 1981 c.
1358 1911 1425 1980 1.
1462 1910 1687 1994 Aliter,
1735 1925 1799 1982 et
1844 1911 1936 1983 ita
1978 1936 2053 1984 se
2095 1910 2329 1984 habet:
2383 1912 2640 1988 «Aliter

412 2022 594 2095 enim
627 2022 994 2119 legitimum
1039 2026 1164 2119 (ut
1194 2050 1236 2097 a
1268 2023 1571 2122 patribus
1617 2025 2035 2123 accepimus,
2081 2017 2446 2127 eorumque
2481 2053 2638 2102 suc-

419 2135 799 2209 cessoribus
850 2135 1166 2223 traditum
1220 2136 1645 2232 invenimus)
1696 2164 1829 2210 non
1879 2138 1966 2210 sit
2014 2138 2398 2235 coniugium
2429 2197 2443 2224 ,
2502 2142 2633 2214 nisi

420 2249 512 2322 ab
550 2249 693 2336 his,
725 2251 1078 2350 quisuper
1113 2252 1334 2348 ipsam
1378 2251 1734 2323 foeminam
1771 2251 2293 2324 dominationem
2323 2253 2639 2326 videntur

418 2364 698 2452 habere,
753 2382 827 2439 et*
864 2392 917 2452 a⁴
955 2365 1205 2464 quibus
1271 2365 1645 2438 custoditur
1664 2422 1688 2468 ,ι
1738 2391 1904 2438 uxor
1954 2380 2261 2464 petatur,
2320 2384 2384 2439 et
2433 2393 2474 2439 a
2526 2395 2638 2467 pa-

386 2467 753 2567 rentibus,
809 2496 927 2553 aut
984 2479 1580 2580 propinquioribus
1632 2494 1990 2579 sponsetur
2020 2536 2036 2566 ,
2092 2495 2157 2553 et
2206 2479 2467 2578 legibus
2518 2481 2638 2557 do-

411 2611 585 2669 tetur
611 2654 626 2681 ,
682 2611 752 2668 et
800 2621 924 2669 suo
976 2610 1272 2693 tempore
1329 2593 1826 2668 sacerdotaliter
1887 2598 1912 2690 (
1952 2610 2025 2668 ut
2075 2621 2218 2669 mos
2273 2601 2422 2692 est)
2484 2624 2634 2671 cum

410 2709 729 2809 precibus
766 2725 831 2782 et
863 2708 1313 2783 oblationibus
1339 2736 1380 2782 a
1405 2708 1751 2783 sacerdote
1784 2709 2240 2797 benedicatur,
2283 2727 2350 2784 et
2372 2738 2413 2784 a
2440 2739 2639 2812 para-

412 2823 735 2923 nymphis
777 2827 892 2920 (ut
914 2824 1322 2897 consuetudo
1349 2825 1581 2918 docet)
1627 2824 1957 2897 custodita
1993 2825 2117 2912 sit,
2161 2840 2226 2897 et
2258 2827 2635 2901 consociata

416 2965 458 3010 a
506 2937 826 3038 proximis
893 2953 1189 3037 tempore
1252 2963 1543 3034 congruo
1593 2938 1797 3037 petita
1823 2996 1837 3025 ‚
1895 2924 2155 3034 legibus
2206 2938 2467 3012 dotetur
2500 2999 2514 3027 ,
2571 2956 2634 3013 et

416 3048 797 3124 solemniter
845 3051 1251 3150 accipiatur,
1290 3067 1355 3123 et
1379 3049 1586 3123 biduo
1636 3048 1742 3123 vel
1793 3050 2013 3123 triduo
2064 3051 2477 3125 orationibus
2516 3079 2634 3125 va-

415 3181 565 3238 cent
606 3182 675 3239 et
721 3166 1095 3265 castitatem
1138 3164 1992 3239 custodiant.»Absurdum
2042 3191 2199 3239 vero
2249 3182 2429 3239 esset
2475 3192 2635 3240 con-

419 3280 687 3365 tendere
722 3279 889 3353 haec
922 3280 1175 3367 omnia,
1210 3305 1383 3378 quae
1429 3279 1757 3352 recensita
1792 3295 1972 3367 sunt,
2006 3296 2303 3381 spectare
2344 3281 2430 3354 ad
2475 3282 2636 3353 sub-

423 3394 729 3467 stantiam
784 3396 1128 3493 coniugii;
1187 3422 1335 3468 cum
1400 3412 1618 3467 tamen
1669 3393 1901 3467 eadem
1965 3394 2219 3468 ratione
2285 3397 2508 3470 omnia
2570 3412 2635 3468 et

422 3507 683 3605 singula
733 3511 1158 3609 requirantur
1196 3508 1281 3581 ab
1320 3509 1449 3581 hac-
1485 3509 1718 3607 spuria
1768 3507 2118 3595 decretali,
2159 3536 2238 3583 ac
2272 3510 2633 3609 requiritur

418 3622 787 3699 benedictio
838 3623 1307 3711 sacerdotalis,
1342 3650 1624 3723 pronum
1654 3639 1757 3696 est
1783 3623 2026 3697 inferre
2059 3650 2138 3696 ex
2174 3641 2392 3697 mente
2435 3625 2631 3698 istius

415 3738 625 3813 falsae
648 3738 998 3814 decretalis
1043 3765 1164 3812 nec
1206 3764 1351 3811 eam
1376 3738 1462 3811 ad
1491 3738 1933 3812 substantiam
1969 3740 2364 3812 sacramenti
2402 3741 2633 3813 matri-

415 3855 620 3928 monii
674 3855 1025 3955 pertinere.
1079 3854 1391 3954 Spectare
1440 3868 1780 3952 praeterea
1828 3853 2357 3929 benedictionem
2410 3880 2630 3928 sacer-

556 4115 629 4179 (4)
660 4116 725 4165 ui
754 4116 916 4166 textus
947 4115 1219 4165 reseruntur
1241 4129 1270 4165 a
1292 4115 1526 4165 Gratiano
1556 4115 1732 4165 Causa
1749 4117 1922 4164 xxxt.
1943 4129 2029 4178 qu.
2052 4117 2116 4165 11.
2138 4130 2244 4181 cap.
2264 4116 2629 4179 mathat-ius,

412 4208 471 4245 nc
502 4195 778 4245 reseruntur
811 4194 990 4258 pariter
1014 4194 1075 4245 ab
1104 4198 1252 4245 lvone
1276 4196 1351 4245 uti
1383 4193 1557 4244 inclusi
1591 4193 1641 4244 in
1665 4196 2067 4245 commonitorio
2088 4195 2203 4247 dato
2230 4209 2258 4246 a
2282 4198 2482 4248 Nicolao
2502 4196 2628 4247 Rho-

412 4273 594 4325 doaldo
622 4273 895 4339 portuensi,
934 4288 993 4324 ac
1027 4275 1195 4325 loanni
1237 4274 1541 4338 phcsulensi,
1576 4274 1670 4337 qui
1696 4276 1948 4338 tamquam
1986 4275 2133 4339 legati
2174 4275 2237 4328 ad
2271 4277 2398 4327 hanc
2434 4289 2628 4326 causam

413 4352 803 4415 pertractandam
826 4353 961 4404 missi
986 4352 1191 4402 fucrant.
1216 4353 1391 4417 (conc.
1409 4352 1559 4403 Labb.
1587 4355 1710 4407 tom.
1729 4355 1834 4403 xv.
1858 4354 1953 4403 col.
1978 4361 2083 4406 ³68.
2106 4355 2123 4416 )
2315 4350 2318 4355 ”
