3276 5083
673 403 812 475 33⁴
1087 430 1210 479 un.
1244 431 1290 479 1.
1333 432 1507 483 SECT.
1548 432 1807 483 urana.
1842 433 1922 484 DE
1957 435 2218 485 numu.
2263 436 2476 487 civim.

666 544 913 619 virium
961 572 1043 619 ac
1088 546 1338 621 valoris
1406 548 1804 648 deperdant.
1869 549 2004 623 Nos
2071 550 2348 651 quidem
2408 552 2603 652 plura
2651 582 2731 628 ex
2779 558 2894 632 his

665 663 1079 763 argumentis
1131 664 1803 764 praeoccupavimus,
1843 663 1980 739 alia
2011 667 2220 741 etiam
2258 667 2509 745 directe
2557 697 2763 771 supra
2795 700 2898 747 re-

666 779 1002 855 fellimus:
1045 795 1337 854 attamen
1372 778 1495 855 abs
1528 805 1598 855 re
1625 806 1758 854 non
1796 780 1921 854 erit
1953 807 2086 855 non
2119 807 2337 881 pauca
2370 785 2617 860 addere
2639 845 2656 874 ,
2698 789 2896 888 plura

664 896 867 971 etiam
910 895 1185 983 iterare,
1236 895 1631 996 praesertim
1663 922 1817 970 cum
1853 897 1987 996 ipsi
2022 897 2396 973 adversarii
2432 901 2668 975 eadem
2705 906 2897 1002 prin-

664 1012 847 1112 cipia
914 1011 1287 1110 eademque
1339 1028 1731 1108 argumenta
1792 1014 1990 1086 toties
2042 1014 2473 1111 regesserint.
2532 1016 2893 1091 Oratorum

665 1127 937 1203 nomina
987 1125 1256 1201 silentio
1310 1126 1756 1226 praeterimus
1803 1131 1948 1222 (1),
2008 1154 2090 1200 ac
2129 1128 2191 1201 si
2236 1128 2404 1229 quid
2453 1156 2607 1203 acre
2656 1131 2892 1206 dicen-

662 1243 827 1318 dum
878 1242 1076 1318 nobis
1126 1243 1256 1317 erit
1276 1298 1293 1330 ,
1351 1242 1420 1313 id
1473 1267 1604 1317 non
1657 1256 1886 1316 contra
1938 1268 2291 1341 personas,
2340 1245 2459 1318 sed
2503 1261 2734 1319 eontra
2783 1273 2894 1320 er-

664 1385 848 1435 rores
891 1359 1076 1434 dicta
1124 1384 1279 1434 esse
1329 1358 1663 1434 volumus.

806 1474 889 1548 Ut
943 1489 1166 1547 autem
1233 1472 1453 1547 ordini
1505 1498 1586 1547 ac
1634 1472 1920 1547 claritati
1987 1474 2473 1561 inserviamuS,
2532 1478 2882 1574 proposita

660 1606 1054 1689 argumenta
1079 1590 1150 1661 in
1177 1589 1434 1662 classes
1461 1588 1686 1662 varias
1714 1587 2186 1662 distribuimus
2205 1646 2220 1677 ‚
2255 1606 2453 1687 prout
2486 1587 2702 1687 legem
2738 1618 2890 1691 pro-

660 1721 966 1805 pugnant
1013 1702 1143 1778 sub
1184 1719 1459 1803 aspectu
1501 1701 1808 1802 politico,
1859 1702 2081 1776 ethico
2117 1729 2196 1777 ac
2233 1702 2584 1801 religioso,
2627 1732 2707 1779 ac
2740 1708 2884 1779 sin-

658 1817 852 1917 gulos
904 1816 1225 1891 articulos
1260 1818 1329 1889 in
1368 1816 1833 1918 paragraphos
1876 1817 2077 1890 etiam
2128 1817 2512 1892 dividemus
2547 1876 2562 1905 ‚
2613 1836 2686 1892 ut
2729 1821 2872 1893 sin-

657 1934 939 2033 gillatim
990 1936 1152 2010 hinc
1202 1934 1475 2035 quidem
1528 1935 1850 2024 obiectiO,
1892 1937 2052 2010 inde
2083 1963 2243 2012 vero
2278 1941 2623 2038 responsio
2665 1940 2878 2015 oculis

658 2050 1022 2148 legentium
1074 2052 1525 2126 subiiciantur
1575 2054 1710 2147 (2).

804 2289 873 2351 (ι)
905 2286 1057 2339 Nobis
1077 2288 1243 2351 potius
1263 2287 1594 2351 gratissimum
1614 2289 1690 2338 est
1704 2299 1952 2338 recensere
1980 2288 2180 2337 nomina
2197 2300 2366 2338 eorum
2380 2325 2395 2349 ,
2420 2288 2505 2352 qui
2533 2290 2703 2340 contra
2724 2291 2880 2355 legem

652 2371 849 2418 strenue
867 2369 1167 2430 pugnarunt3
1188 2369 1435 2417 senatores
1469 2366 1644 2417 saltem
1679 2366 2171 2417 commemorabimus
2189 2404 2203 2429 ‚
2228 2367 2316 2429 qui
2336 2367 2618 2431 eloquenter
2642 2369 2880 2421 disserue-

651 2450 797 2510 runt3
835 2447 1036 2498 mei-unt
1054 2449 1219 2497 autem
1256 2445 1652 2511 archiepiscopus
1678 2446 2016 2509 vercellensis,
2036 2446 2375 2511 D’Augennes,
2397 2461 2457 2499 ac
2473 2448 2764 2501 nobilissimi
2786 2451 2882 2501 viri

648 2529 816 2591 Siara,
848 2525 1089 2579 Robertus
1128 2525 1400 2590 d'Azeglio,
1429 2525 1586 2590 colli,
1605 2526 1669 2576 Di
1690 2525 2010 2590 castagneto,
2042 2525 2183 2578 Delia
2210 2526 2484 2591 Marmora,
2523 2527 2663 2582 Delia
2703 2533 2880 2593 Turre,

651 2607 1149 2669 pallavicinofflossi,
1171 2606 1307 2657 Sauli
1319 2642 1335 2669 ,
1355 2607 1416 2656 Di
1437 2606 1730 2657 Colubiano.

794 2688 864 2750 (2)
896 2689 1001 2737 flac
1021 2687 1124 2750 ipsa
1148 2686 1211 2737 de
1231 2698 1378 2736 causa
1396 2685 1532 2749 quod
1555 2686 1698 2737 nobis
1717 2688 2115 2751 proposuerimus
2153 2691 2439 2752 argumenta
2479 2695 2702 2753 promere
2721 2703 2780 2742 ex
2805 2691 2880 2741 di·

651 2767 1003 2828 seussionibus,
1024 2779 1154 2830 quae
1174 2766 1335 2817 sactae
1353 2768 1473 2817 sunt
1492 2765 1625 2817 circa
1643 2766 1799 2830 legem
1819 2767 1882 2819 de
1901 2769 2219 2820 matrimonio
2233 2769 2372 2820 civili
2390 2770 2443 2820 in
2464 2770 2707 2833 comitiis,
2732 2774 2882 2835 atque

650 2849 701 2898 in
724 2848 923 2908 senatu,
944 2845 1129 2896 nullam
1153 2847 1393 2897 rationem
1416 2845 1679 2896 habuimus
1708 2860 1878 2897 eorum
1892 2885 1907 2910 ‚
1932 2861 2058 2911 quae
2077 2861 2107 2899 a
2130 2849 2382 2900 nonnullis
2403 2851 2609 2915 privatis
2630 2852 2877 2914 scriptori·

648 2929 742 2978 bus
758 2927 852 2977 hac
870 2938 1017 2990 super
1032 2938 1085 2977 re
1101 2927 1299 2976 exarata
1313 2927 1444 2977 sunt.
1460 2925 1659 2977 Nullam
1679 2927 1884 2991 proinde
1900 2926 2196 2979 mentionem
2211 2929 2474 2980 iniecimus
2492 2929 2880 2994 opusculi.quod

649 3010 746 3060 hoc
759 3007 855 3059 snb
870 3005 1017 3057 titulo
1035 3006 1288 3070 vulgatum
1304 3007 1407 3057 est:
1433 3005 1528 3057 De'
1540 3010 1798 3072 principii
1815 3008 2080 3059 razionali
2094 3021 2122 3059 e
2139 3008 2198 3060 di
2214 3008 2402 3062 diruto
2418 3013 2647 3074 positivo
2665 3013 2878 3062 intorno

644 3086 703 3137 al
740 3087 1093 3138 matrimonio.
1131 3087 1320 3149 saqqto
1339 3097 1440 3149 per
1463 3087 1722 3136 Giovanni
1767 3089 2143 3138 stulto-Pintor
2173 3088 2426 3153 deputato
2455 3088 2514 3139 al
2538 3089 2881 3152 pau-lamento

640 3165 817 3217 sardo.
834 3164 1048 3229 cagliari
1074 3169 1210 3216 1852.
1224 3164 1345 3214 item
1366 3163 1570 3214 alterius
1589 3164 1814 3228 opusculi
1838 3165 2088 3229 inscripti:
2115 3165 2216 3217 Del
2235 3169 2573 3218 matrimonio
2597 3180 2739 3220 come
2758 3181 2877 3219 con·

648 3248 814 3298 tracto
839 3243 997 3296 civile
1024 3255 1054 3295 e
1077 3245 1423 3295 saer-memo.
1441 3242 1600 3295 studi
1619 3244 1678 3294 di
1700 3242 1914 3310 Ftltppo
1941 3248 2186 3298 meineri.
2212 3247 2414 3297 Genova
2437 3252 2574 3297 185³.
2601 3247 2696 3305 Qui
2726 3248 2877 3298 furio·

640 3339 807 3378 sorum
837 3337 974 3376 more
1000 3322 1385 3387 debacchantur,
1411 3322 1570 3386 deque
1592 3323 1656 3374 iis
1675 3322 1922 3388 scribunt,
1959 3338 2087 3388 quae
2115 3337 2214 3376 non
2236 3325 2442 3388 callent3
2465 3324 2743 3390 quibusque
2764 3326 2876 3376 iure

640 3404 797 3468 aptari
822 3403 1029 3467 possunt
1067 3414 1195 3466 quae
1231 3402 1301 3453 ait
1342 3400 1603 3466 Apostolus
1636 3404 1676 3452 1.
1701 3402 1918 3453 Timoth.
1942 3406 2004 3466 1.,
2027 3411 2074 3454 6.
2103 3408 2149 3454 7.
2175 3403 2451 3455 «conversi
2475 3405 2660 3454 suntin
2683 3404 2870 3456 vanilo-

642 3484 817 3548 quium
829 3520 845 3547 ,
867 3482 1089 3533 volentes
1106 3493 1212 3532 esse
1229 3482 1351 3545 legis
1371 3481 1599 3533 doctores
1617 3494 1717 3532 non
1742 3481 2064 3546 intelligentes
2082 3496 2242 3546 neque
2257 3496 2384 3546 quae
2398 3482 2691 3546 loquuntur,
2716 3496 2878 3547 neque

641 3564 706 3617 de
722 3563 904 3630 quibus
936 3562 1232 3614 affirmant.-
1248 3565 1431 3613 Verum
1452 3561 1587 3626 quod
1608 3563 1765 3627 magis
1788 3562 2053 3615 ridiculum
2075 3566 2174 3626 est,
2199 3564 2321 3615 alter
2344 3565 2552 3615 istorum
2575 3576 2692 3614 cum
2712 3564 2781 3616 sit
2794 3578 2874 3616 sa·

638 3643 813 3696 cerdos
847 3642 1090 3694 declamat
1110 3641 1343 3693 adversus
1362 3645 1566 3694 castam
1597 3642 1897 3693 clericalem
1915 3680 1930 3704 ‚
1952 3644 2093 3707 quasi
2119 3644 2281 3708 ipsum
2306 3643 2541 3708 puduerit
2564 3643 2747 3706 gradus
2771 3646 2868 3695 sui.

640 3722 775 3775 Adeo
795 3735 849 3775 se
870 3722 1076 3775 abiecit!
1100 3723 1329 3773 ceterum
1364 3722 1486 3773 nihil
1526 3734 1651 3787 pene
1679 3722 1796 3773 novi
1826 3721 2017 3773 addunt
2058 3722 2149 3787 iis,
2178 3737 2306 3786 quae
2340 3725 2390 3774 in
2417 3724 2632 3774 comitiis
2650 3723 2771 3773 etin
2795 3735 2873 3772 se·

639 3803 758 3854 natu
778 3801 927 3854 allata
944 3803 1076 3855 sunt.
1100 3800 1235 3852 idem
1253 3799 1334 3851 dic
1353 3800 1417 3853 de
1433 3800 1546 3851 aliis
1566 3799 1811 3852 eiusmodi
1853 3801 2028 3863 opellis
2065 3802 2283 3854 eiusdem
2325 3801 2585 3865 ponderis,
2625 3815 2750 3865 quas
2785 3814 2871 3851 ne·

636 3881 892 3943 gleximns.
