3276 5083
704 384 837 454 ⁴32
1071 401 1193 452 ma.
1239 403 1283 450 1.
1329 401 1543 450 sacrm
1579 399 1841 449 aarum.
1887 399 1966 447 na
2011 398 2275 449 ruram.
2322 397 2537 448 civim.

848 524 957 594 Sic
995 524 1194 595 etiam
1248 544 1601 594 erroneum
1631 534 1701 591 et
1725 517 2279 592 anticatholicum
2323 533 2428 591 est
2470 517 2652 616 quod
2695 516 2994 592 adiecit

703 654 924 711 orator
957 696 973 723 ‚
1030 635 1391 712 concilium
1445 634 1575 707 hoc
1631 659 1755 707 suo
1803 633 2070 708 decreto
2120 650 2342 706 actum
2396 632 2714 706 effecisse
2766 635 2995 732 prin-

703 773 964 856 cipatus
1009 754 1354 855 proprium
1384 810 1400 840 ,
1441 776 1659 851 eoque
1700 766 2039 823 annuente
2064 766 2128 822 et
2154 748 2568 849 postulante;
2615 775 2774 822 cum
2818 751 2994 849 pla-

701 872 916 945 cuerit
957 869 1408 971 principatui,
1451 866 1697 968 poterit
1735 866 1849 939 hic
1887 882 2180 939 statuere
2224 892 2467 939 novam
2495 866 2784 940 formam
2825 867 2988 941 sub

708 987 1040 1060 nullitatis
1091 1010 1331 1086 poena.
1392 986 1554 1058 Tota
1605 981 1776 1055 haec
1808 1039 1824 1067 ‚
1881 983 2200 1081 inquam,
2244 982 2531 1056 assertio
2561 1007 2862 1056 erronea
2906 1001 2988 1056 et

710 1101 1186 1178 anticatholica
1231 1115 1371 1186 est,
1412 1114 1643 1199 utpote
1692 1097 2011 1171 damnata
2045 1097 2114 1169 in
2151 1096 2509 1171 Constitut.
2561 1097 2980 1195 dogmatica

705 1222 1038 1289 Auctorem
1088 1213 1245 1313 fidei
1274 1214 1344 1286 in
1382 1239 1579 1312 prop.
1616 1212 1777 1283 LIX.
1811 1226 1878 1284 et
1904 1211 2033 1283 Lx.
2067 1238 2240 1311 quas
2292 1210 2444 1284 heic
2497 1208 2969 1287 subiicimus:

708 1335 784 1405 In
836 1358 1028 1433 prop.
1065 1332 1226 1402 LIX.
1269 1330 1556 1403 dicitur:
1605 1358 1642 1397 α
1672 1326 2049 1401 Declaratio
2101 1327 2347 1427 synodi
2398 1326 2967 1426 (pistoriensis)

709 1473 1022 1522 asserens
1047 1503 1063 1534 ,
1124 1445 1213 1518 ad
1260 1470 1630 1543 supremam
1681 1443 1940 1515 civilem
1979 1457 2367 1541 potestatem
2417 1442 2777 1516 dumtaxat
2812 1447 2974 1515 ori-

706 1565 1040 1662 qinariam
1086 1576 1376 1661 spectare
1426 1561 1796 1633 contractui
1838 1561 2248 1632 matrimonii
2294 1585 2612 1658 apponere
2663 1560 2970 1658 impedi-

707 1675 923 1753 menta
956 1681 1094 1752 eius
1125 1676 1412 1777 qeneris,
1446 1704 1612 1776 quac
1637 1679 1855 1775 ipsum
1879 1676 2142 1748 nullum
2164 1674 2468 1760 reddant,
2502 1674 2964 1776 dicunturque

708 1795 1088 1867 dirimentia
1101 1822 1123 1878 ,·
1161 1792 1334 1892 quod
1368 1795 1475 1864 ius
1509 1791 1944 1888 oriqinarium
1969 1804 2313 1888 praeterea
2344 1790 2590 1862 dicitur
2615 1817 2764 1863 cum
2801 1794 2964 1864 iure

616 1938 621 1945 ·
710 1905 1140 2007 dispensandi
1183 1907 1618 1979 essentialiter
1667 1930 2061 1990 connexum·
2107 1905 2567 2004 subiungens:
2607 1909 2960 2005 supposito

709 2049 978 2099 assensu
1010 2025 1115 2097 vel
1145 2024 1559 2097 conniventia
1584 2021 1996 2120 principum,
2046 2024 2334 2120 potuisse
2384 2023 2724 2095 ecclesiam
2773 2025 2957 2095 iuste

710 2141 1091 2212 constituere
1141 2136 1601 2236 impedimenta
1650 2135 2029 2208 dirimentia
2076 2138 2294 2234 ipsum
2342 2151 2746 2208 contractum
2798 2164 2952 2209 ma-

605 2314 609 2320 .
715 2256 1055 2338 nummii,-
1111 2234 1312 2353 quasi
1373 2251 1664 2325 ecclesia
1714 2277 1847 2326 non
1899 2276 2165 2350 semper
2228 2251 2521 2349 potuerit
2578 2276 2660 2325 ao
2720 2253 2952 2352 possit

713 2369 784 2438 in
845 2367 1365 2442 christianorum
1432 2366 1876 2439 matrimoniis
1928 2365 2074 2439 iure
2124 2365 2397 2464 proprio
2459 2366 2947 2467 impedimenta

712 2485 1118 2560 constituere
1142 2543 1157 2571 ,
1225 2509 1401 2583 quae
1467 2482 1970 2557 matrimonium
2031 2508 2166 2558 non
2229 2480 2450 2557 solum
2505 2482 2882 2585 impediant
2915 2543 2933 2570 ,

711 2603 832 2675 sed
866 2618 932 2675 et
966 2601 1224 2675 nullum
1278 2599 1563 2673 reddant
1611 2598 1834 2700 quoad
1872 2598 2245 2685 vinculum,
2286 2599 2536 2698 quibus
2575 2598 2932 2674 christiani

714 2716 1017 2791 obstricti
1047 2731 1399 2790 teneantur
1432 2715 1634 2788 etiam
1671 2715 1741 2786 in
1779 2715 1975 2789 terris
2011 2713 2415 2803 infidelium,
2450 2716 2521 2787 in
2546 2715 2942 2815 eisdemque

712 2831 1156 2932 dispensare3
1218 2857 1534 2903 canonum
1589 2833 1656 2902 3.
1715 2832 1778 2900 4.
1831 2834 1899 2903 9.
1956 2833 2070 2902 12.
2120 2831 2452 2906 sessionis
2515 2833 2634 2903 24.
2687 2834 2948 2905 concilii

714 2945 1058 3019 tridentini
1103 2948 1436 3029 ever-siva,
1498 2946 1821 3018 haeretica
1862 2948 2140 3041 (117).»
2176 2947 2550 3047 Propositio
2599 2974 2760 3023 vero
2803 2948 2933 3019 Lx.

713 3062 886 3137 haec
932 3079 1083 3136 est:
1148 3093 1184 3133 α
1215 3063 1380 3135 Item
1430 3062 1688 3159 rogatio
1738 3061 1983 3162 synodi
2036 3062 2123 3134 ad
2177 3077 2576 3161 potestatem
2631 3062 2893 3137 civilem
2913 3121 2929 3150 ,

713 3194 788 3250 ut
811 3207 845 3251 e
869 3205 1133 3251 numero
1168 3177 1769 3276 impedimentorum
1796 3178 1983 3249 tollat
2010 3180 2453 3275 aequationem
2485 3179 2932 3276 spiritualem,

712 3309 906 3393 atque
940 3292 1117 3366 illud
1150 3292 1322 3392 quod
1355 3293 1604 3365 dicitur
1641 3292 1956 3391 publicae,
1994 3293 2379 3377 honestati&
2437 3321 2714 3392 quorum
2761 3297 2939 3392 oriqo

713 3411 1038 3508 reperitur
1088 3412 1157 3481 in
1208 3411 1571 3483 collectione
1620 3410 2014 3493 Iustiniani,
2058 3424 2194 3481 tum
2227 3425 2298 3480 ut
2329 3412 2687 3510 restrinqat
2738 3412 2938 3509 impe-

718 3524 1079 3599 dimentum
1113 3527 1466 3627 affinitatis
1500 3542 1561 3598 et
1594 3528 2000 3624 coqnationis
2033 3553 2117 3599 ecc
2152 3553 2554 3626 quacumque
2607 3528 2791 3600 licita
2837 3527 2939 3598 vel

717 3642 958 3714 illicita
1007 3644 1449 3715 coniunctione
1490 3644 1931 3740 provenientis
1966 3642 2055 3714 ad
2087 3658 2394 3741 quartum
2427 3643 2717 3741 qradum
2750 3644 2938 3714 iuxta

718 3757 977 3832 civilem
1027 3760 1562 3858 computationem
1602 3784 1726 3856 per
1779 3759 2017 3830 lineam
2070 3758 2409 3830 lateralem
2458 3774 2518 3831 et
2568 3758 2926 3856 obliquam,

716 3877 814 3958 ita
865 3892 1077 3950 tamen
1098 3932 1117 3959 ,
1175 3890 1249 3947 ut
1295 3900 1440 3971 spes
1499 3873 1689 3946 nulla
1736 3874 2149 3973 relinquatur
2214 3874 2721 3976 dispensationis
2778 3873 2933 3944 obti-

716 3990 1002 4076 nendae,·
1045 4007 1380 4090 quatenus
1439 3988 1622 4062 civili
1677 3989 1986 4096 potestati
2042 3989 2148 4063 ius
2198 3989 2502 4064 attribuit
2553 3990 2702 4063 sive
2747 3987 2932 4062 'abm-

859 4197 993 4259 (117)
1024 4197 1076 4248 Si
1098 4196 1367 4249 haeretica
1385 4199 1463 4247 est
1482 4194 1709 4246 doctrina
1740 4194 1916 4257 synodi
1948 4193 2251 4258 pistoriensis
2263 4230 2278 4256 ‚
2299 4206 2358 4244 eo
2377 4192 2514 4256 quod
2536 4192 2602 4243 sit
2620 4190 2845 4243 ever-siva
2864 4202 2934 4239 ca·

715 4288 903 4328 nouum
924 4283 972 4328 3.
995 4281 1042 4328 4.
1063 4285 1112 4329 a.
1142 4284 1216 4330 12.
1241 4289 1359 4342 ergo
1378 4276 1620 4330 eiusmodi
1644 4287 1855 4326 &nones
1873 4276 1990 4326 sunt
2008 4272 2293 4337 doomatict
2306 4311 2323 4335 ,
2346 4286 2446 4325 non
2466 4275 2631 4325 sutem
2664 4270 2932 4334 discipliua-

712 4369 792 4409 res
810 4359 1018 4409 tannim.
1037 4360 1163 4411 Nam
1182 4358 1427 4410 haeretica
1445 4359 1520 4410 est
1545 4356 1795 4418 doctrina,
1820 4367 1949 4418 quae
1964 4354 2230 4417 opponitur
2248 4354 2360 4404 fidei
2382 4353 2616 4416 dogmati.
