3276 5083
646 449 735 523 42
1028 469 1149 521 ω.
1193 469 1239 519 ι.
1282 467 1455 524 secr.
1501 468 1546 517 ι.
1588 467 1670 521 »ι
1703 466 1964 519 num.
1997 464 2424 519 smmum.

643 602 865 688 patres
927 600 1234 687 repetant
1292 584 1679 684 nuptiarum
1737 596 2224 663 sacramentum
2274 607 2356 655 ex
2404 581 2871 661 benedictione

641 703 892 779 Christi
954 702 1210 802 nuptiis
1273 702 1347 779 in
1406 700 1589 777 Cana
1641 698 1975 775 Galilaeae
2030 697 2384 773 celebratis
2416 755 2436 785 ,
2491 698 2675 797 quod
2738 726 2872 775 uon

640 817 999 899 abnuimus
1020 875 1037 905 ‚
1095 818 1262 918 quin
1309 815 1514 889 etiam
1563 814 1739 893 ultro
1787 813 2111 902 (atomum
2168 829 2392 887 tamen
2453 838 2589 888 non
2648 814 2877 893 minus

643 950 898 1010 eertum
931 948 1040 1008 est
1081 946 1283 1030 atque
1319 930 1736 1030 exploratum
1783 945 2040 1007 vetares
2085 929 2332 1028 pariter
2364 928 2669 1007 eamdem
2702 930 2880 1004 veri-

645 1066 846 1124 tatem
880 1076 962 1122 ex
996 1047 1271 1146 paulino
1320 1063 1648 1119 commate
1696 1045 2067 1123 adstruere.
2109 1045 2275 1117 Nam
2310 1059 2575 1142 praeter
2606 1044 2879 1121 ritualia

644 1180 712 1243 et
741 1162 1139 1260 euchologia
1171 1161 1529 1261 utriusque
1565 1159 2001 1241 occidentalis
2036 1177 2103 1233 et
2133 1159 2475 1241 orientalis
2510 1159 2830 1235 eeclesiae
2853 1219 2869 1246 ,

643 1302 821 1378 quae
844 1334 862 1366 ‚
901 1293 978 1352 ut
1022 1276 1318 1357 vidimus
1348 1330 1365 1361 ‚
1420 1292 1536 1351 aut
1583 1273 1892 1349 alludunt
1939 1275 2027 1355 ad
2077 1273 2242 1348 haee
2292 1272 2591 1371 Apostoli
2640 1272 2873 1359 verba,

646 1409 765 1469 aut
811 1418 893 1471 ea
941 1418 1261 1492 expresse
1321 1391 1656 1479 referunt,
1712 1405 1965 1467 certum
2014 1405 2118 1467 est
2166 1388 2524 1489 plerosque
2580 1404 2881 1465 veterum

645 1509 827 1589 hunc
876 1509 1102 1607 ipsum
1153 1523 1403 1582 textum
1453 1526 1715 1604 urgere.
1760 1506 1928 1579 Nam
1978 1520 2240 1603 praeter
2282 1531 2342 1577 s.
2392 1502 2873 1601 Augusfflmm,

646 1625 767 1724 qui
817 1638 1047 1724 aperte
1096 1623 1228 1696 ait:
1268 1637 1746 1697 sacromentum
1793 1621 2172 1719 nuptiarum
2221 1617 2672 1695 commendari
2715 1620 2881 1699 lide-

646 1738 827 1817 libus
863 1737 1239 1834 coniugatis
1275 1737 1363 1811 ab
1396 1737 1695 1836 Apostolo
1727 1736 1819 1809 od
1849 1737 2168 1834 Ephesios
2201 1736 2431 1831 (107),
2460 1732 2577 1806 alii
2615 1752 2881 1832 praesto

647 1870 807 1933 sunt
852 1868 1098 1951 magno
1145 1878 1449 1928 numero.

791 1969 968 2043 Sane
998 1967 1306 2043 Clemens
1353 1966 1521 2043 alex.
1570 1997 1605 2037 α
1632 1967 1827 2054 Quod
1879 1967 1941 2040 si
1988 1967 2096 2043 lem
2136 1980 2364 2045 saneto
2412 1982 2549 2050 est,
2615 1964 2869 2063 inquit,

649 2101 967 2167 sanatum·
1005 2097 1109 2161 est
1155 2082 1678 2163 matrimonium.
1719 2082 2111 2182 Hysterium
2161 2105 2336 2177 ergo⁶
2368 2078 2497 2155 hoe
2543 2078 2629 2155 ad
2678 2078 2880 2155 Chri·

648 2217 827 2277 stum
874 2217 945 2282 et
986 2199 1340 2275 ecelesiam
1388 2200 1576 2275 ducit
1624 2197 1984 2299 Apostolus
2023 2198 2250 2293 (108).
2281 2225 2316 2266 υ

792 2314 1311 2393 Ambrosianus:
1350 2313 1790 2415 «Hysterium
1824 2313 1954 2387 hoo
1986 2338 2302 2409 magnum
2338 2327 2472 2397 est,
2504 2336 2631 2408 ego
2657 2326 2878 2389 autem

648 2429 804 2511 dieo
837 2429 906 2511 in
933 2428 1199 2509 Christo
1233 2445 1301 2503 et
1327 2429 1395 2504 in
1422 2428 1731 2503 ecclesia.
1766 2425 2065 2527 Mysterii
2101 2441 2590 2500 sacramentum
2624 2423 2881 2522 grande

650 2546 720 2618 in
768 2547 1017 2626 unitata
1048 2547 1293 2620 viriae
1323 2546 1618 2620 mulieris
1667 2569 1821 2624 esse
1870 2541 2228 2639 signifieat.
2270 2541 2407 2623 Nee
2440 2538 2569 2618 hoc
2614 2539 2872 2640 prodit,

654 2658 772 2740 sed
824 2658 1026 2732 aliam
1076 2677 1352 2734 oausam
1379 2715 1394 2745 ,
1434 2684 1613 2758 quae
1662 2683 1794 2738 non
1842 2657 2183 2732 discordet
2232 2683 2272 2732 a
2319 2671 2683 2732 memorato
2733 2682 2882 2756 my-

654 2772 857 2854 sterio
877 2830 893 2859 ,
949 2772 1240 2871 flagitat,
1296 2800 1506 2873 quum
1558 2772 1687 2847 scit
1732 2772 1819 2848 ad
1871 2771 2235 2871 profectum
2285 2771 2567 2854 humani
2614 2771 2880 2869 generis

654 2887 992 2988 pertinere
1012 2945 1028 2975 ,
1072 2887 1202 2962 hoe
1237 2904 1339 2962 est
1387 2887 1712 2963 eeclesiae
1761 2904 1826 2960 et
1872 2886 2236 2961 salvatoris
2258 2945 2274 2976 ,
2313 2904 2389 2960 ut
2422 2887 2598 2960 sicut
2631 2885 2878 2962 relictis

655 3001 1045 3104 parentibus
1095 3002 1297 3078 homo
1344 3003 1535 3077 uxori
1572 3028 1742 3077 suae
1771 3002 2124 3091 adhaeret,
2168 3003 2259 3076 ita
2291 3016 2393 3089 et,
2434 3000 2664 3077 relicto
2697 3026 2877 3075 omm

653 3142 909 3206 errore,
950 3116 1237 3192 ecelesia
1285 3117 1647 3192 adhaereat
1693 3133 1761 3190 et
1809 3116 2207 3200 subiiciatur
2253 3117 2456 3217 capiti
2493 3142 2654 3203 suo,
2696 3115 2879 3214 quod

653 3250 758 3308 est
805 3232 1113 3307 Christus
1154 3234 1379 3329 (109).
1411 3262 1447 3302 u

795 3349 866 3422 S.
924 3348 1022 3423 lo.
1061 3347 1578 3449 Chrysostomus
1605 3405 1621 3435 ‚
1680 3347 1971 3430 recitatis
2020 3345 2320 3446 Apostoli
2375 3345 2599 3422 verbis
2652 3370 2878 3417 sacra-

652 3479 934 3538 mentum
984 3464 1096 3537 hoc
1153 3489 1462 3562 maynum
1523 3479 1619 3536 est
1679 3478 1831 3548 etc„
1892 3462 2167 3537 scribit:
2234 3493 2269 3532 «
2303 3460 2481 3548 Quid
2531 3476 2633 3534 est
2694 3458 2880 3533 hoc?

654 3578 968 3678 Magnum
1018 3595 1504 3654 sacramentum
1527 3636 1544 3665 ‚
1584 3577 1735 3677 ipse
1784 3577 1985 3666 dicit,
2025 3578 2184 3678 quia
2233 3603 2551 3675 magnum
2602 3575 2767 3677 quid
2816 3591 2881 3649 et

656 3694 1049 3768 admirabile
1098 3694 1504 3792 significavit
1534 3693 1772 3767 beatus
1807 3695 2061 3781 Moses,
2104 3694 2238 3768 imo
2271 3719 2428 3768 vero
2462 3694 2668 3766 Deus.
2705 3693 2881 3765 Inte-

659 3810 785 3881 rim
819 3827 1038 3884 autem
1087 3810 1287 3886 dicit:
1330 3811 1401 3881 in
1438 3808 1696 3882 Christo
1729 3808 1907 3893 dico,
1952 3808 2269 3908 quoniam
2306 3825 2371 3883 et
2404 3808 2554 3907 ipse
2595 3805 2879 3879 dimisso

662 3926 856 4000 Patre
912 3926 1258 4002 deseendit
1305 3943 1369 4001 et
1425 3925 1608 3999 venit
1668 3925 1756 3999 ad
1820 3951 2135 4025 sponsam
2164 3982 2180 4011 ‚
2237 3940 2304 3998 et
2366 3924 2581 3998 sactus
2645 3938 2749 3996 est
2808 3921 2878 3994 in

799 4182 933 4247 (107)
962 4185 1038 4234 De
1068 4195 1193 4248 nup.
1227 4185 1313 4235 ub.
1339 4188 1377 4236 1.
1405 4199 1453 4236 c.
1475 4189 1537 4237 x.
1563 4185 1755 4235 Profert
1780 4184 1913 4244 euim
1939 4181 2008 4232 ibi
2039 4194 2098 4231 ex
2133 4182 2243 4232 loeo
2273 4181 2337 4233 de
2367 4194 2470 4245 quo
2498 4180 2784 4232 disserimus
2816 4191 2875 4228 ea

657 4262 843 4316 verbo:
884 4265 994 4316 Vtri
1013 4261 1217 4327 duaque
1239 4277 1430 4317 uxores
1467 4267 1671 4316 vestras
1705 4266 1844 4315 stoue
1873 4264 1925 4314 σε
1963 4260 2204 4312 Glari-stus
2235 4260 2427 4312 duam
2456 4258 2744 4311 ecclesian.

801 4342 934 4407 (tos)
963 4342 1074 4396 Lib.
1102 4344 1193 4395 111.
1219 4345 1410 4395 strom.
1434 4343 1515 4394 ed.
1538 4346 1702 4394 oxon.
1729 4346 1867 4393 1715.
1884 4353 1999 4405 opp.
2020 4343 2140 4391 tom.
2160 4343 2202 4391 1.
2227 4353 2337 4404 pag.
2363 4344 2469 4392 549.

802 4423 934 4490 (ιθθ)
964 4425 1096 4477 luter
1126 4436 1239 4489 opp.
1264 4437 1306 4474 s.
1330 4422 1550 4474 Ambrae.
1577 4423 1627 4472 in
1650 4420 1857 4485 append.
1883 4422 1934 4472 in
1957 4435 2034 4485 ep.
2059 4421 2119 4471 ad
2145 4419 2399 4486 proemd
2423 4420 2475 4470 h.
2497 4420 2534 4469 1.
2612 4436 2628 4456 r
