3276 5083
668 415 804 484 278
1063 435 1183 484 us.
1228 435 1272 482 1.
1318 432 1487 483 secr.
1534 432 1789 481 Atrans.
1825 433 1902 482 ns
1937 433 2199 482 nunni.
2225 430 2435 480 civim.

661 567 877 638 mant3
920 552 1212 649 dumque
1247 548 1764 648 protestantibus
1815 547 2072 622 favores
2121 547 2392 646 profuse
2440 546 2860 645 impendunt,

664 668 884 765 iisque
949 681 1085 738 tum
1145 663 1394 736 directe
1444 680 1582 734 tum
1634 661 1957 734 indirecte
2006 661 2133 734 sub
2182 658 2619 732 emendicatis
2679 659 2867 731 fuca-

664 784 884 879 tisque
951 778 1401 877 praetextibus
1460 778 1706 874 gratias
1769 776 2140 872 largiuntur
2171 834 2186 862 ,
2242 773 2488 873 templa
2535 773 2796 870 erigunt
2840 830 2856 859 ‚

659 896 879 970 cosin
917 893 1188 967 tutelam
1242 893 1662 989 suscipiunt,
1718 916 1946 963 eorum
1998 889 2540 990 proselytismum
2595 904 2821 988 aperte
2843 947 2862 974 ‚

660 1028 777 1083 aut
826 1025 1078 1082 secreto
1126 1033 1247 1107 pro
1305 1033 1523 1078 rerum
1592 1022 2098 1103 temporumque
2159 1003 2493 1075 adiunctis
2544 1002 2868 1075 adiuvant

658 1135 1236 1220 promoventque3
1310 1135 1538 1193 contra
1589 1144 1664 1190 se
1723 1117 2021 1190 infensos
2098 1114 2468 1188 catholicae
2539 1116 2868 1206 ecclesiae

659 1237 984 1310 ministris
1056 1236 1198 1308 sive
1280 1233 1696 1308 secularibus
1768 1234 1912 1305 sive
1982 1230 2401 1328 regularibus
2481 1246 2867 1303 constanter

663 1351 981 1450 praebent
1024 1409 1038 1437 ‚
1104 1378 1220 1425 eos
1288 1364 1594 1447 torquent
1654 1363 2027 1445 vexantque
2086 1345 2212 1418 sub
2259 1344 2389 1418 levi
2438 1370 2705 1444 quoque
2749 1370 2870 1417 co-

620 1465 820 1539 'lm-e.
881 1468 963 1538 Ut
1013 1481 1230 1538 autem
1287 1466 1356 1536 in
1413 1478 1837 1560 argumento,
1894 1463 1978 1533 de
2036 1487 2170 1560 quo
2220 1460 2520 1556 agimus,
2585 1459 2863 1532 insista-

663 1606 813 1651 mus
839 1637 853 1664 ,
922 1580 1078 1650 dum
1130 1579 1199 1648 in
1248 1576 1534 1676 publicis
1593 1575 1882 1648 comitiis
1943 1600 2078 1647 non
2138 1575 2232 1645 ita
2291 1574 2546 1673 pridem
2615 1573 2861 1646 alicubi

662 1709 968 1789 ageretur
1018 1692 1102 1764 de
1153 1691 1297 1788 lege
1345 1689 1779 1790 proponenda
1825 1689 1909 1760 ad
1961 1678 2510 1787 compescendam
2567 1689 2859 1762 virorum

658 1806 1261 1880 ecclesiasticorum
1314 1806 1640 1876 licentiam
1668 1860 1686 1887 ,
1745 1804 1815 1876 id
1873 1820 1976 1877 est
2031 1803 2403 1877 libertatem
2463 1803 2533 1874 in
2591 1804 2862 1904 proprio

661 1947 935 1994 munere
997 1919 1330 2018 fungendo
1365 1978 1379 2005 ,
1462 1918 1917 2018 interpellatus
1982 1918 2107 1991 fuit
2171 1943 2440 2018 praeses
2503 1918 2590 1991 de
2656 1944 2858 1992 sensu

662 2036 1039 2135 propositae
1103 2033 1272 2130 legis
1296 2091 1311 2120 ,
1378 2058 1456 2106 eo
1515 2032 1698 2130 quod
1754 2031 1955 2104 nimis
2019 2057 2232 2127 vagus
2301 2032 2691 2118 videretur3
2758 2059 2861 2105 re-

657 2150 932 2249 spondit
982 2166 1203 2222 autem
1254 2175 1334 2220 ex
1381 2147 1606 2221 officio
1658 2147 1880 2243 regius
1931 2147 2235 2219 minister
2261 2202 2280 2230 ‚
2339 2171 2614 2219 sensum
2662 2172 2852 2232 esse,

655 2262 1177 2361 compescendos
1228 2288 1378 2335 esse
1429 2260 1924 2334 ecclesiasticos
1975 2262 2155 2333 viros
2179 2317 2195 2346 ‚
2240 2260 2298 2332 si
2336 2259 2584 2359 aliquis
2623 2262 2859 2359 depre-

655 2377 1058 2450 henderetur
1091 2377 1160 2447 in
1196 2376 1408 2472 legem
1459 2375 1757 2473 aliquam
1809 2399 2122 2472 peccasse
2157 2400 2199 2445 a
2232 2373 2504 2471 politica
2537 2390 2859 2474 potestate

658 2495 1018 2578 sancitam3
1061 2517 1279 2589 neque
1328 2491 1438 2563 his
1490 2504 1838 2564 contentus
1863 2547 1879 2575 ‚
1937 2489 2310 2587 exemplum
2360 2489 2580 2563 attulit
2630 2492 2859 2588 singu-

652 2608 828 2693 lare;
863 2609 922 2680 si
950 2608 1104 2705 quis
1140 2607 1453 2677 nimirum
1478 2605 1564 2677 de
1587 2605 1920 2700 coniugiis
1955 2604 2293 2692 civilibuS,
2326 2622 2677 2704 postquam
2713 2606 2858 2703 lege

654 2721 912 2793 sancita
960 2736 1219 2804 essent,
1271 2719 1761 2815 obloqueretur.
1815 2718 2074 2804 Quibus
2110 2721 2535 2794 manifestum
2571 2723 2680 2808 fit,
2724 2749 2857 2821 qua

652 2833 857 2906 animi
891 2832 1329 2931 dispositione
1363 2840 1521 2927 erga
1554 2831 1905 2904 ecclesiam
1942 2833 2335 2906 catholicam
2369 2834 2700 2907 eiusmodi
2735 2836 2858 2909 ho-

652 2948 866 3020 mines
917 2946 1132 3020 affecti
1186 2946 1322 3018 sint
1370 2964 1435 3019 et
1483 2947 1846 3046 comparati
1883 3005 1897 3031 ‚
1954 2948 2119 3045 quin
2171 2947 2365 3045 plura
2414 2941 2810 3023 adiiciamus
2833 3008 2848 3036 ‚

652 3077 725 3133 ut
748 3060 1217 3155 confirmemus
1243 3086 1322 3132 ea
1347 3061 1608 3148 omnia,
1651 3085 1823 3158 quae
1859 3060 2182 3133 hactenus
2219 3061 2547 3160 prosecuti
2586 3088 2845 3136 sumus.

802 3175 1038 3273 Itaque
1086 3175 1284 3247 etiam
1334 3201 1413 3245 ex
1464 3174 1590 3246 hoc
1640 3175 1833 3247 tertio
1881 3176 2098 3272 capite
2123 3234 2138 3261 ‚
2195 3201 2273 3247 ex
2327 3174 2549 3248 indole
2600 3176 2856 3250 scilicet

659 3306 725 3361 et
773 3287 1015 3386 agendi
1068 3289 1322 3362 ratione
1372 3315 1630 3372 eorum,
1688 3290 1806 3388 qui
1858 3290 2168 3387 coniugia
2223 3290 2448 3363 civilia
2506 3290 2727 3364 fovent
2774 3317 2852 3365 ac

656 3419 1082 3501 promovent,
1143 3419 1404 3477 constat
1451 3429 1584 3475 non
1635 3402 1908 3476 aliunde
1929 3463 1944 3490 ,
2001 3429 2201 3502 quam
2237 3430 2275 3475 e
2309 3406 2852 3503 protestantismo

649 3541 879 3591 eorum
933 3518 1259 3615 originem
1317 3518 1786 3592 arcessendam
1833 3545 2007 3592 esse.
2050 3518 2223 3592 Hinc
2264 3519 2658 3592 concludere
2708 3533 2852 3592 tuto

651 3657 1014 3731 possumus
1064 3657 1143 3705 ac
1191 3632 1510 3706 debemus
1563 3634 1930 3732 pessimum
1969 3634 2146 3707 hunc
2182 3634 2463 3708 fructum
2495 3659 2574 3707 ex
2610 3632 2846 3707 arbore

648 3769 952 3840 pessima
1002 3772 1153 3821 esse
1202 3761 1452 3821 natum.
