3276 5083
815 422 953 472 ear.
991 423 1036 471 1.
1071 423 1150 470 nn
1187 422 1447 483 numu.
1482 421 1706 471 civius
1742 420 1988 470 mrum
2028 422 2169 471 Αιιτ.
2204 420 2297 470 m.
2527 395 2660 467 231

453 544 626 616 miae
665 541 1054 625 honestate,
1099 563 1383 638 eamque
1415 537 1547 611 sibi
1584 537 1985 633 adsciscere.
2027 538 2201 611 Sane
2245 537 2673 637 iudaeo-phi-

453 656 779 756 losopbus
812 653 1131 728 Salvador
1162 652 1504 726 contendit
1546 651 1993 752 polygamiam
2030 652 2496 727 simultaneam
2531 679 2674 726 mo-

456 798 598 844 rum
650 768 1006 871 integritati
1064 767 1413 841 consulere
1460 793 1745 867 eamque
1798 794 2184 865 promovere
2242 769 2417 863 (38).
2476 765 2669 852 Quod

454 901 522 958 et
551 885 665 959 alii
701 883 1196 982 praestiterunt,
1254 907 1425 980 quos
1477 906 1602 955 suo
1653 880 1797 954 loco
1849 880 2373 956 recensebimus,

596 999 738 1073 Non
787 1022 939 1070 esse
980 1012 1199 1069 autem
1253 994 1571 1069 absonam
1610 994 1788 1067 hanc
1822 994 2152 1067 sentiendi
2188 1010 2254 1068 et
2286 992 2529 1091 agendi
2565 1019 2672 1066 ra-

452 1114 729 1198 tionem,
763 1138 939 1212 quae
982 1136 1159 1185 nunc
1201 1110 1397 1207 longe
1440 1108 1707 1207 lateque
1743 1108 2126 1182 dominatur
2147 1167 2163 1195 ‚
2204 1124 2384 1208 patet
2417 1123 2556 1215 tum
2590 1132 2671 1180 ex

449 1228 561 1314 iis,
604 1252 777 1327 quae
809 1225 1099 1300 Eichorn
1147 1225 1534 1310 constituit,
1576 1223 1758 1324 quod
1805 1223 2062 1297 scilicet
2095 1224 2404 1298 Christus
2443 1224 2538 1297 ita
2572 1238 2672 1295 at-

451 1342 914 1441 temperaverit
964 1341 1464 1439 responsionem
1511 1365 1699 1412 suam
1744 1339 1829 1413 de
1869 1366 2074 1414 uxore
2123 1340 2557 1427 dimittenda,
2597 1356 2674 1412 ut

452 1456 777 1529 indicaret
799 1454 1009 1552 legem
1035 1455 1296 1528 civilem
1323 1455 1743 1554 attemperari
1785 1479 1986 1554 posse
2019 1454 2394 1552 exigentiae
2427 1453 2670 1528 actuali

451 1571 827 1659 societatis,
878 1587 1014 1643 tum
1050 1597 1131 1643 ex
1164 1596 1242 1643 eo
1285 1569 1464 1668 quod
1515 1571 1778 1669 Nuytz‚
1829 1570 1985 1642 licet
2036 1568 2431 1655 catholicus,
2488 1568 2672 1641 affir-

449 1711 631 1758 mare
674 1711 808 1759 non
865 1684 1196 1759 dubitavit
1243 1698 1580 1782 receptum
1625 1710 1777 1757 esse
1812 1742 1828 1770 ,
1882 1683 2238 1763 ecclesiam
2275 1682 2672 1763 catholicam

444 1801 889 1877 conscientiae
941 1800 1401 1874 tuntummodo
1436 1801 1789 1901 imperare,
1833 1799 2189 1877 statuendo
2233 1799 2495 1897 regulas
2537 1799 2624 1872 iis
2649 1857 2665 1886 ,

446 1917 561 2015 qui
602 1942 718 1989 eas
757 1942 1015 1989 servare
1064 1917 1302 1999 velint,
1360 1915 1481 1988 sed
1532 1941 1770 2012 cogere
1821 1932 2173 1988 renuentes
2210 1914 2487 1987 minime
2523 1941 2673 2012 pos-

447 2055 520 2101 se
552 2030 747 2123 (39),
774 2027 992 2113 Quum
1029 2028 1314 2126 proinde
1349 2044 1561 2101 status
1597 2028 1815 2102 civilis
1842 2028 2024 2102 iuxta
2058 2027 2464 2116 doctrinam,
2497 2052 2672 2127 quae

448 2168 625 2214 nunc
682 2143 938 2241 passim
988 2141 1289 2228 obtinet,
1353 2144 1553 2241 plane
1603 2143 1864 2218 divisus
1914 2144 2004 2216 sit
2050 2144 2137 2219 ab
2184 2143 2468 2217 ecclesia
2497 2200 2513 2228 ‚
2569 2143 2668 2216 uti

452 2282 583 2331 non
631 2258 833 2355 pauci
882 2257 1276 2356 loquuntur,
1324 2282 1477 2330 cum
1522 2258 1654 2330 sibi
1701 2285 2098 2357 persuasum
2149 2257 2395 2331 habeat
2443 2257 2673 2330 matri-

449 2372 747 2444 monium
805 2398 1014 2444 unum
1067 2398 1221 2446 esse
1271 2398 1350 2445 ex
1405 2389 1500 2447 tot
1547 2373 1996 2447 contractibus
2055 2373 2173 2473 qui
2233 2398 2273 2447 a
2329 2371 2674 2471 republica

447 2488 643 2561 unice
702 2487 1033 2588 pendent,
1098 2502 1299 2587 atque
1358 2487 1444 2561 ab
1502 2514 1582 2562 ea
1641 2488 1842 2587 dirigi
1901 2488 2183 2576 debent,
2233 2488 2302 2560 in
2350 2487 2498 2562 eius
2547 2487 2676 2562 erit

442 2603 1090 2704 arbitrioquidquid
1141 2604 1407 2677 libuerit
1455 2605 1539 2678 de
1582 2631 1664 2679 eo
1716 2606 2009 2678 sancire.
2068 2604 2397 2690 Quocirca
2457 2604 2514 2678 si
2582 2603 2671 2677 ad

441 2720 714 2793 vitanda
755 2720 1082 2793 adulteria
1104 2777 1119 2806 ,
1168 2737 1283 2793 aut
1315 2721 1400 2793 ad
1438 2721 1609 2795 alios
1646 2721 2144 2820 praecavendos
2180 2720 2436 2794 abusus
2478 2745 2675 2819 expe-

440 2831 584 2907 dire
624 2835 741 2934 qui
795 2835 1203 2933 reipublicae
1249 2835 1550 2910 habenas
1600 2837 1881 2910 flectunt
1926 2835 2413 2923 iudicaverint,
2479 2835 2671 2940 poly-

595 3154 694 3217 (38)
727 3156 864 3205 nist.
882 3155 971 3206 des
993 3158 1320 3207 institutione
1341 3157 1406 3208 de
1425 3159 1601 3207 Mei-se.
1625 3158 1764 3208 Paris
1785 3163 1918 3209 1828.
1938 3157 2060 3208 tom.
2081 3157 2254 3208 11.livr
2281 3159 2391 3208 vn.
2411 3157 2550 3208 cha.
2571 3160 2670 3208 Po·

449 3233 667 3296 lyqamie
691 3237 743 3284 et
764 3234 988 3286 divorce.
1013 3238 1259 3299 Integrum
1287 3237 1381 3287 hoc
1402 3239 1550 3302 capnt
1571 3250 1672 3287 non
1695 3238 1915 3289 continet
1930 3237 2024 3287 nisi
2048 3237 2323 3301 apologiam
2341 3236 2661 3301 polygamiae.

450 3313 580 3363 luter
610 3316 769 3365 cetera
794 3315 915 3367 haec
935 3315 1106 3367 scribit
1123 3329 1232 3380 pag.
1257 3321 1364 3368 377.
1385 3337 1410 3361 ι
1428 3317 1607 3368 Ferit-il
1625 3330 1724 3380 que
1746 3317 1977 3368 l’homme
2007 3316 2168 3367 ari-ive
2188 3317 2218 3367 δ
2240 3317 2362 3380 ΙἏςο
2381 3316 2444 3366 de
2462 3315 2666 3380 puhel-te

445 3391 623 3454 eponae
649 3406 742 3442 une
761 3394 935 3445 semme
954 3396 984 3445 a
1002 3397 1081 3446 cet
1097 3396 1216 3459 Age?
1234 3396 1286 3446 Si
1308 3396 1469 3446 saisait
1488 3397 1593 3447 cela
1606 3434 1622 3459 ‚
1643 3397 1940 3447 n’aurait00n
1961 3409 2050 3459 pas
2070 3396 2100 3446 δ
2120 3394 2346 3446 craindre
2366 3395 2602 3458 qu’avant
2619 3394 2667 3446 le

443 3471 597 3520 terme
630 3467 693 3520 de
723 3484 812 3521 son
848 3473 1092 3524 existence
1123 3487 1247 3537 pour
1278 3474 1505 3538 Vespere,
1537 3474 1813 3539 l’equllibre
1842 3487 1908 3526 ne
1934 3487 1991 3525 oe
2021 3475 2226 3539 tempu,
2252 3472 2315 3525 de
2344 3474 2476 3524 sorte
2494 3508 2511 3536 ,
2544 3472 2668 3537 qu’il

437 3547 697 3611 eprouvnt,
728 3562 932 3614 presque
958 3551 1143 3615 malgre
1172 3553 1276 3616 lui,
1304 3554 1391 3604 des
1419 3552 1577 3604 desire
1607 3553 1696 3617 qui
1725 3553 1773 3604 le
1803 3553 2100 3616 portet-aient
2119 3565 2230 3604 veru
2250 3551 2466 3601 d’antree
2484 3546 2670 3614 obicis?

442 3624 495 3674 Si
526 3625 626 3675 l'ou
657 3623 821 3677 admet
846 3630 982 3680 entre
1010 3629 1201 3696 l'epoux
1231 3633 1281 3682 et
1311 3631 1526 3696 l’epouse
1553 3643 1651 3682 une
1681 3631 1911 3696 lnegalite
1941 3630 2105 3695 (Pege,
2137 3631 2222 3695 qui
2255 3631 2362 3681 leur
2388 3641 2544 3680 ouvre
2571 3642 2670 3680 une

440 3703 576 3766 egale
593 3704 827 3767 camere,
841 3707 1044 3759 sera-td}
1067 3707 1302 3772 possible,
1325 3720 1421 3773 que
1441 3709 1615 3773 depuis
1638 3710 1825 3761 l'heure
1846 3709 1976 3760 dela
1994 3709 2195 3774 puber-te
2213 3707 2454 3772 complete
2469 3707 2666 3771 jusqu’a

438 3782 563 3833 celle
582 3781 652 3832 du
673 3783 900 3848 mariage,
920 3785 954 3835 ll
978 3798 1032 3836 ee
1052 3791 1293 3840 eoumette
1315 3787 1346 3838 δ
1368 3801 1465 3840 une
1487 3789 1763 3844 contralnte
1781 3789 1966 3839 morale
1985 3787 2304 3840 absolue?..sl
2326 3788 2375 3838 la
2393 3788 2667 3840 conti-ainte

438 3866 513 3913 eet
535 3863 816 3928 impossible
831 3902 846 3929 ,
881 3869 1121 3931 pourquoi
1142 3882 1204 3921 ne
1222 3881 1311 3934 pas
1327 3869 1564 3933 imaginer
1582 3868 1673 3920 des
1689 3869 2047 3920 combinaisons
2067 3867 2228 3919 moins
2245 3866 2498 3918 odleuseei'
2519 3870 2667 3918 Pour-

438 3943 555 4005 quoi
583 3956 645 3992 ne
664 3956 752 4007 pas
769 3946 1019 4009 envisager
1040 3948 1109 3998 les
1129 3949 1300 3999 choses
1329 3961 1447 3999 sous
1476 3961 1545 3998 un
1576 3948 1718 4013 point
1735 3948 1799 3999 de
1819 3961 1915 3999 vne
1936 3949 2047 4011 plus
2073 3948 2220 4010 haut,
2242 3949 2375 3998 etue
2397 3960 2487 4012 pn
2504 3949 2665 4000 tram

438 4034 507 4070 un
537 4023 695 4074 eercle
724 4022 847 4075 dam
865 4025 1025 4088 lequel
1043 4028 1204 4078 tontes
1221 4028 1295 4079 lea
1312 4027 1520 4078 varietes
1545 4026 1904 4089 individuelles,
1924 4027 2009 4091 qul
2028 4026 2140 4078 sont
2161 4025 2370 4078 tormees
2391 4038 2480 4091 par
2505 4026 2556 4076 la
2575 4038 2662 4076 ne·

439 4103 564 4168 ture,
584 4103 858 4155 elle-meme
885 4105 1103 4169 puiseent
1121 4119 1173 4157 se
1194 4108 1421 4158 mouvoir
1440 4107 1470 4156 a
1492 4106 1661 4157 l’aise?
1683 4106 1932 4170 Pourquoi
1964 4104 2093 4156 enfin
2124 4119 2188 4156 ne
2216 4119 2306 4170 pas
2336 4105 2556 4157 mantii·
2585 4117 2668 4156 een

439 4183 741 4247 oppositione
770 4184 1045 4249 choquants
1073 4187 1208 4237 entre
1240 4187 1295 4238 la
1326 4186 1398 4237 lot
1417 4185 1618 4238 morale
1641 4185 1759 4237 d'un
1780 4199 1902 4251 pays
1921 4187 1971 4237 et
1992 4198 2055 4237 sa
2075 4185 2147 4237 lot
2160 4187 2414 4250 positive,
2439 4185 2527 4250 qui
2547 4196 2665 4235 con·

437 4260 630 4314 duieeut
658 4263 846 4316 bientot
873 4277 937 4316 au
971 4264 1152 4329 neptis
1173 4265 1235 4317 de
1250 4267 1383 4319 l’une
1399 4281 1463 4318 ou
1483 4265 1546 4317 de
1563 4265 1765 4329 l’autre,
1786 4267 1837 4318 et
1857 4266 2069 4332 quelque
2089 4265 2183 4318 sois
2202 4264 2265 4317 de
2286 4267 2446 4319 tontes
2471 4263 2600 4315 deux
2613 4266 2663 4313 P·

581 4342 680 4403 (39)
710 4342 852 4410 Apud
881 4342 1191 4408 Avogedrum
1209 4346 1466 4411 op.etloc.
1491 4344 1579 4396 cit.
