3276 5083
627 449 763 519 104
1023 471 1144 520 un.
1189 470 1236 518 ι.
1280 467 1451 518 secr.
1496 469 1543 517 ι.
1586 467 1666 516 ne
1699 465 1964 517 unani.
2004 461 2429 515 silentiunm.

622 586 909 660 dotalem
939 585 1025 659 ad
1054 584 1535 659 solemnitatem
1563 601 1818 656 tantum
1856 582 2237 682 nuptiarum
2272 605 2353 653 ex
2389 596 2611 653 mente
2647 581 2848 654 istius

626 700 1264 804 pseudo-decretalis
1312 700 1735 796 ‘luculentius
1787 699 1861 772 fit
1909 725 1989 771 ex
2037 697 2261 771 verbis
2288 754 2303 783 ‚
2359 721 2536 795 quae
2602 694 2853 770 deinde

624 834 1029 918 sequuntur,
1070 833 1135 891 et
1168 817 1255 889 ab
1290 815 1523 890 eodem
1570 814 1884 889 Gratiano
1917 813 1965 884 l.
1997 839 2058 887 c.
2091 813 2194 886 sic
2229 812 2630 885 efferuntur:
2669 812 2856 884 «Ali-

623 949 721 1005 ter
786 957 944 1005 vero
1009 945 1477 1030 praesumpta,
1533 954 1667 1002 non
1719 927 2029 1024 coniugia
2055 985 2070 1014 ,
2127 927 2247 1001 sed
2297 924 2627 999 adulteria
2659 985 2675 1014 ,
2732 941 2857 1000 aut

622 1046 1091 1133 contubernia,
1148 1062 1263 1119 aut
1314 1061 1584 1144 stupra,
1643 1060 1759 1117 aut
1818 1042 2295 1117 fornicationes
2356 1043 2584 1141 potius
2640 1063 2848 1140 quam

627 1163 918 1260 legitima
957 1160 1271 1258 coniugia
1310 1185 1462 1232 esse
1498 1185 1630 1232 non
1666 1157 2001 1243 dubitate,
2054 1156 2191 1260 nisi
2234 1158 2533 1228 voluntas
2572 1157 2851 1255 propria

622 1279 999 1376 suffraqata
1032 1278 1264 1376 suerit,
1309 1290 1370 1346 et
1405 1289 1554 1346 vota
1586 1275 2025 1345 succurrerint
2061 1274 2421 1370 leqt’tima.»
2455 1273 2580 1344 Per
2628 1271 2852 1370 priora

628 1391 963 1491 siquidem
1013 1389 1219 1464 verba
1275 1389 1713 1489 reprobantur
1759 1403 1835 1459 ut
1884 1386 2262 1484 illegitima,
2319 1409 2564 1486 nempe
2610 1388 2850 1459 illio-‘ea

624 1507 971 1604 coniugia,
1030 1532 1203 1604 quae
1252 1504 1670 1578 clandestina
1720 1503 1976 1577 ratione
2009 1503 2157 1576 sine
2191 1503 2474 1576 testibus
2501 1560 2516 1590 ,
2559 1502 2852 1602 aliisque

625 1622 1158 1697 solemnitatibus
1194 1620 1776 1705 contraherentur,
1810 1645 2093 1719 quorum
2127 1618 2392 1693 defectu
2418 1619 2532 1692 hio
2556 1620 2856 1719 pseudo-

625 1739 972 1812 Evaristus
1008 1763 1121 1822 ea,
1166 1763 1295 1811 non
1347 1735 1652 1810 absolute
1702 1734 2063 1822 adulteria,
2122 1734 2590 1821 contubernia,
2647 1734 2851 1809 forni-

622 1852 1052 1951 cationesque
1115 1850 1538 1938 denominat,
1609 1850 1729 1923 sed
1792 1849 1890 1922 uti
1944 1848 2103 1921 talia
2166 1850 2635 1949 quadantenus
2695 1873 2851 1923 esse

624 1968 1023 2066 spectanda,
1065 1981 1293 2066 utpote
1326 1964 1746 2038 clandestina
1781 1980 1985 2063 atque
2019 1963 2269 2036 idcirco
2320 1981 2670 2063 suspecta;
2710 1983 2850 2063 qua

622 2084 706 2154 de
756 2108 960 2156 causa
1011 2083 1105 2154 ait
1145 2089 1601 2179 praesumpta,
1653 2081 1873 2177 potius
1924 2106 2121 2177 quam
2169 2078 2466 2175 legitima
2509 2079 2852 2152 matrimo-

624 2200 735 2269 nia
768 2201 895 2293 (5).
933 2196 1304 2270 Posteriora
1339 2212 1557 2269 autem
1592 2194 1797 2267 verba
1839 2209 2142 2266 evertunt
2183 2217 2462 2292 prorsus
2493 2194 2659 2266 Cani
2696 2217 2855 2267 sen—

623 2314 895 2386 tentiam
923 2371 938 2398 ,
993 2313 1152 2385 dum
1198 2312 1283 2385 iis
1319 2311 1689 2383 affirmatur
1733 2335 1892 2384 vera
1926 2335 2080 2383 esse
2111 2310 2423 2407 coniugia
2456 2308 2574 2383 illa
2606 2311 2846 2395 etiam,

622 2453 794 2527 quae
829 2430 928 2501 sie
963 2428 1208 2500 fuerint
1241 2425 1595 2514 celebrata,
1638 2427 1697 2498 si
1734 2426 1906 2525 ipsis
1940 2426 2305 2524 suffraqata
2348 2427 2651 2498 voluntas
2692 2449 2852 2525 pm·-

613 2547 769 2640 pria
804 2545 1043 2642 suerit,
1077 2557 1136 2612 et
1160 2557 1309 2612 vota
1335 2543 1774 2613 succurrerint
1811 2541 2121 2636 leqitima.
2155 2540 2372 2640 Atque
2407 2540 2566 2613 hinc
2601 2540 2850 2615 factum

623 2674 756 2740 est,
812 2674 886 2728 ut
934 2655 1020 2727 ab
1069 2656 1422 2752 oppositae
1472 2655 1843 2726 sententiae
1908 2656 2205 2754 patronis
2257 2681 2377 2755 pro
2428 2682 2503 2729 se
2552 2656 2852 2729 adduce—

622 2785 850 2843 rentur
890 2773 1016 2864 (6).
1062 2770 1271 2865 Igitur
1319 2785 1385 2841 et
1437 2769 1549 2840 hic
1592 2785 1808 2841 textus
1857 2785 2086 2869 utpote
2131 2771 2359 2851 minus
2401 2768 2687 2845 idoneus
2740 2797 2850 2844 se·-

623 2885 972 2983 ponendus
1023 2900 1147 2956 est.
2335 2878 2339 2882 ’

767 3055 1045 3128 (5)“Reipsa
1068 3069 1153 3119 per
1176 3069 1346 3106 vocem
1374 3056 1709 3119 illeqitimum
1736 3057 1868 3107 haud
1902 3059 2037 3108 illico
2057 3059 2314 3121 significari
2339 3058 2706 3108 matrimonium
2732 3061 2852 3107 irri-

619 3139 731 3186 tum
748 3151 811 3186 ac
827 3136 1057 3195 nullum,
1073 3134 1158 3185 sed
1176 3136 1334 3185 solum
1350 3136 1599 3187 illicitum
1618 3151 1649 3186 a
1667 3137 1931 3200 veteribus,
1948 3138 2131 3188 iamdiu
2151 3138 2702 3189 adnotavitBenedlctus
2717 3140 2846 3188 XW.

628 3221 701 3266 De
728 3216 928 3281 synodo
959 3216 1044 3266 lib.
1078 3218 1209 3265 vili.
1247 3231 1290 3265 c.
1313 3219 1422 3267 xil.
1449 3229 1499 3266 n.
1527 3224 1572 3267 5.
1593 3218 1834 3268 scribens:
1872 3222 2215 3282 «Quamquam
2251 3219 2401 3269 hodie
2439 3220 2638 3270 minine
2680 3219 2850 3268 matri-

621 3296 774 3346 monii
796 3296 1013 3358 leyitimi
1034 3298 1083 3345 et
1101 3309 1200 3344 non
1219 3299 1325 3345 rati
1339 3298 1665 3346 communiter
1679 3296 2008 3358 intelligamus
2025 3298 2388 3349 matrimonium
2407 3298 2700 3359 infidelium,
2725 3296 2847 3348 olim

624 3378 784 3425 tamen
806 3387 836 3423 a
859 3375 980 3423 iuris
998 3373 1220 3423 canonici
1243 3373 1409 3436 peritis
1430 3375 1575 3423 etiam
1601 3374 1728 3424 inter
1750 3376 2062 3425 matrimonia
2093 3375 2311 3426 fidelium
2340 3376 2490 3426 fuisse
2513 3377 2636 3426 hanc
2656 3374 2848 3426 adhibi·

622 3457 724 3503 tam
756 3452 1144 3513 distinctionem,
1181 3456 1237 3502 ut
1276 3453 1373 3504 alia
1402 3453 1681 3504 dicerentur
1715 3454 1951 3517 leyitima
1974 3458 2026 3506 et
2055 3460 2202 3518 rata,
2224 3457 2322 3507 alia
2339 3459 2464 3506 rata
2484 3456 2848 3507 dumimtaed

626 3547 728 3585 non
753 3534 1008 3598 leqitima5
1029 3534 1165 3583 testis
1183 3536 1257 3583 est
1277 3535 1567 3595 Gratianus,
1591 3536 1677 3597 qui
1698 3535 1749 3584 in
1770 3536 1867 3586 tine
1883 3538 2073 3600 quaest.
2103 3545 2143 3588 ι.
2161 3550 2271 3587 can.
2285 3545 2359 3588 28.
2378 3537 2583 3601 loquens
2603 3537 2664 3587 de
2683 3538 2851 3587 coniu-

622 3615 714 3678 giis
740 3615 958 3664 iideiium
984 3615 1105 3664 haec
1132 3615 1351 3676 scripsit:
1380 3634 1403 3657 «ι
1418 3617 1604 3664 Horum
1635 3616 1876 3678 quaedam
1899 3619 2013 3666 sunt
2033 3617 2246 3680 legitima
2264 3612 2417 3667 veluti
2437 3632 2548 3668 cum
2570 3632 2696 3668 uxor
2717 3630 2747 3667 a
2765 3631 2849 3681 pa·

622 3693 840 3743 rentibus
860 3694 1099 3754 traditor,
1124 3707 1153 3744 a
1174 3704 1353 3756 sponso
1374 3692 1573 3743 dotatur
1594 3698 1646 3745 et
1666 3709 1696 3745 a
1714 3696 1968 3748 sacerdote
1989 3694 2315 3760 benedicitur-3
2335 3698 2458 3748 haec
2474 3696 2594 3748 talia
2615 3698 2848 3762 coniugia

625 3772 843 3834 legitima
864 3776 914 3823 et
935 3776 1042 3824 rata
1064 3772 1396 3836 appellantur:
1424 3769 1621 3824 iliorum
1650 3787 1767 3826 vero
1789 3776 2042 3840 coniugia,
2056 3777 2163 3840 qni,
2184 3778 2479 3841 contemptis
2495 3777 2725 3828 omnibus
2746 3777 2849 3828 illis

625 3851 1040 3915 solemnitatibus,
1076 3853 1184 3903 solo
1219 3853 1396 3904 aflectu
1425 3854 1643 3917 aliquam
1677 3854 1771 3904 sibi
1796 3855 1845 3905 in
1868 3856 2122 3920 coniugem
2148 3856 2405 3920 copulant,
2427 3856 2709 3907 huiusmodi
2731 3869 2845 3906 con·

624 3932 808 3995 iugium
849 3944 952 3982 non
988 3932 1281 3997 lequinium
1293 3950 1314 3994 ,-
1341 3932 1426 3984 sed
1463 3937 1644 3985 ratum
1677 3936 2016 3987 tantummodo
2058 3949 2165 3988 esse
2192 3936 2443 3987 creditur»
2458 3937 2507 3987 id
2532 3940 2607 3990 est
2625 3935 2846 3987 validum

623 4012 709 4063 sed
742 4012 987 4062 illicitum.
1012 4015 1064 4063 Si
1097 4014 1303 4078 proinde
1325 4014 1565 4065 eiusmodi
1593 4015 1821 4079 coniugia
1849 4016 1970 4067 inita
1989 4017 2096 4067 sine
2115 4016 2383 4068 sacerdotis
2409 4017 2744 4068 benedictione
2766 4029 2849 4067 va·

623 4091 726 4142 lida
743 4093 880 4141 sunt:
903 4106 1018 4155 ergo
1040 4094 1306 4145 sacerdotis
1325 4093 1600 4146 benedictio
1619 4109 1717 4146 non
1732 4098 1919 4159 spectat
1930 4096 1991 4146 ad
2014 4098 2271 4147 essentiam
2291 4098 2604 4162 sacramenti,
2626 4110 2717 4148 nec
2736 4111 2848 4161 pro·

627 4171 740 4222 inde
762 4171 898 4221 iuxta
920 4172 1429 4238 pseudo-evaristum,
1449 4175 1590 4225 cuius
1612 4176 1764 4227 verba
1781 4176 1862 4227 iiic
1880 4175 2215 4243 adducuntur,
2228 4177 2457 4229 sacerdos
2468 4180 2542 4229 est
2554 4177 2845 4229 sacramenti

621 4252 920 4303 matrimonii
943 4251 1183 4302 minister.

770 4330 838 4393 (6)
866 4330 944 4381 ct'.
970 4330 1142 4381 Blasco
1172 4332 1256 4382 cit.
1290 4333 1530 4397 opusculi
1567 4337 1806 4385 canonici
1835 4336 1929 4385 etc.
1957 4337 2077 4387 tom.
2102 4340 2141 4387 Ι.
2167 4337 2388 4388 Distriba
2410 4340 2470 4388 V.
2497 4340 2573 4389 De
2596 4336 2843 4390 &cundia

626 4414 826 4476 nuptiis
848 4424 956 4475 pag.
976 4418 1083 4462 256.
