3276 5083
647 401 783 471 302
1046 423 1168 471 m.
1213 422 1257 472 ι.
1300 422 1473 471 secr.
1516 420 1774 470 Αιτιιυι.
1819 422 1898 470 nr.
1933 421 2194 473 numu.
2228 420 2442 471 uivus.

644 568 862 614 rarum
921 540 1310 613 auctoritate
1362 538 1755 637 permoveri.
1824 538 2085 612 Passim
2147 538 2448 635 arguitur
2508 539 2856 614 leroboam

645 683 775 730 non
835 655 1052 729 solum
1119 657 1284 755 quia
1342 657 1672 755 peccavit,
1731 653 1851 727 sed
1902 654 2103 727 etiam
2145 654 2330 754 quia
2382 666 2674 753 peccares
2711 659 2866 756 [ecit

640 773 851 853 Israel
883 775 1013 867 (7);
1048 771 1346 870 idipsum
1400 769 1686 868 legimus
1724 769 1811 843 de
1845 770 2097 856 Amris·
2128 769 2398 856 Aehub⁴²
2436 771 2725 872 aliisque
2761 800 2867 845 re-

642 888 842 986 gibus
910 886 1116 960 lsrael
1144 945 1159 972 ,
1217 902 1283 959 et
1331 885 1460 959 hac
1509 886 1595 959 de
1643 912 1853 959 causa
1902 887 2083 960 Deus
2129 893 2250 961 eo's
2304 913 2508 985 saepe
2570 888 2861 975 afflixit,

643 1002 854 1076 donec
903 1017 970 1074 et
1015 1000 1355 1101 principes
1389 1017 1455 1072 et
1489 1001 1810 1100 populum
1845 1001 2233 1076 universum
2283 1002 2718 1100 disperserit;
2766 1004 2868 1078 sic

640 1119 820 1191 enim
857 1117 1127 1214 legitur:
1167 1146 1201 1185 «
1234 1116 1447 1190 donec
1483 1116 1836 1217 proiiceret
1869 1143 1988 1191 eos
2025 1144 2065 1189 a
2103 1117 2271 1190 facie
2307 1144 2433 1190 sua
2467 1142 2547 1189 ex
2582 1143 2662 1190 eo
2701 1134 2867 1191 tem-

646 1261 844 1335 pore,
901 1259 1037 1333 quo
1104 1233 1363 1307 scissus
1413 1249 1518 1306 est
1566 1231 1774 1306 Israel
1825 1259 1866 1304 a
1913 1234 2116 1307 domo
2175 1234 2392 1307 David
2427 1291 2442 1318 ‚
2498 1249 2565 1306 et
2613 1234 2866 1306 consti-

646 1364 917 1422 tuerunt
951 1347 1082 1419 sibi
1120 1346 1461 1420 Ieroboam
1516 1346 1728 1420 filium
1781 1345 2078 1433 Nabath;
2138 1347 2476 1446 separavit
2517 1347 2863 1421 leroboam

649 1463 854 1537 lsrael
883 1489 924 1536 a
949 1462 1235 1536 Domino
1254 1519 1269 1547 ‚
1301 1476 1362 1534 et
1378 1488 1647 1559 peccare
1675 1489 1779 1535 eos
1802 1464 1958 1561 secie
1977 1477 2318 1560 peccatum
2341 1490 2652 1562 maqmam
2681 1466 2860 1559 (8).»

650 1579 950 1677 ldipsum
1003 1577 1245 1673 legitur
1292 1576 1377 1649 de
1428 1576 1698 1673 regibus
1749 1577 1949 1663 luda,
1989 1579 2297 1676 quinnon
2349 1578 2549 1651 modo
2599 1605 2866 1678 praeva-

650 1694 965 1765 ricatores
1019 1690 1196 1788 ipsi,
1239 1690 1357 1763 sed
1408 1706 1475 1762 et
1524 1689 1773 1789 populo
1822 1692 2139 1765 universo
2189 1710 2496 1766 auctores
2548 1694 2852 1775 fuerunt,

646 1822 720 1879 ut
765 1807 888 1878 Dei
938 1805 1151 1903 legem
1204 1804 1801 1904 praevaricaretur.

793 1919 987 2006 Quod
1039 1921 1098 1994 si
1150 1920 1303 2006 isti,
1360 1919 1476 2019 qui
1530 1919 1675 1993 sola
1725 1921 2129 2022 quandoque
2171 1924 2479 2023 exempli
2541 1924 2866 2021 gravitate

649 2034 821 2109 alios
885 2034 1293 2108 seduxerunt
1345 2034 1430 2107 ad
1484 2037 1948 2135 peccandum,
2024 2039 2464 2132 traducuntur
2511 2040 2581 2110 in
2630 2038 2864 2113 Bibliis

648 2166 989 2251 tamquam
1043 2151 1425 2247 gravissimi
1477 2151 1572 2223 rei
1625 2151 1961 2239 criminis,
2003 2154 2623 2253 quid⁴censendum
2677 2171 2868 2255 puta—

648 2265 872 2340 bimus
905 2267 991 2339 de
1024 2268 1110 2339 iis
1134 2324 1150 2353 ,
1200 2267 1320 2365 qui
1372 2267 1709 2366 apposite,
1751 2266 1897 2366 lege
1932 2270 2092 2356 lata,
2138 2270 2384 2370 populo
2421 2270 2602 2343 fideli
2640 2287 2868 2344 aucto-

651 2407 759 2455 res
794 2397 992 2468 sunt,
1043 2397 1118 2452 ut
1165 2380 1352 2478 gravi
1406 2407 1480 2454 se
1532 2381 1799 2479 piaculo
1848 2385 2287 2459 commaculet
2333 2413 2455 2485 per
2504 2402 2871 2481 transgres-

652 2497 910 2571 sionem
966 2495 1331 2571 sanctionis
1373 2497 1441 2568 in
1481 2523 1551 2570 re
1587 2499 1811 2595 gravis
1862 2499 2032 2574 adeo
2083 2502 2394 2575 momenti
2447 2500 2533 2574 ab
2581 2500 2872 2574 ecclesia

651 2610 1107 2685 constitutae?
1155 2611 1418 2684 Etenim
1487 2613 1696 2684 semel
1761 2613 1897 2686 lata
1964 2613 2110 2711 lege
2138 2672 2153 2700 ‚
2213 2641 2348 2712 qua
2398 2613 2709 2686 omnibus
2760 2614 2872 2684 in-

654 2726 1166 2798 discriminatim
1217 2726 1506 2800 subditis
1548 2729 1624 2801 fit
1665 2745 1960 2827 potestas
1983 2787 1998 2815 ,
2038 2745 2113 2801 ut
2153 2727 2315 2802 solis
2352 2754 2424 2799 se
2457 2726 2874 2824 coniungant

653 2839 962 2914 civilibus
1015 2841 1304 2939 nuptiis,
1347 2842 1512 2941 quin
1562 2843 1650 2915 ad
1702 2844 2050 2918 ecclesiam
2089 2869 2165 2916 se
2190 2842 2564 2928 conferant,
2608 2843 2870 2915 coram*
2919 2835 2922 2836 ⁷
2995 2901 3009 2948 3

654 2981 789 3056 que
837 2954 1183 3028 sacerdote
1232 2981 1309 3029 se
1358 2956 1628 3043 sistant,
1685 2957 1912 3056 plures
1965 2982 2228 3056 semper
2279 2957 2716 3056 paucioresve
2765 2982 2870 3027 re-1-
2951 2961 2956 2964 ’

656 3072 1031 3172 perientur,
1072 3072 1218 3170 qui,
1260 3072 1670 3147 conscientia
1712 3073 2131 3172 posthabita,
2172 3071 2354 3146 haud
2402 3087 2713 3146 verentur
2759 3097 2869 3145 ec-

650 3187 897 3260 clesiae
949 3187 1433 3286 praescriptum
1481 3188 1814 3286 negligere
1842 3245 1858 3275 ,
1902 3206 2018 3261 aut
2060 3190 2259 3262 etiarn
2295 3214 2612 3288 spernere
2644 3187 2866 3260 civilis

655 3303 883 3375 statuti
956 3303 1292 3402 praesidio
1356 3303 1640 3377 suffulti.
1700 3305 1934 3403 Itaque
1995 3331 2225 3377 eorum
2277 3302 2516 3400 agendi
2571 3304 2740 3376 ratio
2790 3302 2860 3373 in

652 3415 864 3515 legem
915 3418 1133 3517 ipsam
1184 3418 1445 3492 civilem
1494 3420 1778 3519 eiusque
1826 3419 2070 3493 latores
2106 3435 2448 3518 tamquam
2481 3419 2550 3490 in
2588 3444 2861 3492 causam

660 3533 914 3606 recidit.
975 3533 1145 3630 Lege
1203 3533 1537 3632 siquidem
1591 3562 1723 3608 non
1778 3535 2099 3608 existente
2132 3591 2148 3621 ,
2222 3560 2586 3633 numquam
2650 3534 2742 3605 ita
2791 3558 2864 3605 se

655 3664 981 3743 gererent.
1039 3646 1366 3733 Quocirca
1418 3666 1745 3748 quotquot
1795 3649 2078 3749 positive
2124 3665 2528 3722 concurrunt
2564 3648 2649 3721 ad
2685 3670 2864 3719 eam-

654 3762 806 3834 dem
850 3759 1071 3861 'legem
1135 3764 1564 3837 sanciendam
1600 3822 1615 3851 ‚
1684 3790 2110 3865 quacumque
2157 3765 2425 3836 demum
2477 3763 2728 3836 ratione
2776 3759 2860 3833 ad

657 3874 837 3949 hunc
863 3903 1139 3977 scopum
1166 3879 1664 3977 assequendum
1699 3896 1951 3978 partem
1981 3879 2306 3964 habeant,
2341 3879 2409 3949 in
2436 3904 2642 3951 causa
2665 3892 2854 3958 sunt,

654 4005 730 4061 ut
794 3989 1017 4089 plures
1076 3992 1573 4066 sanctissimam
1645 3993 2249 4091 gravissimamque
2297 3992 2622 4066 ecclesiae
2673 4017 2864 4092 prae-

653 4104 1083 4203 scriptionem
1155 4108 1745 4206 transgrediantur.

798 4293 865 4354 (7)
900 4294 984 4342 111.
1008 4295 1120 4354 neg.
1148 4297 1271 4342 xlv.
1306 4301 1377 4346 16.
1401 4297 1623 4345 XV1.26.

803 4374 873 4434 (s)
905 4375 987 4422 lv.
1017 4373 1131 4436 neg.
1157 4376 1309 4424 xvu.
1346 4382 1422 4424 20.
1457 4381 1534 4424 21.
