3276 5083
616 440 753 511 218
1031 461 1155 510 us.
1197 463 1241 510 ι.
1287 460 1459 510 sacr.
1503 460 1763 509 Atrans.
1799 460 1878 508 m:
1914 459 2179 509 ιΑτιιιι.
2208 458 2427 508 cutm.

614 576 1276 653 indissolubilitatem
1320 580 1498 674 (18).
1532 577 1725 651 Certe
1775 577 2101 650 Bentham
2137 575 2334 675 plura
2367 576 2711 673 congessit
2748 604 2849 651 ar-

612 710 928 793 gumenta
953 751 969 781 ‚
1035 693 1289 793 quibus
1349 692 1613 766 evincat
1672 708 1953 765 naturae
1989 693 2134 765 iure
2169 692 2561 788 coniugium
2622 694 2849 791 potius

613 834 978 909 exposcere
1024 807 1612 883 dissolubilitatem
1633 865 1648 895 ,
1683 806 2036 905 arguitque
2071 805 2492 904 legislatores
2529 806 2712 905 quod
2747 807 2851 879 in-

610 922 1011 998 dissolubile
1062 924 1391 998 voluerint
1428 922 1593 995 illud
1628 923 1898 996 efficere
1928 925 2104 1017 (19).
2139 922 2447 1021 Plerique
2474 947 2708 995 omnes
2733 948 2849 996 an·

613 1040 783 1139 tiqui
834 1038 1250 1137 legislatores
1274 1096 1288 1124 ‚
1342 1038 1577 1111 saltem
1635 1038 2120 1110 interveniente
2168 1036 2521 1122 adulterim
2562 1036 2849 1110 solubile

609 1155 1046 1228 decreverunt
1110 1153 1536 1251 coniugium,
1596 1152 1801 1225 immo
1855 1176 2014 1224 vero
2067 1150 2294 1249 plures
2362 1149 2533 1222 alias
2600 1176 2845 1224 causas

613 1295 735 1368 pro
783 1268 1078 1365 coniugii
1128 1265 1572 1341 dissolutione
1623 1281 2032 1351 statuerunt,
2078 1264 2259 1364 quod
2313 1280 2545 1363 postea
2594 1264 2849 1339 videbi·

611 1409 786 1455 mus.
846 1385 1081 1482 ltaque
1123 1408 1206 1455 ex
1256 1380 1400 1455 sola
1451 1379 1738 1454 naturali
1777 1380 1924 1477 lege
1958 1377 2519 1452 indissolubilitas
2557 1378 2652 1451 ita
2686 1403 2845 1452 con·

610 1498 798 1570 stitui
836 1497 1106 1596 nequit,
1148 1514 1223 1569 ut
1256 1522 1389 1570 non
1426 1511 1648 1583 nutet,
1691 1495 1998 1595 adeoque
2032 1493 2130 1566 illi
2157 1493 2285 1568 soli
2312 1494 2585 1595 politica
2618 1510 2847 1569 aucto-

612 1612 773 1685 ritas
851 1611 1046 1683 inniti
1114 1612 1347 1710 nequit
1400 1611 1484 1684 ad
1537 1609 2139 1685 constabiliendam
2192 1625 2578 1709 perpetuam
2626 1609 2846 1683 civilis

610 1725 903 1823 coniugii
956 1725 1644 1801 indissolubilitatem.

756 1840 888 1912 Sed
941 1865 1162 1939 neque
1213 1839 1510 1914 secundo
1545 1840 1613 1913 id
1652 1838 1936 1914 obtineri
1988 1856 2211 1940 potest
2258 1839 2406 1913 sola
2448 1839 2844 1937 imperantis

611 1981 730 2029 seu
799 1954 1257 2052 legislatorum
1310 1956 1726 2029 auctoritate.
1785 1957 1952 2028 Nam
2004 1955 2189 2028 nulla
2240 1955 2513 2028 omnino
2564 1971 2667 2027 est
2715 1954 2844 2030 hu·-

613 2097 812 2145 mana
864 2071 1207 2170 quaelibet
1255 2072 1641 2160 auctoritaS,
1682 2088 1759 2145 ut
1790 2072 2006 2147 valeat
2054 2071 2384 2146 obsistere
2431 2071 2845 2145 vehementi-

611 2185 742 2261 bus
766 2187 1278 2286 cupiditatibus,
1312 2187 1562 2288 quibus
1598 2187 1908 2263 homines
1952 2187 2317 2261 identidem
2355 2203 2697 2284 urgentur.
2732 2188 2844 2258 Ni·

610 2302 740 2375 mis
809 2318 1152 2400 praeterea
1217 2301 1571 2375 instabiles
1637 2317 1795 2374 sunt
1843 2302 1949 2375 vel
1992 2301 2134 2400 ipsi
2186 2300 2602 2399 legislatores
2637 2357 2655 2387 ‚
2726 2300 2840 2399 qui

609 2444 812 2518 saepe
861 2418 1032 2492 adeo
1083 2417 1267 2515 leges
1308 2443 1488 2491 ‘suas
1541 2419 1945 2504 immutant;
2004 2443 2214 2517 quare
2263 2417 2390 2489 etsi
2441 2415 2526 2489 ad
2577 2431 2843 2516 tempus

610 2532 861 2606 sanciri
910 2532 1128 2632 possit
1177 2530 1780 2619 indissolubilitaS,
1830 2530 2101 2616 cumid
2154 2531 2442 2631 pendeat
2489 2530 2575 2605 ab
2623 2530 2842 2604 homi-

609 2646 717 2718 nis
768 2644 1043 2718 arbitrio
1064 2703 1079 2730 ‚
1136 2645 1335 2718 citius
1387 2647 1604 2718 serius
1640 2672 1680 2718 e
1712 2644 1944 2719 codice
1979 2646 2310 2720 eiusmodi
2349 2646 2453 2720 lex
2488 2645 2696 2721 deleri
2731 2670 2845 2743 po-

610 2776 761 2832 test.
822 2759 1034 2859 quue
1092 2759 1290 2857 longe
1339 2761 1603 2835 facilius
1654 2761 2017 2859 continget,
2068 2788 2222 2836 cum
2274 2761 2503 2862 plures
2537 2762 2623 2835 ad
2659 2760 2841 2859 leges

608 2871 932 2948 serendas
968 2893 1411 2962 concurrunt3
1456 2876 1793 2977 siquidem
1825 2894 1894 2950 et
1927 2877 2061 2977 ipsi
2103 2878 2519 2976 legislatores
2555 2877 2844 2951 suiscu-

609 2988 1009 3089 piditatibus
1038 3008 1451 3090 premuntur.
1478 2993 1768 3066 Rursum
1791 3051 1807 3080 ‚
1843 3019 1995 3066 cum
2021 2994 2373 3091 opiniones
2402 3018 2611 3067 novae
2647 3018 2841 3091 prae-

605 3104 831 3178 valent
893 3122 1321 3206 mentemque
1387 3108 1838 3183 multitudinis
1908 3109 2234 3182 invadunt
2296 3109 2366 3180 in
2430 3107 2839 3209 quibusdam

608 3221 1002 3319 praesertim
1045 3236 1416 3321 temporum
1467 3221 1802 3297 adiunctis
1828 3281 1843 3310 ‚
1884 3223 2079 3297 facile
2113 3222 2197 3296 ad
2236 3248 2311 3296 se
2346 3223 2620 3295 trahunt
2658 3222 2841 3294 eius-

606 3336 789 3411 modi
841 3337 1299 3435 legislatorum
1353 3365 1733 3413 assensum.
1784 3341 2130 3440 Denique‚
2172 3339 2325 3413 aliis
2361 3335 2671 3425 omissis,
2722 3338 2842 3410 ab·

607 3454 887 3527 surdum
923 3471 1030 3526 est
1061 3454 1192 3528 sibi
1231 3455 1638 3554 persuadere
1674 3481 1877 3556 posse
1919 3456 2283 3529 humanam
2332 3455 2795 3528 auctoritatem
2817 3511 2833 3539 ,

741 3690 850 3754 (18)
876 3694 938 3741 V.
965 3692 1197 3742 sehwm
1233 3694 1475 3743 Iustitiae.
1511 3696 1646 3743 turis
1674 3693 1828 3756 publ.
1859 3695 2091 3744 univers.
2123 3695 2353 3743 naturae
2376 3694 2429 3741 et
2457 3694 2714 3755 ocultum.
2751 3693 2844 3741 Ve-

603 3771 703 3821 net.
731 3775 867 3822 1760.
894 3773 1014 3822 tom.
1038 3773 1101 3820 u,
1124 3785 1233 3836 pag.
1257 3780 1287 3821 6
1318 3775 1368 3821 et
1405 3776 1432 3821 7
1441 3809 1452 3820 .
1473 3771 1555 3822 ubi
1578 3773 1743 3836 plures
1764 3772 2082 3836 philosophos
2104 3772 2337 3835 antiquos
2364 3775 2415 3823 et
2437 3773 2734 3824 recentiores
2754 3769 2837 3819 ad·

606 3839 744 3898 ducit
766 3863 853 3913 pro
876 3851 1117 3901 sententia
1150 3850 1400 3914 negotiu,
1435 3849 1587 3900 immo
1616 3864 1714 3900 non
1752 3865 1933 3914 paucos
1970 3851 2221 3914 theologos
2254 3851 2439 3914 primae
2474 3854 2622 3900 notae
2650 3849 2841 3912 praeter

606 3929 834 3979 auctores
869 3932 1209 3993 protestata,
1232 3929 1320 3993 qui
1337 3931 1401 3980 de
1421 3930 1528 3981 iure
1551 3933 1756 3981 naturae
1776 3943 1923 3995 opera
1944 3929 2220 3981 ediderunt.
2239 3932 2339 3981 Nos
2356 3931 2449 3981 hos
2470 3943 2560 3980 suo
2586 3930 2696 3979 loco
2720 3927 2836 3978 affe·

604 4021 788 4060 temus.

751 4087 851 4151 (19)
888 4083 1114 4140 ociwres
1136 4089 1201 4141 de
1233 4093 1286 4141 J.
1307 4091 1569 4142 Beatham
1590 4092 1962 4143 iurisconsulte
1994 4091 2221 4155 anqlais.
2255 4092 2432 4142 Traite
2453 4089 2518 4142 de
2544 4089 2843 4153 leytslation

607 4166 767 4218 civile
785 4170 838 4218 et
854 4168 1042 4232 penate
1085 4170 1336 4221 Bruxelles
1365 4177 1480 4222 1829
1519 4172 1768 4223 troisleme
1789 4174 1911 4235 part.
1928 4171 2008 4221 ch.
2029 4174 2094 4221 V.
2114 4173 2195 4222 Du
2213 4175 2450 4235 mariaqe
2472 4173 2590 4221 sect.
2613 4171 2676 4220 11.
2697 4171 2845 4220 Pom·

602 4247 728 4314 quel
760 4250 924 4313 temps
941 4251 968 4297 Ρ
1001 4251 1242 4301 Examen
1272 4250 1348 4302 du
1373 4251 1615 4303 divor-ce.
1649 4255 1748 4303 Nos
1781 4253 1902 4303 haec
1926 4253 2218 4314 ammenta
2247 4265 2339 4304 suo
2370 4252 2483 4302 loco
2512 4249 2845 4313 expendemus

607 4342 666 4380 ac
705 4326 1061 4393 dissolvemus‚
1102 4343 1216 4381 cum
1255 4343 1429 4395 nempe
1451 4332 1502 4382 in
1527 4332 1613 4383 lib.
1638 4335 1725 4382 111.
1748 4332 2043 4383 disseremus
2067 4332 2129 4384 de
2150 4334 2242 4383 bac
2265 4330 2714 4382 indissolubilitatis
2736 4340 2844 4392 pro·

602 4408 826 4471 prietate.
