3276 5083
746 434 885 484 mr.
924 435 1015 484 vi.
1057 435 1137 485 ns
1171 435 1371 487 mser.
1413 437 1636 488 coma.
1683 439 1756 488 εἰ·
1792 439 1966 490 saca.
2008 439 2148 489 aar.
2192 440 2237 489 1.
2464 419 2599 491 1⁹3

537 556 770 653 ltaque
803 552 947 626 sive
984 552 1282 627 intimam
1318 555 1409 629 rei
1449 572 1751 630 naturam
1775 614 1791 645 ,
1832 558 1978 631 sive
2008 558 2333 632 ecclesiae
2365 554 2613 635 doctri-

385 693 553 741 nam
573 726 590 755 ‚
643 668 786 741 sive
832 666 1102 740 demum
1148 669 1528 767 analogiam
1579 688 1959 771 spectemus
2020 676 2418 748 sacramenti
2471 702 2617 748 ma-

391 783 685 858 trim0nii
720 808 873 856 cum
916 786 1352 859 sacramentis
1402 786 1683 889 reliquis
1709 844 1725 874 ‚
1782 789 2260 864 concludamus
2311 807 2608 890 oportet,

392 899 466 970 in
499 898 917 974 matrimonio
950 898 1319 975 christiano
1351 918 1762 976 contractum
1797 903 2169 1002 legitimum
2208 932 2343 981 non
2380 905 2616 979 haberi

389 1013 509 1085 uhi
557 1039 690 1087 non
761 1003 1047 1088 liabetur
1092 1033 1584 1090 sacramentum
1628 1046 1644 1089 :
1701 1018 1869 1093 adeo
1920 1019 2406 1120 inseparabiles
2460 1037 2618 1094 sunt

385 1129 560 1203 ratio
594 1146 975 1204 contractus
1025 1146 1092 1204 et
1142 1132 1311 1205 ratio
1362 1134 1814 1208 sacramenti!

1234 1350 1650 1408 ARTICULUS
1690 1351 1762 1407 n.

398 1516 552 1578 Data
596 1520 769 1579 ettam
812 1522 1053 1580 veritate
1102 1525 1416 1582 sententiae
1454 1523 1526 1583 de
1582 1524 1878 1585 sacerdote
1930 1530 2275 1588 sacramenti
2320 1528 2617 1590 Matrimo-

530 1619 611 1676 ntl
668 1620 934 1678 ministro
962 1662 981 1695 ,
1036 1637 1332 1696 perperam
1384 1621 1574 1683 adhuc
1623 1622 1759 1682 inde
1809 1623 2053 1685 insertur
2103 1625 2399 1687 distinctio
2461 1631 2612 1688 inter
2688 1634 2694 1639 '

525 1720 893 1775 cmmctum
932 1722 993 1776 et
1025 1724 1448 1779 sacramentum
1489 1721 1551 1780 tn
1592 1723 1963 1781 matrimonio
1989 1722 2329 1785 christiano.

530 1928 1115 2025 supervacaneum
1163 1931 1378 2005 videri
1429 1952 1662 2033 posset
1710 1952 1863 2035 post
1911 1962 2025 2024 ea,
2066 1962 2244 2036 quae
2288 1936 2619 2010 hactenus

386 2044 754 2118 constituta
803 2060 988 2131 sunt,
1025 2045 1111 2118 de
1142 2045 1375 2120 eadem
1427 2065 1783 2123 retractare
1832 2051 2160 2124 sententia
2182 2108 2199 2137 ‚
2247 2077 2456 2150 quum
2504 2050 2621 2121 fir-

391 2158 526 2230 mis
573 2158 740 2231 adeo
788 2156 1161 2259 solidisque
1209 2164 1619 2258 argumentis
1672 2163 2200 2238 demonstratum
2251 2165 2377 2252 sit,
2437 2162 2621 2236 nulla

393 2271 656 2346 ratione
700 2273 1065 2349 doctrinam
1099 2276 1187 2349 de
1217 2277 1565 2350 sacerdote
1596 2302 1722 2352 ceu
1756 2279 2157 2352 sacramenti
2212 2278 2616 2352 matrimonii

392 2386 702 2463 ministro
749 2389 1012 2463 admitti
1075 2416 1300 2489 posse.
1345 2391 1677 2477 Quoniam
1731 2409 1954 2466 tamen
1984 2450 2002 2479 ‚
2059 2393 2178 2492 qui
2227 2392 2451 2466 animo
2499 2392 2621 2465 ob-

391 2502 638 2578 firmati
688 2523 848 2579 sunt
905 2506 975 2579 in
1024 2532 1106 2581 ea
1155 2509 1525 2607 protuenda
1591 2508 1677 2585 ad
1741 2534 2127 2608 perversum
2189 2509 2390 2582 finem
2440 2534 2623 2583 asse·

387 2620 760 2720 quendum,
792 2649 994 2722 quem
1020 2622 1153 2696 sibi
1180 2642 1671 2724 proposuerunt
1702 2625 2120 2722 (cuiusmodi
2147 2641 2309 2699 sunt
2334 2625 2621 2725 pseudo-

389 2735 698 2834 politici,
756 2754 830 2811 ut
892 2764 1016 2813 suo
1078 2738 1224 2813 loco
1289 2740 1719 2837 videbimus)
1777 2768 1853 2815 se
1902 2741 2099 2815 facile
2164 2741 2625 2816 communiunt

307 2847 312 2852 ’
390 2851 767 2925 extrinseca
801 2852 919 2926 illa
951 2854 1420 2954 probabilitate
1441 2914 1458 2942 ‚
1489 2883 1668 2956 quae
1691 2857 1909 2931 eidem
1948 2857 2319 2931 sententiae
2351 2855 2625 2930 obvenit

391 2964 478 3038 ob
518 2981 614 3040 tot
661 2966 1144 3065 theologorum,
1186 2970 1303 3068 qui
1339 2997 1488 3044 eam
1539 2971 1689 3044 tuiti
1742 2986 1931 3057 sunt,
1987 2970 2452 3046 auctoritatem
2478 3027 2495 3056 ‚
2553 2986 2621 3042 et

395 3097 668 3180 propter
713 3109 922 3181 quam
969 3085 1371 3160 Benedictus
1409 3086 1574 3157 XIV.
1608 3085 1777 3159 Cani
1821 3087 2219 3160 sententiam
2252 3087 2446 3159 valde
2473 3111 2624 3184 pro-

399 3196 679 3270 babilam
739 3198 1152 3298 nuncupavit
1193 3257 1209 3285 ,
1276 3200 1578 3297 cogimur
1626 3200 1953 3274 adversus
2000 3225 2118 3273 eos
2145 3255 2161 3286 ,
2219 3199 2335 3297 qui
2387 3198 2621 3271 eadem

394 3311 578 3385 abuti
645 3338 925 3411 pergere
989 3313 1259 3400 volunt,
1326 3315 1526 3389 etiam
1578 3314 1708 3389 hac
1757 3314 1827 3387 in
1877 3313 2239 3415 hypothesi
2292 3313 2622 3386 invectam

393 3425 891 3502 distinctionem
943 3454 1219 3528 prorsus
1268 3429 1641 3503 eliminare.
1684 3430 1826 3503 Hac
1868 3430 2122 3503 ratione
2172 3427 2626 3527 praecidimus

398 3538 584 3614 filum
618 3542 917 3617 cuiusvis
952 3544 1520 3641 tergiversationis
1545 3544 1858 3618 osoribus
1884 3542 2258 3617 catholicae
2283 3541 2625 3617 doctrinae

401 3680 496 3728 ne
539 3682 622 3728 ea
666 3656 754 3731 ad
805 3659 1143 3758 propriam
1180 3676 1247 3731 et
1279 3657 1562 3734 aliorum
1616 3659 1983 3758 perniciem
2035 3657 2220 3731 abuti
2267 3656 2558 3730 valeant.

545 3770 642 3842 Ne
686 3797 843 3846 vero
893 3773 962 3844 in
1013 3799 1085 3845 re
1136 3773 1304 3846 adeo
1355 3773 1544 3870 gravi
1599 3773 2019 3847 desideretur
2067 3770 2448 3844 necessaria
2484 3795 2629 3867 per-

396 3884 758 3983 spicuitas,
818 3886 1140 3961 nonnulla
1207 3887 1691 3986 praemittenda
1740 3912 1892 3962 esse
1942 3885 2330 3961 censuimus
2383 3884 2469 3958 ad
2520 3883 2627 3958 di·-

394 4000 758 4075 cendorum
811 4001 1352 4078 elucidationem.

542 4117 1042 4190 Praemittimus
1095 4119 1320 4218 itaque
1355 4121 1424 4189 1.
1452 4144 1577 4190 nos
1630 4118 1759 4190 hoc
1811 4117 1956 4191 loco
2008 4117 2342 4192 disserere
2376 4117 2461 4190 de
2496 4142 2631 4190 ma-

395 4228 730 4304 trimoniis
759 4232 945 4305 iuxta
969 4230 1247 4306 formam
1275 4260 1317 4308 a
1343 4232 1703 4308 tridentino
1733 4233 2214 4331 praescriptam
2241 4230 2622 4314 celebratis,

392 4361 511 4417 aut
560 4346 984 4424 celebrandis
1033 4347 1150 4421 ubi
1199 4350 1346 4424 eius
1396 4349 1736 4424 decretum
1806 4346 2213 4447 publicatum
2266 4361 2393 4422 est.
2463 4345 2631 4421 Nam

2470 4475 2534 4523 ¹³
