3276 5083
656 404 794 478 238
1055 425 1178 475 un.
1220 424 1268 474 1.
1307 422 1478 474 sacr.
1520 424 1780 475 Αιτιιιιι.
1824 423 1904 472 ns
1952 421 2216 474 nrm.
2258 422 2473 472 civm.

652 546 722 618 in
767 541 993 616 omnia
1043 539 1221 613 mala
1283 565 1363 613 ac
1411 540 1709 615 facinora
1759 536 2129 641 proruant?
2179 539 2308 612 Fac
2356 554 2431 612 ut
2477 537 2867 617 huiusmodi

652 657 959 731 homines
1007 655 1137 729 sub
1171 653 1392 753 legum
1437 655 1643 728 tutela
1693 680 1773 729 ac
1824 654 2194 755 patrocinio
2231 655 2301 725 in
2344 655 2664 730 societate
2700 659 2873 732 mul-

652 771 1039 873 tiplicentur
1069 827 1085 859 ,
1143 795 1402 843 morum
1454 770 1755 842 omnium'
1802 770 1985 843 illico
2037 767 2232 843 foeda
2282 771 2618 868 corruptio
2662 775 2876 849 socie-

652 903 854 962 tatem
897 886 1113 987 ipsam
1138 943 1154 973 ,
1211 911 1347 984 qua
1395 885 1527 958 late
1575 901 1754 985 patet
1775 943 1792 971 ,
1849 882 2145 958 invadet.

797 1000 1055 1098 Religio
1106 998 1251 1073 sola
1286 1014 1423 1086 est,
1468 1026 1644 1099 quae
1679 1000 1966 1100 populos
2004 999 2074 1070 in
2108 998 2331 1072 officio
2380 1003 2723 1075 continere
2756 1030 2874 1078 va·

654 1117 828 1203 leat,
886 1132 972 1189 et·
1000 1115 1268 1189 efficere
1300 1141 1388 1188 ue
1420 1114 1492 1187 iu
1526 1115 1878 1190 colluviem
1922 1115 2238 1189 vitiorum
2278 1113 2619 1203 diffluant;
2659 1119 2878 1217 quod-

655 1255 947 1329 cumque
994 1228 1179 1301 aliud
1231 1229 1636 1326 excogitetur
1679 1229 1974 1302 medium
1998 1286 2013 1315 ‚
2071 1229 2372 1329 ineptum
2421 1247 2528 1304 est
2575 1232 2725 1305 sine
2771 1258 2878 1306 re-

654 1344 906 1444 ligione
955 1343 1042 1417 ad
1094 1342 1272 1417 mala
1315 1343 1480 1417 haec
1529 1344 1911 1431 avertenda.
1949 1346 2419 1443 Praeterquam
2473 1345 2655 1445 quod
2696 1347 2875 1419 enim

657 1486 827 1536 sana
871 1460 1043 1534 ratio
1092 1458 1166 1530 id
1210 1474 1436 1559 aperte
1477 1457 1674 1533 docet
1697 1515 1713 1546 ‚
1762 1458 2067 1532 luctuosa
2116 1454 2530 1559 experientia
2578 1463 2876 1533 omnium

655 1576 1034 1657 seculorum
1084 1573 1451 1648 luculenter
1485 1573 1924 1648 demonstrat.
1960 1576 2138 1648 Sane
2172 1576 2259 1663 si,
2301 1575 2474 1648 nihil
2510 1576 2879 1650 obsistente

657 1689 1003 1787 religionis
1050 1691 1314 1777 fraeno,
1370 1704 1468 1762 tot
1525 1704 1844 1788 tantaque
1912 1691 2298 1763 societatem
2362 1690 2539 1762 mala
2598 1691 2880 1763 moralia

658 1804 1017 1903 inquinant
1064 1802 1266 1903 atque
1316 1801 1651 1890 inficiunt,
1694 1801 2029 1904 quiderit
2070 1803 2554 1902 expectandum
2596 1802 2744 1876 cum
2780 1830 2881 1876 re-

656 1917 821 2016 ligio
861 1919 1015 2018 ip'sa
1061 1917 1506 1991 contemnitur
1553 1934 1622 1991 et
1672 1918 1971 1991 irrisioni
2018 1916 2349 1990 habetur?
2398 1919 2598 1990 Porro
2647 1917 2706 1990 si
2757 1917 2874 2016 qui

658 2034 1001 2133 religionis
1071 2050 1558 2135 contemptores
1602 2061 1683 2108 ac
1735 2035 2045 2108 irrisores
2105 2033 2429 2107 censendi
2481 2050 2668 2120 sunt,
2725 2058 2879 2134 pro-

658 2148 977 2225 culdubio
1020 2149 1188 2224 tales
1231 2167 1391 2225 sunt
1433 2149 1937 2250 habendi‚‘qui
1979 2149 2261 2248 insuper
2294 2149 2529 2222 habita
2561 2149 2882 2223 ecclesiae

658 2266 964 2340 doctrina
1029 2266 1184 2341 s'ub·
1223 2264 1442 2339 civilis
1492 2264 1664 2362 legis
1698 2262 1951 2340 ‘'favure
2005 2291 2084 2337 ac
2144 2267 2557 2365 protectione
2616 2291 2715 2338 se*
2748 2264 2880 2338 illis

657 2381 992 2477 coniugiis
1055 2380 1436 2480 implicant,
1509 2406 1686 2481 quae
1750 2380 1839 2453 ab
1891 2377 2127 2453 eadem
2191 2378 2480 2454 ecclesia
2541 2379 2887 2477 illegitima

662 2492 984 2594 nullaque
1031 2495 1502 2568 decernuntur.
2052 2522 2057 2527 ·

809 2608 1065 2682 Crescit
1098 2623 1318 2681 autem
1349 2608 1528 2681 haec
1569 2635 1827 2682 morum
1863 2609 2241 2710 corruptela
2283 2638 2406 2710 per
2445 2607 2743 2683 scandali
2777 2608 2887 2678 di—

665 2724 1073 2799 latationem.
1108 2723 1380 2800 Etenim·
1415 2722 1858 2798 hominesfita
1892 2725 2322 2798 suntanimo
2361 2722 2763 2822 comparati,
2811 2738 2886 2795 ut

662 2857 818 2912 cum
881 2839 1039 2937 quis
1090 2838 1175 2910 ab
1207 2839 1420 2913 initio
1461 2840 1749 2937 ingens·
1779 2840 2061 2939 aliquod·
2110 2839 2384 2939 praebet
2431 2837 2828 2912 scandalum
2856 2889 2878 2924 ,

665 2951 840 3038 illud,
873 2953 1385 3041 exhorrescant,
1443 2954 1764 3028 damnent
1785 3013 1800 3041 ,
1851 2955 2287 3029 detestentur.
2329 2955 2568 3027 Verum
2606 2952 2666 3026 si
2701 2951 2883 3024 idem

660 3065 1050 3145 wandalum
1103 3067 1376 3141 iteretur
1398 3125 1413 3156 ,
1464 3068 2117 3170 multipliceturque,
2154 3069 2390 3144 'minus
2442 3068 2837 3166 quatiuntur
2857 3122 2875 3152 ,

659 3207 745 3263 ac
793 3183 1201 3283 pedetentim
1235 3185 1295 3259 ei
1333 3200 1732 3270 assuescunt
1757 3243 1772 3271 ,
1823 3210 1905 3258 ac
1952 3186 2155 3259 veluti
2211 3185 2669 3258 indifferentes
2719 3198 2887 3256 tem·

661 3303 856 3416 poris
885 3301 1079 3402 lapsu
1114 3327 1272 3400 erga
1298 3295 1466 3375 illud
1501 3295 1973 3388 seexhibent,
2002 3303 2207 3376 immo
2230 3327 2388 3375 vero
2415 3300 2645 3401 plures
2680 3321 2887 3400 pravo

659 3418 785 3494 illo
804 3419 1109 3517 exemplo
1137 3419 1420 3518 impulsi
1431 3418 1515 3491 ad
1536 3415 1709 3490 istud
1736 3409 2159 3502 imitandum,
2183 3409 2569 3516 impellente
2591 3414 2889 3514 quadan-

665 3527 862 3610 tenus
915 3533 1122 3609 insita
1157 3550 1450 3607 naturae
1500 3550 1771 3607 nostrae
1819 3527 1921 3607 ob
1956 3546 2299 3642 peccatum
2359 3529 2686 3626 originale
2745 3551 2890 3602 oor-

665 3640 952 3779 ruptela,
984 3665 1488 3749 provocantur.-
1483 3650 1676 3723 Hac
1670 3641 1949 3721 ratione
2002 3664 2259 3718 morum
2312 3645 2597 3719 foeditas
2647 3645 2894 3741 iugiter

667 3764 737 3836 in
792 3765 985 3864 peius
1038 3779 1221 3849 ruet,
1273 3780 1338 3836 et
1378 3790 1695 3836 numerus
1748 3763 2233 3889 flagitio-‘sorum
2285 3760 2685 3833 hominum
2668 3786 2736 3830 ιιι
2772 3758 2892 3828 im-

664 3881 974 3956 mensum
1025 3861 1360 3956 excrescet
1409 3879 1544 3951 non
1581 3878 1824 3975 exigua
1871 3875 2215 3966 societatis
2266 3876 2546 3950 iactura.

810 3994 1049 4067 Verum
1078 4011 1142 4066 et
1159 3993 1342 4067 alius
1377 3994 1538 4067 fons
1570 3992 2017 4093 corruptionis
2043 3991 2289 4065 exinde
2313 3991 2643 4072 dimanat,
2684 4011 2891 4086 prava

669 4135 910 4208 nempe
960 4099 1334 4183 litterarum
1378 4109 1733 4185 institutio.
1779 4109 1947 4181 Nam
1982 4133 2135 4180 cum
2187 4107 2322 4180 nisi
2368 4100 2722 4198 irreligiosi
2769 4100 2890 4186 ho-

667 4223 885 4338 mines
942 4240 1146 4338 atque
1195 4226 1452 4299 idcirco
1501 4201 1821 4323 flagitiosi
1876 4223 2176 4322 possint,
2233 4220 2528 4321 seposito
2576 4215 2893 4313 religioso

668 4333 1031 4440 coniugio,
1093 4340 1277 4415 civili
1319 4368 1397 4416 se
1449 4356 1705 4416 tantum
1754 4349 2097 4440 contractu
2153 4336 2545 4433 colligare,
2567 4331 2753 4408 nulla
2806 4330 2893 4405 iis
