3276 5083
564 426 707 492 mu».⁸
727 443 816 490 iv.
840 443 917 492 ιιιι
942 441 1177 493 Ancus.
1205 441 1325 492 rao
1349 441 1505 492 ιιιιιιι
1524 441 1609 493 nu
1635 441 1827 492 una.
1853 439 1981 492 civ.
2007 442 2146 493 Αιιι.
2175 443 2268 491 ιιι.
2404 418 2538 491 428

346 587 511 661 quae
558 576 711 633 sunt
758 560 912 643 Dei,
968 560 1122 632 Deo.
1158 560 1358 632 Porro
1403 558 1527 631 Dei
1578 574 1737 631 sunt
1784 573 2157 632 contractus
2208 573 2274 631 et
2323 583 2545 634 sacra-

350 690 645 749 mentum
694 673 1026 771 coniugii,
1081 671 1387 746 Caesaris
1437 688 1593 746 sunt
1638 673 2008 744 extrinseca
2032 728 2047 758 ,
2105 697 2280 770 quae
2329 674 2551 746 matri-

354 790 649 864 monium
686 791 1150 875 circumstant,
1186 812 1427 885 nempe
1452 785 1730 860 effectus
1756 786 1984 859 civiles
2003 844 2018 874 ,
2052 813 2222 885 quos
2248 785 2554 861 Christus

352 900 619 978 Caesari
671 903 963 989 dimisit3
1018 902 1138 980 sed
1202 917 1579 975 contractus
1637 901 2011 998 coniugalis
2069 918 2400 1001 quatenus
2458 902 2557 975 ef-

356 1018 575 1092 ficitur
623 1044 742 1117 per
774 1043 1172 1095 consensum
1209 1033 1276 1090 et
1308 1016 1711 1094 voluntatem
1747 1016 2273 1091 contrahentium
2301 1075 2317 1103 ‚
2362 1043 2557 1090 num·-

357 1158 557 1231 quam
608 1132 732 1204 fuit
779 1131 1147 1219 CaesariS,
1178 1131 1297 1204 sed
1349 1131 1533 1206 Deus
1569 1132 1636 1202 in
1675 1149 2210 1230 protoparentum
2246 1132 2558 1230 coniugio

357 1274 507 1321 eum
558 1245 685 1320 sibi
721 1246 1125 1333 reservavit,
1157 1245 1518 1321 decernens
1553 1247 1752 1319 etiam
1790 1248 2180 1347 praecipuas
2216 1248 2363 1320 eius
2410 1272 2553 1346 pro·

360 1362 706 1462 prietates,
761 1362 1036 1436 unitatis
1088 1378 1153 1435 et
1202 1360 1862 1447 indissolubilitatis,
1916 1378 1993 1434 ut
2023 1361 2193 1436 alias
2227 1362 2550 1435 diximus.

360 1476 616 1549 Exinde
666 1492 844 1574 patet
891 1502 1194 1551 corruere
1246 1476 1612 1550 illationem
1661 1502 1741 1549 ex
1791 1476 1964 1551 falsa
2012 1477 2370 1577 hypothesi
2407 1503 2561 1578 pro-

361 1591 700 1664 fluentem.

508 1706 700 1793 Quod
753 1708 850 1793 si,
908 1724 983 1779 ut
1031 1706 1183 1779 aliis
1235 1706 1479 1806 placet,
1534 1706 1716 1780 Deus
1765 1732 2119 1807 supremae
2166 1708 2326 1781 olim
2380 1725 2565 1808 pote-

364 1822 515 1895 stati
551 1821 748 1893 etiam
784 1837 1191 1896 contractum
1225 1821 1446 1921 ipsum
1482 1822 1898 1920 coniugalem
1923 1822 2404 1896 moderandum
2432 1841 2565 1896 tra-

366 1936 575 2021 didit,
616 1936 937 2017 Christus
960 1952 1035 2008 ιιι
1067 1937 1138 2007 in
1175 1933 1513 2008 nonnullis
1548 1936 1740 2022 aliis,
1782 1938 1881 2010 sic
1906 1936 2202 2010 etiamin
2231 1938 2565 2037 hocprin-

367 2051 590 2149 cipum
640 2049 997 2122 coarctavit
1059 2049 1556 2150 auctoritatem3
1580 2050 1819 2122 Verum
1867 2049 1954 2122 de
2005 2051 2130 2124 hoc
2178 2070 2570 2148 argumento

372 2163 557 2237 alibi.
2281 2218 2288 2227 ,

516 2279 619 2351 Ad
670 2280 738 2350 2.
773 2276 1257 2351 Probationem.
1293 2278 1523 2377 Neque
1557 2278 1732 2352 favet
1779 2278 2060 2352 oratoris
2110 2279 2284 2351 thesi
2319 2280 2415 2352 rei
2459 2305 2571 2353 na-

375 2409 561 2480 tura,
596 2419 722 2467 seu
757 2392 1007 2465 evectio
1039 2406 1417 2465 contractus
1451 2391 1539 2464 ad
1589 2393 2298 2466 sacramentum..Nam
2333 2410 2399 2465 et
2441 2392 2572 2467 hoc

376 2525 478 2583 est
510 2507 752 2583 falsum
787 2506 1151 2584 adversarii
1203 2506 1601 2607 principium
1628 2564 1645 2593 ,
1689 2507 1867 2606 quod
1897 2533 2145 2607 nempe
2178 2509 2570 2582 sacramenti

376 2624 671 2722 dignitas
722 2625 995 2698 accedat
1041 2623 1126 2698 ad
1163 2638 1566 2696 contractum
1603 2622 1736 2695 iam
1773 2623 2047 2710 initum,
2090 2640 2429 2722 tamquam
2464 2650 2572 2698 res

377 2742 465 2815 ad
500 2767 674 2827 rem,
707 2739 985 2839 perinde
1016 2765 1096 2813 ac
1132 2738 1189 2811 si
1223 2754 1597 2812 contractus
1633 2756 1701 2812 et
1735 2755 2218 2812 sacramentum
2254 2739 2428 2813 duae
2465 2765 2572 2813 res
2671 2809 2676 2818 .

377 2870 606 2928 essent
652 2849 823 2929 inter
868 2881 949 2927 se
1001 2854 1377 2927 distinctae.
1419 2851 1555 2926 Iam
1618 2879 1776 2927 vero
1825 2868 1897 2926 ut
1957 2879 2080 2928 suo
2144 2854 2291 2929 loco
2350 2871 2577 2930 osten-

382 2968 637 3053 dimus,
692 2984 1175 3042 sacramentum
1225 2967 1482 3065 exurgit
1528 2994 1609 3041 ex
1659 2969 1811 3067 ipso
1858 2986 2194 3044 contractu
2242 2951 2402 3043 dum
2447 2970 2567 3059 fit,

384 3083 477 3155 ita
508 3096 583 3156 ut
615 3108 787 3154 unus
824 3082 1135 3181 idemque
1170 3084 1257 3155 sit
1289 3098 1477 3157 actus
1513 3109 1647 3181 quo
1698 3083 1772 3156 fit
1818 3100 2194 3158 contractus
2243 3101 2324 3158 et·
2354 3111 2578 3159 sacra-

385 3213 714 3283 mentum,
756 3197 1057 3296 adeoque
1088 3196 1370 3270 habetur
1417 3197 1732 3271 identitas
1784 3197 1984 3272 realis
2032 3200 2412 3299 utriusque,
2454 3225 2582 3274 nec

385 3338 560 3384 unus
619 3309 704 3384 ab
758 3310 966 3386 altero
1026 3312 1319 3412 separari
1385 3329 1651 3410 potest,
1707 3328 1822 3385 aut
1885 3312 2190 3387 dissolvi.
2232 3315 2405 3386 Hinc
2464 3339 2578 3386 su·-

389 3441 754 3524 perstmcta
796 3425 1047 3514 moles,
1088 3425 1351 3500 sublato
1386 3427 1850 3514 fundamento,
1900 3428 2220 3516 concidit3
2267 3429 2582 3503 videlicet

390 3540 718 3628 concidit,
773 3541 954 3641 quod
1005 3559 1224 3616 orator
1272 3543 1369 3616 ait
1415 3542 1499 3614 de
1538 3544 2010 3617 coniunctione
2059 3545 2258 3617 unius
2295 3546 2385 3617 rei
2425 3570 2579 3618 cum

391 3653 625 3739 altera,
689 3680 862 3753 quae
917 3655 1299 3729 earumdem
1357 3669 1660 3730 naturam
1723 3657 1995 3729 minime
2057 3656 2224 3730 tollit
2280 3674 2412 3731 aut.
2454 3660 2579 3730 im-

391 3782 623 3840 mutat.
682 3768 755 3840 Id
819 3770 1111 3868 profecto
1174 3796 1407 3844 verum
1468 3788 1570 3844 est
1608 3828 1624 3856 ,
1695 3771 1756 3844 si
1811 3771 2139 3845 eiusmodi
2201 3773 2581 3847 coniunctio

393 3881 482 3955 ab
528 3883 894 3985 extrinseco
931 3885 1084 3973 fiat;
1126 3886 1244 3960 sed
1279 3886 1339 3960 si
1375 3886 1468 3960 ita
1500 3886 1617 3960 fiat
1648 3887 2027 3961 coniunctio
2068 3903 2144 3960 ut
2191 3903 2588 3962 concurrant

388 3997 590 4073 veluti
641 3997 774 4072 duo
823 3999 1148 4073 elementa
1195 4000 1281 4073 ad
1331 4027 1467 4073 rem
1505 4000 1842 4100 quandam
1880 4002 2142 4074 unicam
2179 4001 2583 4075 constituen-

392 4113 548 4185 dam
600 4114 1188 4214 efficiendamque,
1244 4116 1467 4215 reipsa
1517 4133 1754 4188 natura
1804 4117 1897 4189 rei
1950 4115 2197 4190 tollitur
2228 4142 2307 4188 ac
2343 4117 2583 4189 immu-

397 4244 571 4303 tatur
598 4250 619 4316 ,·
686 4245 881 4331 prout
940 4232 1231 4305 cernitur
1294 4230 1399 4304 vel
1463 4231 1530 4303 in
1595 4231 1765 4330 ipsis
1825 4231 2400 4306 coniunctionibus
2463 4259 2582 4306 seu

395 4344 925 4442 copulationibus
962 4345 1266 4445 physicis
1299 4362 1413 4420 aut
1443 4345 1775 4421 chimicis.
1808 4344 1996 4420 Certe
2029 4347 2323 4422 essentia
2367 4371 2585 4423 sacra·
