<?xml version="1.0" encoding="UTF-8"?>
<!DOCTYPE html PUBLIC "-//W3C//DTD XHTML 1.0 Transitional//EN"
    "http://www.w3.org/TR/xhtml1/DTD/xhtml1-transitional.dtd">
<html xmlns="http://www.w3.org/1999/xhtml" xml:lang="en" lang="en">
 <head>
  <title>
</title>
<meta http-equiv="Content-Type" content="text/html;charset=utf-8" />
  <meta name='ocr-system' content='tesseract 3.04.00' />
  <meta name='ocr-capabilities' content='ocr_page ocr_carea ocr_par ocr_line ocrx_word'/>
</head>
<body>
  <div class='ocr_page' id='page_1' title='image "./dematrimoniochr04perrgoog_0431.png"; bbox 0 0 3276 5083; ppageno 0'>
   <div class='ocr_carea' id='block_1_1' title="bbox 384 428 2688 908">
    <p class='ocr_par' dir='ltr' id='par_1_1' title="bbox 384 428 2688 908">
     <span class='ocr_line' id='line_1_1' title="bbox 580 428 2595 512; baseline -0.005 0"><span class='ocrx_word' id='word_1_1' title='bbox 580 461 718 512; x_wconf 71' lang='lat' dir='ltr'><strong>mr.</strong></span> <span class='ocrx_word' id='word_1_2' title='bbox 742 461 831 510; x_wconf 76' lang='lat' dir='ltr'><strong>iv.</strong></span> <span class='ocrx_word' id='word_1_3' title='bbox 857 458 962 508; x_wconf 80' lang='grc' dir='ltr'><strong>ιιι.</strong></span> <span class='ocrx_word' id='word_1_4' title='bbox 992 456 1228 508; x_wconf 67' lang='lat' dir='ltr'><strong>Anauni.</strong></span> <span class='ocrx_word' id='word_1_5' title='bbox 1253 456 1370 507; x_wconf 72' lang='lat' dir='ltr'><strong>ruo</strong></span> <span class='ocrx_word' id='word_1_6' title='bbox 1397 454 1556 506; x_wconf 73' lang='lat' dir='ltr'><strong>uss</strong></span> <span class='ocrx_word' id='word_1_7' title='bbox 1578 454 1660 506; x_wconf 79' lang='grc' dir='ltr'><strong>ιιιι</strong></span> <span class='ocrx_word' id='word_1_8' title='bbox 1687 454 1877 509; x_wconf 72' lang='lat' dir='ltr'><strong>urs.</strong></span> <span class='ocrx_word' id='word_1_9' title='bbox 1901 453 2030 505; x_wconf 73' lang='lat' dir='ltr'><strong>civ.</strong></span> <span class='ocrx_word' id='word_1_10' title='bbox 2055 453 2197 504; x_wconf 70' lang='grc' dir='ltr'><strong>ιιιτ.</strong></span> <span class='ocrx_word' id='word_1_11' title='bbox 2219 453 2315 503; x_wconf 89' lang='grc' dir='ltr'><strong>ιιι.</strong></span> <span class='ocrx_word' id='word_1_12' title='bbox 2461 428 2595 502; x_wconf 70' lang='lat'><strong>407</strong></span> 
     </span>
     <span class='ocr_line' id='line_1_2' title="bbox 384 568 2605 679; baseline -0.004 -26"><span class='ocrx_word' id='word_1_13' title='bbox 384 578 667 679; x_wconf 87' lang='lat' dir='ltr'><strong>quidem</strong></span> <span class='ocrx_word' id='word_1_14' title='bbox 717 575 867 663; x_wconf 80' lang='lat' dir='ltr'><strong>fuit,</strong></span> <span class='ocrx_word' id='word_1_15' title='bbox 911 589 981 647; x_wconf 90' lang='lat' dir='ltr'><strong>at</strong></span> <span class='ocrx_word' id='word_1_16' title='bbox 1013 573 1077 647; x_wconf 77' lang='lat' dir='ltr'><strong>vi</strong></span> <span class='ocrx_word' id='word_1_17' title='bbox 1131 572 1304 670; x_wconf 79' lang='lat' dir='ltr'><strong>legis</strong></span> <span class='ocrx_word' id='word_1_18' title='bbox 1352 571 1624 646; x_wconf 82' lang='lat' dir='ltr'><strong>civilis:</strong></span> <span class='ocrx_word' id='word_1_19' title='bbox 1684 572 1822 645; x_wconf 89' lang='lat' dir='ltr'><strong>iam</strong></span> <span class='ocrx_word' id='word_1_20' title='bbox 1869 596 2027 645; x_wconf 82' lang='lat' dir='ltr'><strong>vero</strong></span> <span class='ocrx_word' id='word_1_21' title='bbox 2077 571 2257 670; x_wconf 90' lang='lat' dir='ltr'><strong>quod</strong></span> <span class='ocrx_word' id='word_1_22' title='bbox 2309 568 2414 643; x_wconf 85' lang='lat' dir='ltr'><strong>lex</strong></span> <span class='ocrx_word' id='word_1_23' title='bbox 2449 571 2605 646; x_wconf 83' lang='lat' dir='ltr'><strong>fecit</strong></span> 
     </span>
     <span class='ocr_line' id='line_1_3' title="bbox 388 683 2688 794; baseline -0.004 -27"><span class='ocrx_word' id='word_1_24' title='bbox 388 707 615 794; x_wconf 74' lang='lat' dir='ltr'><strong>potest</strong></span> <span class='ocrx_word' id='word_1_25' title='bbox 653 690 975 765; x_wconf 77' lang='lat' dir='ltr'><strong>infectum</strong></span> <span class='ocrx_word' id='word_1_26' title='bbox 1024 687 1335 775; x_wconf 78' lang='lat' dir='ltr'><strong>reddere,</strong></span> <span class='ocrx_word' id='word_1_27' title='bbox 1378 687 1512 762; x_wconf 90' lang='lat' dir='ltr'><strong>imo</strong></span> <span class='ocrx_word' id='word_1_28' title='bbox 1536 700 1603 761; x_wconf 88' lang='lat' dir='ltr'><strong>et</strong></span> <span class='ocrx_word' id='word_1_29' title='bbox 1628 686 1865 775; x_wconf 83' lang='lat' dir='ltr'><strong>debet,</strong></span> <span class='ocrx_word' id='word_1_30' title='bbox 1895 686 2056 759; x_wconf 90' lang='lat' dir='ltr'><strong>dum</strong></span> <span class='ocrx_word' id='word_1_31' title='bbox 2107 683 2494 785; x_wconf 72' lang='lat' dir='ltr'><strong>respublica</strong></span> <span class='ocrx_word' id='word_1_32' title='bbox 2533 685 2603 759; x_wconf 90' lang='lat' dir='ltr'><strong>id</strong></span> <span class='ocrx_word' id='word_1_33' title='bbox 2685 707 2688 710; x_wconf 85' lang='lat'>·</span> 
     </span>
     <span class='ocr_line' id='line_1_4' title="bbox 389 805 893 908; baseline -0.014 -27"><span class='ocrx_word' id='word_1_34' title='bbox 389 805 687 908; x_wconf 87' lang='lat' dir='ltr'><strong>postulat</strong></span> <span class='ocrx_word' id='word_1_35' title='bbox 716 806 893 901; x_wconf 83' lang='lat'><strong>(90).</strong></span> 
     </span>
    </p>
   </div>
   <div class='ocr_carea' id='block_1_2' title="bbox 1299 981 1673 1080">
    <p class='ocr_par' dir='ltr' id='par_1_2' title="bbox 1299 981 1673 1080">
     <span class='ocr_line' id='line_1_5' title="bbox 1299 981 1673 1080; baseline 0.003 -29"><span class='ocrx_word' id='word_1_36' title='bbox 1299 981 1673 1080; x_wconf 76' lang='lat' dir='ltr'><strong>Responsio,</strong></span> 
     </span>
    </p>
   </div>
   <div class='ocr_carea' id='block_1_3' title="bbox 376 1147 2608 4016">
    <p class='ocr_par' dir='ltr' id='par_1_3' title="bbox 376 1147 2608 3093">
     <span class='ocr_line' id='line_1_6' title="bbox 528 1147 2604 1250; baseline -0.003 -25"><span class='ocrx_word' id='word_1_37' title='bbox 528 1153 720 1227; x_wconf 84' lang='lat' dir='ltr'><strong>Brevi</strong></span> <span class='ocrx_word' id='word_1_38' title='bbox 755 1167 1016 1227; x_wconf 89' lang='lat' dir='ltr'><strong>nosmet</strong></span> <span class='ocrx_word' id='word_1_39' title='bbox 1049 1150 1480 1250; x_wconf 83' lang='lat' dir='ltr'><strong>expediemus</strong></span> <span class='ocrx_word' id='word_1_40' title='bbox 1517 1149 1606 1224; x_wconf 88' lang='lat' dir='ltr'><strong>ab</strong></span> <span class='ocrx_word' id='word_1_41' title='bbox 1637 1147 1830 1225; x_wconf 86' lang='lat' dir='ltr'><strong>hisce</strong></span> <span class='ocrx_word' id='word_1_42' title='bbox 1864 1149 2208 1223; x_wconf 82' lang='lat' dir='ltr'><strong>historicis</strong></span> <span class='ocrx_word' id='word_1_43' title='bbox 2251 1172 2604 1245; x_wconf 83' lang='lat' dir='ltr'><strong>argumen-</strong></span> 
     </span>
     <span class='ocr_line' id='line_1_7' title="bbox 385 1264 2607 1367; baseline -0.003 -24"><span class='ocrx_word' id='word_1_44' title='bbox 385 1270 501 1343; x_wconf 81' lang='lat' dir='ltr'><strong>tis.</strong></span> <span class='ocrx_word' id='word_1_45' title='bbox 559 1268 825 1343; x_wconf 84' lang='lat' dir='ltr'><strong>Etenim</strong></span> <span class='ocrx_word' id='word_1_46' title='bbox 858 1325 874 1355; x_wconf 89' lang='lat'>,</span> <span class='ocrx_word' id='word_1_47' title='bbox 932 1268 1092 1340; x_wconf 87' lang='lat' dir='ltr'><strong>data</strong></span> <span class='ocrx_word' id='word_1_48' title='bbox 1142 1265 1344 1340; x_wconf 87' lang='lat' dir='ltr'><strong>etiam</strong></span> <span class='ocrx_word' id='word_1_49' title='bbox 1392 1265 1671 1339; x_wconf 85' lang='lat' dir='ltr'><strong>veritate</strong></span> <span class='ocrx_word' id='word_1_50' title='bbox 1721 1264 2046 1367; x_wconf 86' lang='lat' dir='ltr'><strong>historica</strong></span> <span class='ocrx_word' id='word_1_51' title='bbox 2102 1289 2332 1338; x_wconf 88' lang='lat' dir='ltr'><strong>eorum</strong></span> <span class='ocrx_word' id='word_1_52' title='bbox 2360 1320 2375 1349; x_wconf 93' lang='lat'>‚</span> <span class='ocrx_word' id='word_1_53' title='bbox 2432 1288 2607 1363; x_wconf 88' lang='lat' dir='ltr'><strong>quae</strong></span> 
     </span>
     <span class='ocr_line' id='line_1_8' title="bbox 382 1379 2605 1480; baseline -0.002 -22"><span class='ocrx_word' id='word_1_54' title='bbox 382 1400 681 1459; x_wconf 86' lang='lat' dir='ltr'><strong>oratores</strong></span> <span class='ocrx_word' id='word_1_55' title='bbox 733 1399 1248 1470; x_wconf 87' lang='lat' dir='ltr'><strong>recensuerunt,</strong></span> <span class='ocrx_word' id='word_1_56' title='bbox 1295 1382 1466 1454; x_wconf 90' lang='lat' dir='ltr'><strong>nihil</strong></span> <span class='ocrx_word' id='word_1_57' title='bbox 1507 1382 1664 1455; x_wconf 91' lang='lat' dir='ltr'><strong>inde</strong></span> <span class='ocrx_word' id='word_1_58' title='bbox 1708 1407 1828 1480; x_wconf 91' lang='lat' dir='ltr'><strong>pro</strong></span> <span class='ocrx_word' id='word_1_59' title='bbox 1868 1406 2100 1455; x_wconf 91' lang='lat' dir='ltr'><strong>eorum</strong></span> <span class='ocrx_word' id='word_1_60' title='bbox 2143 1379 2317 1454; x_wconf 89' lang='lat' dir='ltr'><strong>thesi</strong></span> <span class='ocrx_word' id='word_1_61' title='bbox 2368 1405 2605 1454; x_wconf 88' lang='lat' dir='ltr'><strong>conse—</strong></span> 
     </span>
     <span class='ocr_line' id='line_1_9' title="bbox 382 1492 2608 1601; baseline -0.003 -26"><span class='ocrx_word' id='word_1_62' title='bbox 382 1508 725 1601; x_wconf 85' lang='lat' dir='ltr'><strong>queretur.</strong></span> <span class='ocrx_word' id='word_1_63' title='bbox 784 1498 1022 1571; x_wconf 90' lang='lat' dir='ltr'><strong>Thesis</strong></span> <span class='ocrx_word' id='word_1_64' title='bbox 1072 1498 1252 1571; x_wconf 88' lang='lat' dir='ltr'><strong>enim</strong></span> <span class='ocrx_word' id='word_1_65' title='bbox 1300 1522 1434 1570; x_wconf 90' lang='lat' dir='ltr'><strong>non</strong></span> <span class='ocrx_word' id='word_1_66' title='bbox 1488 1510 1592 1569; x_wconf 89' lang='lat' dir='ltr'><strong>est</strong></span> <span class='ocrx_word' id='word_1_67' title='bbox 1638 1495 1773 1595; x_wconf 85' lang='lat' dir='ltr'><strong>nisi</strong></span> <span class='ocrx_word' id='word_1_68' title='bbox 1827 1493 2223 1593; x_wconf 76' lang='lat' dir='ltr'><strong>approbatio</strong></span> <span class='ocrx_word' id='word_1_69' title='bbox 2273 1492 2444 1591; x_wconf 75' lang='lat' dir='ltr'><strong>legis</strong></span> <span class='ocrx_word' id='word_1_70' title='bbox 2487 1518 2608 1593; x_wconf 84' lang='lat' dir='ltr'><strong>per</strong></span> 
     </span>
     <span class='ocr_line' id='line_1_10' title="bbox 382 1608 2606 1714; baseline -0.003 -27"><span class='ocrx_word' id='word_1_71' title='bbox 382 1640 590 1714; x_wconf 89' lang='lat' dir='ltr'><strong>quam</strong></span> <span class='ocrx_word' id='word_1_72' title='bbox 639 1615 789 1688; x_wconf 89' lang='lat' dir='ltr'><strong>sine</strong></span> <span class='ocrx_word' id='word_1_73' title='bbox 838 1627 995 1687; x_wconf 86' lang='lat' dir='ltr'><strong>actu</strong></span> <span class='ocrx_word' id='word_1_74' title='bbox 1039 1610 1354 1708; x_wconf 81' lang='lat' dir='ltr'><strong>religioso</strong></span> <span class='ocrx_word' id='word_1_75' title='bbox 1378 1667 1394 1696; x_wconf 85' lang='lat'>,</span> <span class='ocrx_word' id='word_1_76' title='bbox 1444 1636 1566 1684; x_wconf 89' lang='lat' dir='ltr'><strong>seu</strong></span> <span class='ocrx_word' id='word_1_77' title='bbox 1616 1610 1839 1709; x_wconf 89' lang='lat' dir='ltr'><strong>potius</strong></span> <span class='ocrx_word' id='word_1_78' title='bbox 1890 1610 2060 1683; x_wconf 82' lang='lat' dir='ltr'><strong>sine.</strong></span> <span class='ocrx_word' id='word_1_79' title='bbox 2087 1608 2363 1708; x_wconf 77' lang='lat' dir='ltr'><strong>parochi</strong></span> <span class='ocrx_word' id='word_1_80' title='bbox 2413 1633 2606 1708; x_wconf 88' lang='lat' dir='ltr'><strong>prae-</strong></span> 
     </span>
     <span class='ocr_line' id='line_1_11' title="bbox 381 1723 2604 1826; baseline -0.003 -22"><span class='ocrx_word' id='word_1_81' title='bbox 381 1731 599 1804; x_wconf 85' lang='lat' dir='ltr'><strong>sentia</strong></span> <span class='ocrx_word' id='word_1_82' title='bbox 636 1729 870 1802; x_wconf 87' lang='lat' dir='ltr'><strong>haberi</strong></span> <span class='ocrx_word' id='word_1_83' title='bbox 906 1727 1126 1826; x_wconf 90' lang='lat' dir='ltr'><strong>possit</strong></span> <span class='ocrx_word' id='word_1_84' title='bbox 1159 1743 1500 1826; x_wconf 80' lang='lat' dir='ltr'><strong>tamquam</strong></span> <span class='ocrx_word' id='word_1_85' title='bbox 1532 1750 1766 1798; x_wconf 81' lang='lat' dir='ltr'><strong>verum</strong></span> <span class='ocrx_word' id='word_1_86' title='bbox 1801 1723 2185 1821; x_wconf 79' lang='lat' dir='ltr'><strong>coniugium</strong></span> <span class='ocrx_word' id='word_1_87' title='bbox 2215 1739 2604 1799; x_wconf 68' lang='lat' dir='ltr'><strong>&#39;contractus</strong></span> 
     </span>
     <span class='ocr_line' id='line_1_12' title="bbox 379 1839 2603 1944; baseline -0.001 -25"><span class='ocrx_word' id='word_1_88' title='bbox 379 1872 563 1919; x_wconf 92' lang='lat' dir='ltr'><strong>mere</strong></span> <span class='ocrx_word' id='word_1_89' title='bbox 588 1844 807 1920; x_wconf 79' lang='lat' dir='ltr'><strong>civilis</strong></span> <span class='ocrx_word' id='word_1_90' title='bbox 843 1861 997 1944; x_wconf 90' lang='lat' dir='ltr'><strong>post</strong></span> <span class='ocrx_word' id='word_1_91' title='bbox 1031 1843 1373 1917; x_wconf 88' lang='lat' dir='ltr'><strong>tridentini</strong></span> <span class='ocrx_word' id='word_1_92' title='bbox 1407 1841 1656 1916; x_wconf 82' lang='lat' dir='ltr'><strong>decreti</strong></span> <span class='ocrx_word' id='word_1_93' title='bbox 1693 1839 2238 1940; x_wconf 86' lang='lat' dir='ltr'><strong>publicationem.</strong></span> <span class='ocrx_word' id='word_1_94' title='bbox 2267 1840 2416 1912; x_wconf 76' lang='lat' dir='ltr'><strong>lam&#39;</strong></span> <span class='ocrx_word' id='word_1_95' title='bbox 2443 1854 2603 1917; x_wconf 80' lang='lat' dir='ltr'><strong>vero</strong></span> 
     </span>
     <span class='ocr_line' id='line_1_13' title="bbox 377 1956 2603 2055; baseline -0.003 -21"><span class='ocrx_word' id='word_1_96' title='bbox 377 1962 588 2034; x_wconf 83' lang='lat' dir='ltr'><strong>simul</strong></span> <span class='ocrx_word' id='word_1_97' title='bbox 643 1986 725 2033; x_wconf 93' lang='lat' dir='ltr'><strong>ac</strong></span> <span class='ocrx_word' id='word_1_98' title='bbox 765 1961 1103 2033; x_wconf 87' lang='lat' dir='ltr'><strong>decretum</strong></span> <span class='ocrx_word' id='word_1_99' title='bbox 1156 1958 1322 2030; x_wconf 91' lang='lat' dir='ltr'><strong>illud</strong></span> <span class='ocrx_word' id='word_1_100' title='bbox 1375 1956 1742 2031; x_wconf 90' lang='lat' dir='ltr'><strong>solemnem</strong></span> <span class='ocrx_word' id='word_1_101' title='bbox 1790 1956 2028 2030; x_wconf 88' lang='lat' dir='ltr'><strong>habuit</strong></span> <span class='ocrx_word' id='word_1_102' title='bbox 2079 1956 2603 2055; x_wconf 87' lang='lat' dir='ltr'><strong>publicationem</strong></span> 
     </span>
     <span class='ocr_line' id='line_1_14' title="bbox 383 2069 2603 2172; baseline -0.003 -25"><span class='ocrx_word' id='word_1_103' title='bbox 383 2073 728 2172; x_wconf 82' lang='lat' dir='ltr'><strong>aliquibus</strong></span> <span class='ocrx_word' id='word_1_104' title='bbox 755 2075 835 2144; x_wconf 78' lang='lat' dir='ltr'><strong>in‘</strong></span> <span class='ocrx_word' id='word_1_105' title='bbox 860 2073 1064 2159; x_wconf 89' lang='lat' dir='ltr'><strong>locis,</strong></span> <span class='ocrx_word' id='word_1_106' title='bbox 1105 2070 1530 2145; x_wconf 89' lang='lat' dir='ltr'><strong>matrimonia</strong></span> <span class='ocrx_word' id='word_1_107' title='bbox 1567 2070 1829 2155; x_wconf 89' lang='lat' dir='ltr'><strong>omnia,</strong></span> <span class='ocrx_word' id='word_1_108' title='bbox 1881 2095 2057 2168; x_wconf 91' lang='lat' dir='ltr'><strong>quae</strong></span> <span class='ocrx_word' id='word_1_109' title='bbox 2093 2069 2276 2142; x_wconf 82' lang='lat' dir='ltr'><strong>iuxta</strong></span> <span class='ocrx_word' id='word_1_110' title='bbox 2319 2069 2603 2142; x_wconf 83' lang='lat' dir='ltr'><strong>formam</strong></span> 
     </span>
     <span class='ocr_line' id='line_1_15' title="bbox 386 2183 2605 2287; baseline -0.001 -28"><span class='ocrx_word' id='word_1_111' title='bbox 386 2187 553 2260; x_wconf 88' lang='lat' dir='ltr'><strong>inibi</strong></span> <span class='ocrx_word' id='word_1_112' title='bbox 607 2187 1085 2287; x_wconf 83' lang='lat' dir='ltr'><strong>praescriptam</strong></span> <span class='ocrx_word' id='word_1_113' title='bbox 1137 2212 1270 2260; x_wconf 91' lang='lat' dir='ltr'><strong>non</strong></span> <span class='ocrx_word' id='word_1_114' title='bbox 1320 2183 1740 2258; x_wconf 84' lang='lat' dir='ltr'><strong>celebrantur</strong></span> <span class='ocrx_word' id='word_1_115' title='bbox 1771 2241 1787 2271; x_wconf 92' lang='lat'>‚</span> <span class='ocrx_word' id='word_1_116' title='bbox 1844 2183 2032 2256; x_wconf 91' lang='lat' dir='ltr'><strong>nulla</strong></span> <span class='ocrx_word' id='word_1_117' title='bbox 2083 2200 2242 2258; x_wconf 90' lang='lat' dir='ltr'><strong>sunt</strong></span> <span class='ocrx_word' id='word_1_118' title='bbox 2284 2207 2364 2256; x_wconf 91' lang='lat' dir='ltr'><strong>ac</strong></span> <span class='ocrx_word' id='word_1_119' title='bbox 2414 2183 2605 2256; x_wconf 88' lang='lat' dir='ltr'><strong>irrita</strong></span> 
     </span>
     <span class='ocr_line' id='line_1_16' title="bbox 385 2298 2604 2385; baseline -0.001 -12"><span class='ocrx_word' id='word_1_120' title='bbox 385 2327 522 2375; x_wconf 90' lang='lat' dir='ltr'><strong>non</strong></span> <span class='ocrx_word' id='word_1_121' title='bbox 572 2301 795 2375; x_wconf 88' lang='lat' dir='ltr'><strong>solum</strong></span> <span class='ocrx_word' id='word_1_122' title='bbox 845 2301 1100 2374; x_wconf 86' lang='lat' dir='ltr'><strong>ratione</strong></span> <span class='ocrx_word' id='word_1_123' title='bbox 1143 2300 1578 2385; x_wconf 86' lang='lat' dir='ltr'><strong>sacramenti,</strong></span> <span class='ocrx_word' id='word_1_124' title='bbox 1625 2324 1859 2372; x_wconf 81' lang='lat' dir='ltr'><strong>verum</strong></span> <span class='ocrx_word' id='word_1_125' title='bbox 1903 2298 2103 2371; x_wconf 86' lang='lat' dir='ltr'><strong>etiam</strong></span> <span class='ocrx_word' id='word_1_126' title='bbox 2144 2298 2402 2371; x_wconf 88' lang='lat' dir='ltr'><strong>ratione</strong></span> <span class='ocrx_word' id='word_1_127' title='bbox 2445 2323 2604 2371; x_wconf 91' lang='lat' dir='ltr'><strong>con·</strong></span> 
     </span>
     <span class='ocr_line' id='line_1_17' title="bbox 385 2412 2601 2512; baseline -0 -25"><span class='ocrx_word' id='word_1_128' title='bbox 385 2431 636 2489; x_wconf 89' lang='lat' dir='ltr'><strong>tractus</strong></span> <span class='ocrx_word' id='word_1_129' title='bbox 663 2415 808 2489; x_wconf 83' lang='lat' dir='ltr'><strong>sive</strong></span> <span class='ocrx_word' id='word_1_130' title='bbox 832 2415 1053 2488; x_wconf 86' lang='lat' dir='ltr'><strong>civilis</strong></span> <span class='ocrx_word' id='word_1_131' title='bbox 1090 2415 1232 2487; x_wconf 86' lang='lat' dir='ltr'><strong>sive</strong></span> <span class='ocrx_word' id='word_1_132' title='bbox 1265 2414 1636 2488; x_wconf 85' lang='lat' dir='ltr'><strong>domestici.</strong></span> <span class='ocrx_word' id='word_1_133' title='bbox 1667 2414 1895 2488; x_wconf 89' lang='lat' dir='ltr'><strong>Totius</strong></span> <span class='ocrx_word' id='word_1_134' title='bbox 1933 2413 2160 2512; x_wconf 89' lang='lat' dir='ltr'><strong>itaque</strong></span> <span class='ocrx_word' id='word_1_135' title='bbox 2185 2412 2601 2511; x_wconf 88' lang='lat' dir='ltr'><strong>quaestionis</strong></span> 
     </span>
     <span class='ocr_line' id='line_1_18' title="bbox 382 2527 2602 2629; baseline -0.001 -25"><span class='ocrx_word' id='word_1_136' title='bbox 382 2529 761 2604; x_wconf 87' lang='lat' dir='ltr'><strong>substantia</strong></span> <span class='ocrx_word' id='word_1_137' title='bbox 810 2558 889 2605; x_wconf 92' lang='lat' dir='ltr'><strong>eo</strong></span> <span class='ocrx_word' id='word_1_138' title='bbox 942 2546 1323 2617; x_wconf 84' lang='lat' dir='ltr'><strong>revocatur,</strong></span> <span class='ocrx_word' id='word_1_139' title='bbox 1367 2549 1591 2604; x_wconf 90' lang='lat' dir='ltr'><strong>utrum</strong></span> <span class='ocrx_word' id='word_1_140' title='bbox 1637 2546 1929 2629; x_wconf 85' lang='lat' dir='ltr'><strong>potestas</strong></span> <span class='ocrx_word' id='word_1_141' title='bbox 1965 2528 2186 2603; x_wconf 83' lang='lat' dir='ltr'><strong>civilis</strong></span> <span class='ocrx_word' id='word_1_142' title='bbox 2223 2527 2444 2627; x_wconf 86' lang='lat' dir='ltr'><strong>possit</strong></span> <span class='ocrx_word' id='word_1_143' title='bbox 2477 2553 2602 2601; x_wconf 89' lang='lat' dir='ltr'><strong>nec</strong></span> 
     </span>
     <span class='ocr_line' id='line_1_19' title="bbox 383 2645 2596 2744; baseline -0.001 -26"><span class='ocrx_word' id='word_1_144' title='bbox 383 2673 470 2719; x_wconf 91' lang='lat' dir='ltr'><strong>ne</strong></span> <span class='ocrx_word' id='word_1_145' title='bbox 517 2646 785 2721; x_wconf 87' lang='lat' dir='ltr'><strong>abolere</strong></span> <span class='ocrx_word' id='word_1_146' title='bbox 835 2647 1047 2744; x_wconf 78' lang='lat' dir='ltr'><strong>legem</strong></span> <span class='ocrx_word' id='word_1_147' title='bbox 1098 2646 1369 2719; x_wconf 89' lang='lat' dir='ltr'><strong>concilii</strong></span> <span class='ocrx_word' id='word_1_148' title='bbox 1413 2647 1865 2733; x_wconf 88' lang='lat' dir='ltr'><strong>oecumenici,</strong></span> <span class='ocrx_word' id='word_1_149' title='bbox 1908 2647 1978 2718; x_wconf 90' lang='lat' dir='ltr'><strong>in</strong></span> <span class='ocrx_word' id='word_1_150' title='bbox 2030 2645 2155 2732; x_wconf 89' lang='lat' dir='ltr'><strong>iis,</strong></span> <span class='ocrx_word' id='word_1_151' title='bbox 2213 2671 2390 2744; x_wconf 91' lang='lat' dir='ltr'><strong>quae</strong></span> <span class='ocrx_word' id='word_1_152' title='bbox 2444 2670 2596 2743; x_wconf 88' lang='lat' dir='ltr'><strong>per-</strong></span> 
     </span>
     <span class='ocr_line' id='line_1_20' title="bbox 376 2760 2604 2837; baseline -0.001 -2"><span class='ocrx_word' id='word_1_153' title='bbox 376 2764 597 2837; x_wconf 85' lang='lat' dir='ltr'><strong>tinent</strong></span> <span class='ocrx_word' id='word_1_154' title='bbox 631 2763 718 2836; x_wconf 86' lang='lat' dir='ltr'><strong>ad</strong></span> <span class='ocrx_word' id='word_1_155' title='bbox 754 2778 1327 2836; x_wconf 51' lang='lat' dir='ltr'><strong>sacramentorum¹</strong></span> <span class='ocrx_word' id='word_1_156' title='bbox 1358 2762 2032 2835; x_wconf 85' lang='lat' dir='ltr'><strong>administrationem.</strong></span> <span class='ocrx_word' id='word_1_157' title='bbox 2077 2762 2220 2834; x_wconf 85' lang='lat' dir='ltr'><strong>Hoc</strong></span> <span class='ocrx_word' id='word_1_158' title='bbox 2253 2760 2604 2835; x_wconf 86' lang='lat' dir='ltr'><strong>debuisset</strong></span> 
     </span>
     <span class='ocr_line' id='line_1_21' title="bbox 384 2873 2600 2976; baseline -0.001 -25"><span class='ocrx_word' id='word_1_159' title='bbox 384 2878 647 2951; x_wconf 86' lang='lat' dir='ltr'><strong>ostendi</strong></span> <span class='ocrx_word' id='word_1_160' title='bbox 698 2877 1036 2951; x_wconf 88' lang='lat' dir='ltr'><strong>historicis</strong></span> <span class='ocrx_word' id='word_1_161' title='bbox 1080 2877 1530 2963; x_wconf 88' lang='lat' dir='ltr'><strong>documentis;</strong></span> <span class='ocrx_word' id='word_1_162' title='bbox 1573 2893 1684 2950; x_wconf 88' lang='lat' dir='ltr'><strong>ast</strong></span> <span class='ocrx_word' id='word_1_163' title='bbox 1714 2875 1844 2950; x_wconf 91' lang='lat' dir='ltr'><strong>hoc</strong></span> <span class='ocrx_word' id='word_1_164' title='bbox 1876 2892 2016 2964; x_wconf 87' lang='lat' dir='ltr'><strong>est,</strong></span> <span class='ocrx_word' id='word_1_165' title='bbox 2057 2875 2238 2976; x_wconf 90' lang='lat' dir='ltr'><strong>quod</strong></span> <span class='ocrx_word' id='word_1_166' title='bbox 2273 2873 2600 2973; x_wconf 87' lang='lat' dir='ltr'><strong>prudente</strong></span> 
     </span>
     <span class='ocr_line' id='line_1_22' title="bbox 387 2991 1431 3093; baseline 0.001 -29"><span class='ocrx_word' id='word_1_167' title='bbox 387 2991 662 3066; x_wconf 87' lang='lat' dir='ltr'><strong>silentio</strong></span> <span class='ocrx_word' id='word_1_168' title='bbox 713 2993 1256 3093; x_wconf 88' lang='lat' dir='ltr'><strong>praetermissum</strong></span> <span class='ocrx_word' id='word_1_169' title='bbox 1306 3009 1431 3067; x_wconf 88' lang='lat' dir='ltr'><strong>est.</strong></span> 
     </span>
    </p>

    <p class='ocr_par' dir='ltr' id='par_1_4' title="bbox 389 3104 2605 3785">
     <span class='ocr_line' id='line_1_23' title="bbox 540 3104 2602 3206; baseline 0 -29"><span class='ocrx_word' id='word_1_170' title='bbox 540 3108 665 3180; x_wconf 90' lang='lat' dir='ltr'><strong>Per</strong></span> <span class='ocrx_word' id='word_1_171' title='bbox 712 3107 908 3206; x_wconf 90' lang='lat' dir='ltr'><strong>plura</strong></span> <span class='ocrx_word' id='word_1_172' title='bbox 958 3108 1186 3181; x_wconf 88' lang='lat' dir='ltr'><strong>secula</strong></span> <span class='ocrx_word' id='word_1_173' title='bbox 1218 3109 1641 3181; x_wconf 85' lang='lat' dir='ltr'><strong>matrimonia</strong></span> <span class='ocrx_word' id='word_1_174' title='bbox 1674 3110 1823 3181; x_wconf 89' lang='lat' dir='ltr'><strong>sine</strong></span> <span class='ocrx_word' id='word_1_175' title='bbox 1856 3108 1988 3181; x_wconf 89' lang='lat' dir='ltr'><strong>ritu</strong></span> <span class='ocrx_word' id='word_1_176' title='bbox 2023 3107 2336 3203; x_wconf 81' lang='lat' dir='ltr'><strong>religioso</strong></span> <span class='ocrx_word' id='word_1_177' title='bbox 2371 3104 2602 3178; x_wconf 90' lang='lat' dir='ltr'><strong>habita</strong></span> 
     </span>
     <span class='ocr_line' id='line_1_24' title="bbox 389 3219 2603 3320; baseline -0.001 -24"><span class='ocrx_word' id='word_1_178' title='bbox 389 3239 550 3296; x_wconf 87' lang='lat' dir='ltr'><strong>sunt</strong></span> <span class='ocrx_word' id='word_1_179' title='bbox 597 3221 847 3296; x_wconf 81' lang='lat' dir='ltr'><strong>valida.</strong></span> <span class='ocrx_word' id='word_1_180' title='bbox 891 3222 1069 3308; x_wconf 86' lang='lat' dir='ltr'><strong>Quid</strong></span> <span class='ocrx_word' id='word_1_181' title='bbox 1123 3222 1332 3297; x_wconf 73' lang='lat' dir='ltr'><strong>inde?</strong></span> <span class='ocrx_word' id='word_1_182' title='bbox 1382 3223 1525 3296; x_wconf 85' lang='lat' dir='ltr'><strong>Hoc</strong></span> <span class='ocrx_word' id='word_1_183' title='bbox 1575 3222 1793 3296; x_wconf 88' lang='lat' dir='ltr'><strong>solum</strong></span> <span class='ocrx_word' id='word_1_184' title='bbox 1861 3222 2297 3320; x_wconf 88' lang='lat' dir='ltr'><strong>consequitur</strong></span> <span class='ocrx_word' id='word_1_185' title='bbox 2327 3278 2342 3307; x_wconf 92' lang='lat'>‚</span> <span class='ocrx_word' id='word_1_186' title='bbox 2399 3219 2603 3294; x_wconf 90' lang='lat' dir='ltr'><strong>bene-</strong></span> 
     </span>
     <span class='ocr_line' id='line_1_25' title="bbox 392 3315 2603 3438; baseline -0 -27"><span class='ocrx_word' id='word_1_187' title='bbox 392 3339 749 3414; x_wconf 90' lang='lat' dir='ltr'><strong>dictionem</strong></span> <span class='ocrx_word' id='word_1_188' title='bbox 800 3338 1276 3413; x_wconf 88' lang='lat' dir='ltr'><strong>sacerdotalem</strong></span> <span class='ocrx_word' id='word_1_189' title='bbox 1312 3364 1446 3411; x_wconf 91' lang='lat' dir='ltr'><strong>non</strong></span> <span class='ocrx_word' id='word_1_190' title='bbox 1481 3339 1732 3438; x_wconf 89' lang='lat' dir='ltr'><strong>requiri</strong></span> <span class='ocrx_word' id='word_1_191' title='bbox 1776 3338 2197 3424; x_wconf 89' lang='lat' dir='ltr'><strong>necessario;</strong></span> <span class='ocrx_word' id='word_1_192' title='bbox 2246 3337 2427 3437; x_wconf 83' lang='lat' dir='ltr'><strong>quod</strong></span> <span class='ocrx_word' id='word_1_193' title='bbox 2478 3315 2603 3411; x_wconf 78' lang='lat' dir='ltr'><strong>no‘s</strong></span> 
     </span>
     <span class='ocr_line' id='line_1_26' title="bbox 394 3451 2605 3540; baseline -0 -15"><span class='ocrx_word' id='word_1_194' title='bbox 394 3480 523 3528; x_wconf 89' lang='lat' dir='ltr'><strong>non</strong></span> <span class='ocrx_word' id='word_1_195' title='bbox 575 3454 772 3528; x_wconf 89' lang='lat' dir='ltr'><strong>modo</strong></span> <span class='ocrx_word' id='word_1_196' title='bbox 821 3455 1248 3528; x_wconf 87' lang='lat' dir='ltr'><strong>concedimus</strong></span> <span class='ocrx_word' id='word_1_197' title='bbox 1292 3511 1307 3540; x_wconf 94' lang='lat'>,</span> <span class='ocrx_word' id='word_1_198' title='bbox 1365 3455 1482 3526; x_wconf 92' lang='lat' dir='ltr'><strong>sed</strong></span> <span class='ocrx_word' id='word_1_199' title='bbox 1531 3469 1598 3526; x_wconf 92' lang='lat' dir='ltr'><strong>et</strong></span> <span class='ocrx_word' id='word_1_200' title='bbox 1646 3454 2094 3528; x_wconf 86' lang='lat' dir='ltr'><strong>vindicamus.</strong></span> <span class='ocrx_word' id='word_1_201' title='bbox 2152 3453 2392 3525; x_wconf 88' lang='lat' dir='ltr'><strong>Verum</strong></span> <span class='ocrx_word' id='word_1_202' title='bbox 2447 3451 2605 3524; x_wconf 88' lang='lat' dir='ltr'><strong>inde</strong></span> 
     </span>
     <span class='ocr_line' id='line_1_27' title="bbox 391 3567 2601 3670; baseline -0.001 -28"><span class='ocrx_word' id='word_1_203' title='bbox 391 3569 773 3645; x_wconf 86' lang='lat' dir='ltr'><strong>nullatenus</strong></span> <span class='ocrx_word' id='word_1_204' title='bbox 799 3572 1130 3670; x_wconf 89' lang='lat' dir='ltr'><strong>sequitur,</strong></span> <span class='ocrx_word' id='word_1_205' title='bbox 1175 3571 1322 3644; x_wconf 89' lang='lat' dir='ltr'><strong>sine</strong></span> <span class='ocrx_word' id='word_1_206' title='bbox 1355 3571 1632 3669; x_wconf 87' lang='lat' dir='ltr'><strong>parochi</strong></span> <span class='ocrx_word' id='word_1_207' title='bbox 1672 3571 2050 3669; x_wconf 87' lang='lat' dir='ltr'><strong>praesentia</strong></span> <span class='ocrx_word' id='word_1_208' title='bbox 2078 3584 2231 3668; x_wconf 90' lang='lat' dir='ltr'><strong>post</strong></span> <span class='ocrx_word' id='word_1_209' title='bbox 2256 3567 2601 3641; x_wconf 85' lang='lat' dir='ltr'><strong>tridentini</strong></span> 
     </span>
     <span class='ocr_line' id='line_1_28' title="bbox 390 3685 1966 3785; baseline -0.001 -28"><span class='ocrx_word' id='word_1_210' title='bbox 390 3685 909 3785; x_wconf 90' lang='lat' dir='ltr'><strong>publicationem</strong></span> <span class='ocrx_word' id='word_1_211' title='bbox 960 3687 1457 3761; x_wconf 86' lang='lat' dir='ltr'><strong>matrimonium</strong></span> <span class='ocrx_word' id='word_1_212' title='bbox 1507 3685 1733 3760; x_wconf 80' lang='lat' dir='ltr'><strong>valide</strong></span> <span class='ocrx_word' id='word_1_213' title='bbox 1786 3686 1966 3758; x_wconf 86' lang='lat' dir='ltr'><strong>iniri.</strong></span> 
     </span>
    </p>

    <p class='ocr_par' dir='ltr' id='par_1_5' title="bbox 389 3798 2604 4016">
     <span class='ocr_line' id='line_1_29' title="bbox 528 3798 2602 3901; baseline 0 -29"><span class='ocrx_word' id='word_1_214' title='bbox 528 3800 614 3873; x_wconf 82' lang='lat' dir='ltr'><strong>At</strong></span> <span class='ocrx_word' id='word_1_215' title='bbox 639 3817 978 3899; x_wconf 88' lang='lat' dir='ltr'><strong>praeterea</strong></span> <span class='ocrx_word' id='word_1_216' title='bbox 1000 3859 1015 3890; x_wconf 86' lang='lat'>‚</span> <span class='ocrx_word' id='word_1_217' title='bbox 1051 3828 1211 3875; x_wconf 81' lang='lat' dir='ltr'><strong>vera</strong></span> <span class='ocrx_word' id='word_1_218' title='bbox 1240 3828 1323 3874; x_wconf 91' lang='lat' dir='ltr'><strong>ne</strong></span> <span class='ocrx_word' id='word_1_219' title='bbox 1350 3817 1505 3875; x_wconf 90' lang='lat' dir='ltr'><strong>sunt</strong></span> <span class='ocrx_word' id='word_1_220' title='bbox 1532 3826 1998 3901; x_wconf 85' lang='lat' dir='ltr'><strong>quaecumque</strong></span> <span class='ocrx_word' id='word_1_221' title='bbox 2023 3814 2363 3900; x_wconf 89' lang='lat' dir='ltr'><strong>tamquam</strong></span> <span class='ocrx_word' id='word_1_222' title='bbox 2398 3798 2602 3873; x_wconf 89' lang='lat' dir='ltr'><strong>histo-</strong></span> 
     </span>
     <span class='ocr_line' id='line_1_30' title="bbox 389 3913 2604 4016; baseline -0.001 -28"><span class='ocrx_word' id='word_1_223' title='bbox 389 3917 529 3990; x_wconf 91' lang='lat' dir='ltr'><strong>rica</strong></span> <span class='ocrx_word' id='word_1_224' title='bbox 564 3916 834 3989; x_wconf 79' lang='lat' dir='ltr'><strong>fuerunt</strong></span> <span class='ocrx_word' id='word_1_225' title='bbox 867 3916 1168 4016; x_wconf 73' lang='lat' dir='ltr'><strong>prolata?</strong></span> <span class='ocrx_word' id='word_1_226' title='bbox 1196 3918 1446 3991; x_wconf 84' lang='lat' dir='ltr'><strong>Revera</strong></span> <span class='ocrx_word' id='word_1_227' title='bbox 1485 3917 1713 3991; x_wconf 90' lang='lat' dir='ltr'><strong>Iudaei</strong></span> <span class='ocrx_word' id='word_1_228' title='bbox 1767 3943 2033 4016; x_wconf 90' lang='lat' dir='ltr'><strong>semper</strong></span> <span class='ocrx_word' id='word_1_229' title='bbox 2072 3915 2452 4012; x_wconf 81' lang='lat' dir='ltr'><strong>religiosam</strong></span> <span class='ocrx_word' id='word_1_230' title='bbox 2484 3913 2604 3988; x_wconf 91' lang='lat' dir='ltr'><strong>ali·</strong></span> 
     </span>
    </p>
   </div>
   <div class='ocr_carea' id='block_1_4' title="bbox 386 4155 2601 4463">
    <p class='ocr_par' dir='ltr' id='par_1_6' title="bbox 536 4155 1215 4219">
     <span class='ocr_line' id='line_1_31' title="bbox 536 4155 1215 4219; baseline -0.004 -12"><span class='ocrx_word' id='word_1_231' title='bbox 536 4156 637 4219; x_wconf 82' lang='grc'>(90)</span> <span class='ocrx_word' id='word_1_232' title='bbox 662 4158 870 4206; x_wconf 77' lang='lat' dir='ltr'><strong>senato.</strong></span> <span class='ocrx_word' id='word_1_233' title='bbox 897 4161 973 4207; x_wconf 82' lang='grc'><strong>20.</strong></span> <span class='ocrx_word' id='word_1_234' title='bbox 996 4155 1215 4208; x_wconf 87' lang='lat' dir='ltr'><strong>Dicemb.</strong></span> 
     </span>
    </p>

    <p class='ocr_par' dir='ltr' id='par_1_7' title="bbox 386 4233 2601 4463">
     <span class='ocr_line' id='line_1_32' title="bbox 528 4233 2601 4300; baseline -0.003 -13"><span class='ocrx_word' id='word_1_235' title='bbox 528 4236 768 4288; x_wconf 77' lang='lat' dir='ltr'><strong>consulto</strong></span> <span class='ocrx_word' id='word_1_236' title='bbox 790 4235 1092 4300; x_wconf 72' lang='lat' dir='ltr'><strong>praetermisi</strong></span> <span class='ocrx_word' id='word_1_237' title='bbox 1111 4235 1232 4285; x_wconf 77' lang='lat' dir='ltr'><strong>alias</strong></span> <span class='ocrx_word' id='word_1_238' title='bbox 1252 4234 1595 4297; x_wconf 75' lang='lat' dir='ltr'><strong>difficultates,</strong></span> <span class='ocrx_word' id='word_1_239' title='bbox 1612 4248 1740 4298; x_wconf 78' lang='lat' dir='ltr'><strong>quae</strong></span> <span class='ocrx_word' id='word_1_240' title='bbox 1760 4235 2033 4286; x_wconf 74' lang='lat' dir='ltr'><strong>referuntur</strong></span> <span class='ocrx_word' id='word_1_241' title='bbox 2050 4236 2114 4286; x_wconf 76' lang='lat' dir='ltr'><strong>ad</strong></span> <span class='ocrx_word' id='word_1_242' title='bbox 2134 4235 2419 4298; x_wconf 80' lang='lat' dir='ltr'><strong>potestatem</strong></span> <span class='ocrx_word' id='word_1_243' title='bbox 2442 4233 2601 4295; x_wconf 79' lang='lat' dir='ltr'><strong>legum</strong></span> 
     </span>
     <span class='ocr_line' id='line_1_33' title="bbox 386 4313 2598 4380; baseline -0 -16"><span class='ocrx_word' id='word_1_244' title='bbox 386 4315 691 4368; x_wconf 62' lang='lat' dir='ltr'><strong>tuendarum</strong></span> <span class='ocrx_word' id='word_1_245' title='bbox 710 4317 842 4368; x_wconf 72' lang='lat' dir='ltr'><strong>circa</strong></span> <span class='ocrx_word' id='word_1_246' title='bbox 857 4315 1223 4367; x_wconf 68' lang='lat' dir='ltr'><strong>matrimonium</strong></span> <span class='ocrx_word' id='word_1_247' title='bbox 1245 4315 1309 4365; x_wconf 86' lang='lat' dir='ltr'><strong>de</strong></span> <span class='ocrx_word' id='word_1_248' title='bbox 1328 4329 1428 4380; x_wconf 77' lang='lat' dir='ltr'><strong>qua</strong></span> <span class='ocrx_word' id='word_1_249' title='bbox 1453 4318 1617 4367; x_wconf 68' lang='lat' dir='ltr'><strong>actum</strong></span> <span class='ocrx_word' id='word_1_250' title='bbox 1640 4318 1716 4367; x_wconf 81' lang='lat' dir='ltr'><strong>est</strong></span> <span class='ocrx_word' id='word_1_251' title='bbox 1739 4317 1791 4367; x_wconf 86' lang='lat' dir='ltr'><strong>in</strong></span> <span class='ocrx_word' id='word_1_252' title='bbox 1812 4316 2024 4367; x_wconf 86' lang='lat' dir='ltr'><strong>comitiis</strong></span> <span class='ocrx_word' id='word_1_253' title='bbox 2043 4317 2095 4367; x_wconf 84' lang='lat' dir='ltr'><strong>et</strong></span> <span class='ocrx_word' id='word_1_254' title='bbox 2115 4318 2286 4367; x_wconf 78' lang='lat' dir='ltr'><strong>senatu</strong></span> <span class='ocrx_word' id='word_1_255' title='bbox 2305 4313 2598 4377; x_wconf 81' lang='lat' dir='ltr'><strong>subalpinis,</strong></span> 
     </span>
     <span class='ocr_line' id='line_1_34' title="bbox 387 4396 1631 4463; baseline 0.002 -17"><span class='ocrx_word' id='word_1_256' title='bbox 387 4396 503 4459; x_wconf 70' lang='lat' dir='ltr'><strong>quin</strong></span> <span class='ocrx_word' id='word_1_257' title='bbox 516 4397 609 4449; x_wconf 77' lang='lat' dir='ltr'><strong>hoc</strong></span> <span class='ocrx_word' id='word_1_258' title='bbox 628 4400 691 4451; x_wconf 82' lang='lat' dir='ltr'><strong>de</strong></span> <span class='ocrx_word' id='word_1_259' title='bbox 710 4399 997 4463; x_wconf 70' lang='lat' dir='ltr'><strong>argumento</strong></span> <span class='ocrx_word' id='word_1_260' title='bbox 1020 4409 1219 4461; x_wconf 71' lang='lat' dir='ltr'><strong>aganus</strong></span> <span class='ocrx_word' id='word_1_261' title='bbox 1239 4397 1291 4447; x_wconf 89' lang='lat' dir='ltr'><strong>in</strong></span> <span class='ocrx_word' id='word_1_262' title='bbox 1312 4397 1469 4448; x_wconf 72' lang='lat' dir='ltr'><strong>altero</strong></span> <span class='ocrx_word' id='word_1_263' title='bbox 1488 4398 1631 4449; x_wconf 80' lang='lat' dir='ltr'><strong>libro.</strong></span> 
     </span>
    </p>
   </div>
  </div>
 </body>
</html>
