3276 5083
603 336 737 416 24⁶
1006 369 1128 419 un.
1172 367 1217 418 ι.
1259 368 1429 418 sacr.
1473 368 1731 418 Auum.
1775 368 1854 418 us
1888 366 2155 419 aarum
2191 367 2401 418 c1v1u.

600 488 752 559 dem
802 485 1213 561 concubinae
1262 486 1463 574 filios,
1522 487 1581 559 si
1635 512 1770 560 non
1821 500 2203 573 aversatur,
2258 484 2495 559 saltem
2540 509 2663 558 nec
2713 486 2820 556 di-

603 602 885 675 lectione
919 659 934 688 ,
998 627 1216 700 neque
1265 602 1584 674 maternis
1645 601 1825 674 curis
1877 616 2341 701 prosequetur.
2408 600 2477 669 Si
2527 599 2821 698 denique

604 717 797 789 matri
860 715 985 790 soli
1038 741 1208 789 onus
1258 715 1647 789 educandae
1713 713 1923 814 prolis
1973 714 2347 787 dimittatur
2380 771 2395 799 ,
2449 738 2603 786 cum
2655 712 2821 785 haec

603 847 835 929 utpote
868 857 1001 904 non
1036 846 1248 904 mater
1293 831 1592 928 legitima
1617 887 1632 914 ‚
1677 855 1799 903 nec
1831 853 2123 901 amorem
2161 827 2292 900 sibi
2328 852 2409 899 ex
2443 826 2825 900 conditione

603 971 731 1021 sua
784 944 1143 1019 conciliare
1187 945 1443 1043 possit,
1486 969 1608 1016 nec
1658 957 1888 1043 utpote
1944 941 2235 1014 foemina
2272 941 2578 1015 timorem
2621 960 2827 1040 queat

608 1059 773 1132 satis
825 1059 1156 1145 incutere,
1196 1074 1271 1130 ut
1318 1083 1464 1131 eam
1519 1056 1651 1130 sibi
1702 1055 2059 1130 obnoxiam
2096 1054 2364 1141 habeat,
2405 1054 2567 1127 hinc
2601 1052 2708 1140 fit,
2749 1069 2825 1126 ut

607 1198 742 1272 quo
775 1173 993 1270 magis
1017 1171 1430 1246 adoleverint
1464 1171 1620 1256 filii,
1665 1184 1784 1243 aut
1811 1170 2026 1257 filiae,
2066 1195 2183 1242 eos
2217 1170 2442 1242 minus
2470 1169 2602 1242 sibi
2629 1169 2828 1242 obse-

608 1302 889 1384 quentes
925 1287 1337 1386 experiatur,
1379 1284 1616 1359 saltem
1653 1285 1711 1357 si
1749 1283 2058 1384 prudenti
2097 1282 2346 1357 iudicio
2379 1283 2465 1356 de
2500 1284 2586 1356 iis
2607 1342 2622 1371 ,
2651 1309 2825 1383 quae

603 1400 967 1473 usuvenire
1015 1399 1230 1472 solent
1279 1399 1644 1495 generatim
1696 1398 1880 1496 loqui
1931 1396 2240 1470 velimus.

754 1515 831 1585 In
856 1537 1283 1612 quacumque
1316 1513 1517 1609 igitur
1541 1511 1907 1612 hypothesi
1936 1512 2236 1586 infelices
2270 1513 2603 1586 eiusmodi
2633 1512 2823 1584 liberi

613 1627 931 1713 evadent,
961 1643 1036 1699 ut
1061 1624 1329 1699 biblicis
1369 1641 1523 1699 utar
1554 1626 1918 1724 phrasibus
1946 1683 1961 1711 ‚
2004 1626 2126 1698 filii
2164 1650 2492 1725 nequam,
2535 1651 2614 1699 ac
2650 1626 2829 1698 filiae

612 1739 819 1812 Belial
860 1740 1232 1813 nescientes
1266 1739 1437 1812 bene
1477 1765 1710 1838 agere,
1752 1766 1832 1813 ac
1863 1740 2428 1814 venundabuntur
2457 1741 2543 1814 ad
2580 1741 2831 1814 sacien-

612 1854 773 1928 dum
815 1854 1089 1928 malum.
1146 1855 1724 1953 supervacaneum
1776 1872 1994 1930 autem
2037 1857 2347 1930 existimo
2386 1883 2660 1955 prorsus
2709 1856 2831 1929 ad-

615 1984 842 2043 notare
876 1968 1207 2043 eiusmodi
1235 1969 1415 2043 filios
1449 1968 1619 2041 nihil
1642 2028 1657 2056 ,
1689 1986 1807 2044 aut
1832 1970 1968 2043 fere
1993 1969 2189 2043 nihili
2226 1970 2516 2045 facturos
2552 1972 2834 2044 auctori-

613 2100 812 2159 tatem
841 2100 1184 2185 paternam
1205 2143 1220 2173 ,
1263 2110 1465 2186 quam
1491 2109 1614 2158 nec
1640 2101 1954 2184 parentes
1994 2087 2126 2185 ipsi
2154 2086 2222 2157 in
2252 2111 2327 2159 se
2352 2086 2617 2160 reveriti
2644 2090 2824 2160 sunt.

758 2202 948 2273 Nunc
982 2199 1238 2299 aliquid
1274 2199 1600 2273 addemus
1635 2201 1722 2274 de
1756 2201 2151 2274 auctoritate
2185 2199 2455 2299 publica
2490 2201 2835 2298 magistra·

617 2332 845 2402 tuum,
902 2341 1108 2414 quam
1158 2315 1407 2414 pariter
1455 2341 1576 2415 per
1621 2316 2120 2390 matrimonium
2165 2316 2363 2389 civile
2412 2316 2713 2389 enervari
2755 2341 2835 2389 ac

619 2429 922 2502 imminui
976 2428 1215 2501 iisdem
1268 2428 1621 2502 conficitur
1660 2431 2096 2525 argumentis,
2138 2429 2385 2529 quibus
2419 2429 2835 2503 ostendimus

620 2541 921 2617 enervari
975 2569 1055 2616 ac
1105 2540 1283 2615 laedi
1331 2545 1788 2624 auctoritatem
1840 2545 2272 2618 domesticam
2333 2572 2412 2619 ac
2461 2562 2826 2645 paternam.

620 2658 788 2728 Nam
851 2651 1101 2728 certum
1159 2671 1264 2728 est
1295 2713 1310 2742 ,
1377 2656 1768 2753 religionem
1824 2684 1971 2732 eam
2032 2685 2184 2733 esse
2208 2718 2223 2745 ,
2291 2686 2468 2760 quae
2527 2660 2836 2733 conciliat

623 2769 999 2843 auctoritati
1042 2767 1351 2867 publicae
1382 2771 1872 2844 venerationem
1898 2788 1964 2844 et
1986 2774 2446 2846 reverentiam.
2482 2774 2837 2846 Innumera

624 2908 830 2985 prope
876 2882 1239 2957 Bibliorum
1293 2884 1690 2959 documenta
1750 2887 1818 2960 id
1879 2903 2206 2962 testantur
2228 2945 2243 2974 ‚
2301 2913 2478 2987 quae
2524 2887 2837 2961 omnihus

623 2998 822 3072 obvia
872 3015 1051 3072 sunt.
1095 2993 1441 3099 Siquidem
1482 3001 1778 3075 declarat
1824 3003 2167 3104 Scriptura
2216 3029 2406 3101 reges
2458 3029 2578 3102 per
2625 3005 2837 3076 Deum

625 3140 905 3212 regnare
929 3171 944 3201 ,
985 3140 1067 3188 ac
1101 3114 1428 3215 imperare
1461 3116 1799 3217 principes
1842 3120 2019 3214 (44);
2066 3120 2223 3191 item
2260 3117 2512 3191 nullam
2549 3134 2838 3219 potesta-

624 3247 756 3303 tem
802 3252 954 3304 esse
993 3230 1125 3303 nisi
1182 3255 1223 3304 a
1269 3232 1440 3320 Deo,
1506 3248 1574 3306 et
1622 3258 1796 3333 quae
1845 3248 2005 3308 sunt
2045 3249 2405 3334 potestates
2454 3261 2494 3307 a
2543 3235 2686 3307 Deo
2731 3260 2839 3306 or·

625 3345 893 3419 dinatas
942 3370 1136 3433 esse,
1192 3361 1260 3419 et
1304 3347 1420 3446 qui
1477 3348 1729 3422 resistit
1779 3349 2090 3448 potestati
2135 3349 2257 3420 Dei
2294 3348 2698 3422 ordinationi
2736 3374 2841 3420 re·

627 3461 865 3535 sistere
922 3461 1111 3556 (45);
1169 3460 1465 3535 declarat
1513 3478 1853 3562 praeterea
1900 3479 2174 3536 cunctos
2236 3462 2478 3537 dehere
2537 3462 2839 3536 subditos

626 3601 778 3650 esse
821 3605 857 3645 α
880 3575 1062 3649 omni
1098 3575 1436 3650 humanae
1493 3593 1836 3653 creaturae
1884 3593 2150 3678 propter
2193 3578 2408 3652 Deum
2432 3636 2447 3665 ‚
2506 3579 2649 3652 sive
2700 3577 2836 3675 regi

631 3691 827 3788 quasi
872 3689 1292 3791 praecellenti
1322 3747 1339 3777 ‚
1380 3690 1523 3765 sive
1554 3690 1842 3765 ducibus
1877 3708 2216 3791 tamquam
2251 3692 2339 3766 ab
2372 3718 2451 3766 eo
2485 3693 2718 3765 missis
2752 3692 2837 3764 ad

628 3803 989 3878 vindictam
1039 3805 1535 3880 malefactorum
1559 3865 1574 3893 ,
1628 3806 1895 3880 laudem
1947 3831 2103 3879 vero
2144 3807 2505 3895 bonorum,
2548 3807 2706 3907 quia
2743 3808 2840 3881 sic

630 3934 733 3989 est
779 3918 1087 3996 voluntas
1137 3921 1257 3993 Dei
1303 3921 1531 4017 (46);»
1564 3935 1765 4020 atque
1799 3920 1926 3995 hoc
1962 3945 2092 3995 non
2129 3921 2345 3996 solum
2381 3946 2587 4019 quum
2624 3921 2843 4017 agitur

773 4138 877 4202 (44)
907 4142 1052 4190 prov.
1074 4143 1208 4194 vm.
1232 4149 1307 4195 ιε.

775 4220 876 4281 (45)
907 4223 1046 4272 nom.
1072 4223 1202 4272 xm.
1230 4230 1271 4272 t.
1295 4231 1339 4273 2.

773 4298 872 4360 (4⁶)
904 4300 942 4348 1.
969 4300 1096 4349 retr.
1125 4300 1360 4352 usa-15.
