3276 5083
763 428 900 477 cn.
947 429 1017 478 n.
1061 429 1140 478 ne
1192 429 1392 480 mser.
1437 430 1661 481 coum.
1707 432 1780 480 rr
1816 430 1991 481 sion.
2036 430 2173 480 Aur.
2215 431 2288 482 ιι.
2490 409 2627 479 203

407 545 716 620 doctrina
759 544 926 617 haec
976 562 1202 620 nostra
1251 547 1336 620 de
1390 546 1957 647 inseparabilitate
2006 562 2380 622 contractus
2430 574 2470 622 a
2518 574 2631 623 sa-

407 676 752 734 cramento
788 660 857 732 in
892 662 1204 759 coniugio
1239 662 1536 737 fidelium
1559 720 1575 751 ‚
1617 689 1748 736 non
1787 663 2178 737 inniteretur
2211 663 2344 735 nisi
2379 662 2632 738 liberae

409 776 757 875 opinioni,
815 801 1057 874 quam,
1115 776 1304 850 salva
1354 777 1519 865 fide,
1576 778 1932 878 omnisque
1980 778 2366 851 temeritatis
2417 795 2572 851 nota
2605 837 2619 865 ,

417 908 699 991 possent
747 891 946 991 plane
996 919 1333 994 respuere.

554 1007 864 1081 Ceterum
902 1035 1024 1082 nos
1059 1010 1434 1083 insistimus
1482 1010 1687 1083 veteri
1737 1010 2205 1108 communique
2254 1008 2621 1097 doctrinae,

405 1141 610 1222 quam
663 1122 858 1195 unice
902 1148 1129 1196 veram
1180 1123 1592 1197 ostendimus
1646 1123 2034 1222 praesertim
2096 1137 2250 1223 post
2309 1138 2402 1196 tot
2450 1148 2615 1196 rom.

408 1235 798 1335 pontificum
849 1236 1299 1311 authenticam
1351 1237 1899 1324 declarationem,
1957 1252 2024 1311 et
2071 1237 2140 1308 in
2192 1261 2326 1336 qua
2375 1235 2623 1310 clarius

410 1352 805 1450 firmiusque
854 1351 1182 1425 catholica
1230 1352 1529 1427 doctrina
1579 1352 1664 1426 de
1713 1353 2056 1427 identitate
2117 1368 2493 1427 contractus
2558 1370 2623 1427 et

407 1469 803 1542 sacramenti
856 1469 925 1540 in
977 1469 1347 1544 christiano
1397 1470 1706 1568 coniugio
1757 1470 2060 1569 patescit.

556 1585 677 1657 Per
726 1584 902 1657 hanc
942 1584 1122 1656 enim
1172 1586 1388 1659 omnis
1438 1584 1810 1659 occluditur
1856 1584 2346 1659 ecclesiasticae
2394 1600 2622 1657 aucto-

406 1698 622 1771 ritatis
675 1697 1081 1772 adversariis
1115 1699 1443 1772 evadendi
1479 1699 1733 1788 aditus,
1776 1726 1950 1801 quae
1981 1699 2253 1799 quidem
2290 1698 2617 1772 evadendi

401 1813 610 1888 libido
664 1814 1025 1914 praecipua
1076 1830 1179 1888 est
1229 1817 1430 1903 ratio,
1488 1815 1576 1889 oh
1626 1842 1832 1916 quam
1884 1816 2013 1916 ipsi
2068 1814 2383 1889 libentius
2451 1813 2613 1888 Cani

403 1928 749 2003 doctrinae
797 1929 1242 2018 adhaereant,
1300 1930 1456 2005 licet
1503 1932 1831 2005 immerito
1881 1949 1948 2005 et
1997 1930 2241 2003 iniuria
2298 1946 2392 2003 tot
2448 1931 2618 2003 insi-

403 2045 636 2141 gnium
688 2044 1139 2143 theologorum
1162 2105 1177 2133 ‚
1218 2047 1338 2146 qui
1389 2074 1535 2121 eam
1587 2048 1871 2148 amplexi
1925 2062 2449 2147 propugnarunt.
