3276 5083
562 473 1336 527 cir.1v.nxrnN.Anc.nn
1362 473 1501 523 ιιιΝ.
1526 473 1700 523 sien.
1726 473 1866 523 Αιιτ.
1892 476 1961 524 ιι.
1988 477 2129 525 ine.
2152 477 2332 559 τιιιυ.
2448 457 2581 527 115

396 609 590 667 nunt.
623 594 830 688 Negat
864 590 1042 663 enim
1081 588 1463 662 Theodorus
1496 615 1575 662 ex
1612 603 1871 687 patrum
1907 606 1972 663 et
2004 593 2427 667 conciliorum
2461 610 2589 667 tra-

395 708 647 780 ditione
694 701 1197 802 impertiendam
1230 728 1383 775 esse
1415 728 1456 774 a
1487 703 1827 777 sacerdote
1859 704 2140 800 digamis
2176 731 2253 778 ac
2287 707 2586 804 trigamis

399 820 921 894 benedictionem
970 833 1037 890 et
1082 817 1602 903 coronationem,
1644 842 1724 890 eo
1760 817 1938 916 quod
1989 819 2096 891 isti
2149 820 2589 917 poenitentiae

399 934 912 1017 sufficerentur,
953 945 1019 1003 et
1066 929 1497 1002 nihilominus
1548 929 1833 1002 affirmat
1879 956 2033 1004 vera
2064 956 2216 1005 esse
2250 933 2582 1029 coniugia,

395 1073 568 1147 quae
613 1072 655 1119 a
703 1043 991 1141 digamis
1059 1042 1561 1141 polygamisque
1625 1044 2043 1117 successivis·
2082 1045 2580 1119 contrahuntur.

392 1163 565 1257 Ergo
609 1160 738 1233 hoc
786 1157 935 1257 ipso
981 1157 1281 1230 declarat
1303 1183 1379 1231 se
1409 1183 1489 1231 ex
1524 1157 1871 1232 traditione
1906 1174 2164 1258 patrum
2199 1159 2447 1234 habere
2475 1160 2594 1234 be—

395 1274 830 1347 nedictionem
865 1269 1335 1344 sacerdotalem
1369 1271 1463 1343 uti
1499 1271 1934 1344 ceremoniam
1955 1328 1970 1358 ,
2011 1298 2185 1371 quae
2217 1273 2471 1346 aceedit
2501 1273 2588 1345 ad

398 1404 880 1462 sacramentum
930 1385 1368 1472 matrimonii,
1408 1411 1540 1458 non
1584 1400 1804 1459 tamen
1852 1411 1972 1484 per
2015 1413 2160 1459 eam
2210 1387 2589 1485 coniugium

400 1502 648 1601 perfici.
706 1500 1153 1574 Nihilominus
1211 1500 1506 1573 insinuat
1562 1516 1715 1599 post
1781 1526 1986 1574 unum
2045 1501 2410 1576 alterumve
2470 1529 2590 1575 an-

398 1641 581 1702 num,
609 1614 873 1713 expleta
899 1612 1156 1687 scilicet
1179 1614 1577 1713 poenitentia
1602 1671 1619 1700 ‚
1664 1639 1863 1713 posse
1887 1630 1955 1688 et
1986 1615 2270 1712 digamis
2301 1609 2348 1688 a
2378 1641 2599 1690 sacer-

392 1731 544 1805 dote
592 1729 1117 1804 benedictionem
1164 1730 1482 1829 impertiri
1513 1787 1529 1817 ,
1582 1755 1759 1830 quae
1803 1729 2085 1804 dabatur
2138 1733 2549 1829 monogamis
2567 1791 2583 1819 ,

391 1870 515 1918 seu
561 1869 742 1917 anuo
785 1867 997 1942 eoque
1045 1843 1332 1942 amplius
1383 1843 1451 1915 in
1499 1843 1807 1941 coniugio
1847 1858 2204 1919 transacto.
2250 1844 2428 1929 Quid
2453 1845 2599 1920 cla-

396 1958 534 2031 rius
554 1956 748 2053 (22st

535 2070 701 2143 Cum
752 2071 1035 2169 proinde
1079 2071 1283 2159 falso,
1322 2088 1395 2145 ut
1425 2074 1651 2159 aiunt,
1692 2072 2042 2172 supposito
2090 2088 2225 2148 tota
2272 2043 2601 2145 innitatur

395 2209 601 2282 quae
622 2201 1068 2283 superstructa
1115 2201 1223 2259 est
1266 2184 1475 2259 moles
1535 2184 2174 2282 argumentationis,
2242 2211 2378 2285 qua
2426 2185 2590 2258 Cani

397 2312 757 2372 sectatores
800 2299 1021 2372 adnisi
1070 2315 1224 2373 sunt
1271 2298 1615 2372 ostendere
1667 2325 1747 2373 ex
1790 2299 1904 2399 pia
1945 2299 2340 2398 antiquitate
2385 2297 2596 2370 bene-

394 2410 747 2485 dictionem
779 2412 1153 2487 saeerdotis
1178 2411 1720 2486 sacramentalem
1755 2437 1907 2485 esse
1927 2468 1943 2498 ,
1975 2436 2189 2510 eaque
2211 2436 2591 2487 sacramen-

392 2541 533 2600 tum
566 2525 802 2601 confici
836 2526 1267 2614 matrimonii,
1306 2552 1439 2601 non
1470 2526 1784 2628 estquod
1818 2524 1905 2601 iis
1953 2524 2333 2602 refellendis
2357 2583 2384 2615 ,
2416 2550 2599 2627 quae

391 2642 737 2742 proposita
791 2658 950 2716 sunt
971 2698 991 2729 ,
1052 2642 1303 2717 dixitius
1360 2643 1811 2716 immoremur.

532 2758 670 2830 Nec
715 2755 1005 2831 verenda
1054 2772 1209 2831 sunt
1256 2756 1391 2830 duo
1439 2755 1553 2830 illa
1570 2813 1586 2843 ,
1644 2782 1816 2855 quae
1864 2771 2138 2854 urgent,
2175 2755 2598 2831 incommoda.

392 2871 506 2944 isti
578 2869 893 2967 theologi.
959 2871 1103 2943 Non
1170 2870 1454 2968 primum
1496 2926 1514 2957 ,
1578 2871 1759 2969 quod
1822 2870 2078 2944 scilicet
2143 2869 2328 2944 nullo
2395 2869 2599 2944 modo

394 2986 560 3060 ratio
624 2984 814 3057 reddi
876 3000 1106 3084 posset
1124 3042 1141 3072 ,
1196 3010 1405 3083 quare
1465 3000 1696 3084 patres
1740 3001 1807 3059 et
1851 2983 2133 3060 concilia
2190 2999 2286 3059 tot
2339 2984 2589 3059 extule—

396 3101 529 3173 rint
556 3098 870 3173 laudibus
902 3100 1429 3174 benedictionem
1456 3099 1950 3175 sacerdotalem
1970 3156 1987 3187 ,
2028 3099 2086 3172 si
2124 3124 2271 3172 eam
2322 3098 2596 3171 nonnisi

398 3214 494 3288 uti
541 3215 742 3288 ritum
790 3229 859 3288 et
901 3214 1338 3289 ceremoniam
1393 3239 1672 3288 vacuam
1731 3216 2189 3314 spectassent3
2258 3211 2595 3312 siquidem

396 3354 519 3402 nos
565 3328 837 3428 prolatis
887 3329 1296 3405 documentis
1354 3329 1672 3405 rationem
1728 3329 1991 3404 obviam
2041 3328 2244 3402 liuius
2293 3327 2388 3401 rei
2439 3327 2593 3400 red-

398 3442 689 3517 didimus
743 3467 1026 3543 eamque
1082 3443 1545 3571 multiplicem,
1601 3445 1767 3544 quin
1816 3467 2203 3540 cogeremur
2253 3441 2593 3516 affirmare

402 3572 623 3630 contra
664 3574 965 3656 apertam
1005 3558 1345 3632 veritatem
1395 3559 1489 3632 ita
1536 3574 1768 3657 patres
1809 3584 1892 3632 se
1931 3557 2259 3655 gessisse,
2298 3556 2533 3657 quod
2514 3582 2585 3628 ιιι

398 3671 760 3747 sacerdotis
793 3670 1252 3747 benedictione
1285 3689 1537 3771 partem
1561 3671 1985 3748 essentialem
2019 3671 2412 3746 sacramenti
2447 3696 2591 3744 ma-

398 3784 684 3859 trimonii
732 3786 1157 3884 agnoverint3
1209 3787 1500 3862 rationes
1545 3813 1704 3862 vero
1750 3786 2075 3862 eiusmodi
2125 3800 2284 3861 sunt
2327 3800 2469 3858 tum
2517 3801 2595 3860 ut

538 3998 639 4062 (22)
669 3998 751 4050 Sic
766 4000 894 4051 enim
913 4001 1082 4053 ucrihit
1097 4000 1378 4053 Theodorus
1396 4001 1489 4052 loc.
1505 4001 1595 4054 cit.
1605 4013 1714 4065 pag.
1733 4004 1840 4053 ³54.
1857 4021 1882 4046 α
1894 4000 2011 4052 Post
2025 4012 2174 4065 qnam
2190 3998 2600 4064 (poeniteutiam)

393 4078 443 4126 et
470 4076 751 4128 divinorum
778 4091 1031 4130 munerum
1063 4080 1480 4144 participationem
1505 4077 1798 4143 obtineant(
1810 4078 1990 4144 digami
2007 4079 2044 4142 ):
2068 4078 2276 4143 indeque
2297 4076 2588 4129 benedictio·

393 4167 504 4206 nn
539 4157 680 4208 vetut
705 4157 759 4207 in
787 4160 1099 4209 eumn-none
1122 4159 1340 4210 inferiori
1369 4157 1583 4222 quodam
1622 4157 1771 4209 modo
1793 4161 1903 4222 post
1923 4158 2290 4222 indulgentiam.
2310 4156 2602 4209 Benedictio

392 4235 523 4287 enim
544 4238 619 4288 est
640 4249 837 4302 munus,
853 4239 961 4289 tum
981 4237 1129 4288 etism
1146 4242 1198 4290 et
1213 4238 1454 4304 specimen
1475 4237 1834 4305 coniunctionis
1852 4250 1937 4303 pet
1956 4237 2254 4290 sacerdotem
2267 4274 2284 4302 ,
2296 4249 2355 4289 eo
2373 4235 2508 4302 quod
2527 4248 2596 4286 ex

392 4325 450 4363 eo
475 4316 691 4378 tempore
711 4328 810 4366 non
831 4315 1144 4380 prohibentur
1176 4330 1288 4368 cum
1318 4317 1381 4368 iis
1396 4354 1411 4379 ,
1434 4318 1519 4382 qui
1540 4318 1604 4368 ad
1626 4316 1864 4369 secundas
1896 4317 2176 4381 convolant„
2196 4316 2446 4379 convesci,
2487 4327 2596 4365 non

393 4394 1205 4460 msatqmcmnmonommis.»
2449 4470 2493 4517 *ι
2585 4446 2592 4449 ,
