3276 5083
673 435 809 505 252
1091 458 1212 508 us.
1247 458 1292 508 1.
1336 457 1510 507 sacr.
1552 458 1814 508 Atreu.
1849 459 1927 508 ns
1963 457 2225 508 nram.
2269 457 2482 508 c1v1u.

671 598 1012 647 renovare.
1056 574 1157 646 En
1194 598 1403 647 novos
1436 573 1789 646 conflictus
1816 630 1831 658 ‚
1873 573 1931 644 si
1971 571 2072 645 lex
2108 571 2328 645 civilis
2362 598 2497 646 non
2547 573 2895 648 admiserit

669 687 1168 787 impedimenta,
1215 713 1389 785 quae
1423 686 1710 760 ecclesia
1745 686 2112 759 constituit.
2156 686 2240 758 Et
2274 687 2366 759 ita
2397 711 2618 785 porro.
2660 688 2739 759 Ei
2775 690 2889 788 qui

667 800 974 897 regiones
1028 800 1550 900 perlustraverit,
1604 799 1674 871 in
1716 798 1963 898 quibus
1990 798 2095 872 lex
2118 800 2299 896 viget
2322 798 2406 871 de
2432 801 2764 897 coniugiis
2796 803 2895 874 ci-

663 914 948 1000 vilibus,
1009 914 1177 987 nihil
1239 914 1657 1013 frequentius
1708 912 2000 987 offendet
2056 939 2258 1012 quam
2323 913 2451 987 hos
2502 913 2754 989 aliosve
2804 918 2894 989 si·

666 1028 858 1102 miles
909 1056 1139 1115 casus,
1180 1029 1249 1100 in
1286 1054 1457 1128 quos
1513 1042 1744 1114 ruunt,
1779 1028 1894 1126 qui
1930 1026 2150 1099 civilia
2201 1027 2528 1101 eiusmodi
2578 1030 2892 1126 coniugia

665 1144 1138 1218 contraxerint.

812 1258 1030 1332 Facile
1063 1284 1333 1357 possem
1370 1258 1505 1331 alia
1531 1283 1663 1332 non
1693 1284 1907 1357 pauca
1939 1257 2361 1332 incommoda
2395 1284 2633 1355 urgere
2656 1315 2671 1344 ,
2711 1284 2887 1357 quae

664 1398 742 1445 ex
778 1372 889 1447 his
928 1374 1280 1447 connubiis
1323 1373 1694 1472 pullulant;
1738 1399 1967 1445 verum
2013 1399 2097 1445 ne
2147 1371 2466 1472 prolixior
2515 1372 2681 1458 sim,
2720 1373 2889 1446 haec

666 1485 931 1560 silentio
974 1486 1507 1584 praetermittens
1534 1542 1549 1571 ,
1605 1485 1787 1558 aliud
1824 1510 2230 1585 persequar,
2290 1485 2470 1584 quod
2520 1511 2602 1558 ex
2652 1486 2885 1560 eodem

667 1598 845 1670 fonte
893 1598 1215 1671 dimanat.
1266 1599 1579 1672 Admisso
1624 1599 1994 1698 principio,
2040 1600 2218 1698 quod
2263 1601 2764 1673 matrimonium
2799 1602 2882 1673 ad

665 1712 861 1785 civile
921 1715 1218 1811 regimen
1271 1714 1606 1788 exclusive
1653 1716 1980 1814 pertinet,
2039 1716 2172 1788 iam
2222 1741 2431 1815 prono
2479 1715 2668 1789 alveo
2701 1700 2880 1801 fluit,

665 1851 904 1900 causas
955 1828 1477 1903 matrimoniales
1523 1855 1756 1902 omnes
1807 1829 2143 1902 exclusive
2179 1830 2429 1927 pariter
2461 1829 2547 1901 ad
2583 1829 2757 1902 idem
2794 1857 2891 1903 re-

665 1940 886 2036 gimen
927 1941 1282 2038 pertinere.
1310 1943 1450 2014 Sibi
1486 1942 1882 2040 gubernium
1910 1944 2017 2016 ius
2044 1943 2381 2041 arrogabit
2409 1944 2879 2041 cognoscendi,

665 2053 1057 2141 iudicandi,
1115 2056 1651 2157 sententiamque
1701 2055 2112 2128 definitivam
2165 2056 2648 2155 pronunciandi
2709 2057 2885 2129 circa

665 2169 999 2267 coniugia,
1033 2197 1208 2271 quae
1231 2172 1428 2244 unice
1453 2171 1834 2245 considerat
1860 2187 2197 2270 tamquam
2224 2170 2456 2245 civiles
2480 2187 2878 2245 contractus

665 2285 884 2371 Quare
930 2313 1081 2360 cum
1132 2313 1331 2361 casus
1381 2288 1775 2385 contigerit,
1843 2287 2020 2388 quod
2076 2287 2258 2384 leges
2311 2287 2544 2360 civiles
2596 2305 2891 2386 pugnent

663 2427 813 2474 cum
848 2401 1108 2499 legibus
1144 2403 1619 2477 ecclesiasticis
1648 2461 1662 2490 ,
1704 2404 1821 2503 qui
1856 2403 2148 2503 profecto
2182 2428 2384 2475 casus
2419 2402 2717 2477 insolens
2754 2428 2886 2476 non

663 2530 807 2602 est,
864 2516 1104 2615 poterit
1165 2533 1341 2591 certe
1408 2518 1807 2591 sententiam
1862 2518 2031 2591 serre
2082 2516 2661 2592 contradictoriam
2694 2578 2709 2606 ,
2775 2536 2889 2591 aut

665 2631 1066 2703 contrariam
1135 2633 1509 2704 sententiae
1566 2632 1741 2705 latae
1774 2690 1789 2717 ‚
1856 2650 1973 2705 aut
2035 2632 2349 2705 serendae
2418 2632 2504 2704 ab
2571 2632 2879 2706 ecclesia.

666 2745 838 2817 Hinc
874 2747 933 2818 si
972 2764 1206 2842 agatur
1229 2745 1315 2819 de
1337 2746 1562 2820 valore
1587 2804 1602 2833 ,
1633 2764 1750 2820 aut
1774 2747 2075 2821 nullitate
2107 2747 2448 2835 connubii,
2489 2748 2889 2846 pronuncia-

663 2860 765 2932 bit
823 2851 996 2933 laica
1045 2876 1340 2960 potestas
1389 2862 1686 2935 validum
1730 2863 2113 2960 coniugium
2170 2863 2370 2950 illud,
2438 2863 2617 2963 quod
2676 2863 2889 2936 eccle-

670 2975 772 3047 sia
834 2975 1090 3048 irritum
1144 2975 1341 3073 plane
1389 3002 1470 3049 ac
1520 2975 1769 3049 nullius
1834 2975 2085 3049 valoris
2140 2976 2509 3063 iudicabit,
2578 3002 2657 3049 ac
2710 2977 2889 3050 vice-

664 3115 899 3176 versa,
957 3090 1213 3163 irritum
1267 3091 1467 3164 iudex
1515 3090 1732 3164 civilis
1785 3090 2257 3189 pronunciabit
2292 3149 2306 3176 ,
2368 3091 2548 3190 quod
2605 3091 2887 3164 ecclesia

667 3223 881 3279 ratum
930 3206 1156 3280 habet.
1213 3208 1532 3307 Sequelas
1583 3208 1857 3280 maximi
1912 3207 2228 3280 momenti
2263 3264 2279 3291 ‚
2328 3231 2502 3306 quae
2526 3233 2607 3279 ex
2633 3207 2760 3280 bac
2784 3207 2888 3279 iu-

663 3321 987 3394 diciorum
1032 3321 1510 3422 discrepantia,
1554 3323 1688 3396 imo
1726 3337 1792 3397 et
1832 3321 2258 3420 oppositione
2293 3322 2712 3419 proveniunt,
2744 3322 2889 3420 qui-

665 3433 825 3508 libet
873 3461 993 3534 per
1036 3462 1111 3508 se
1158 3436 1531 3535 expendere
1582 3436 1847 3535 poterit.
1896 3434 2200 3507 Indidem
2253 3435 2429 3508 enim
2470 3436 2678 3509 oritur
2726 3437 2888 3509 hinc

664 3550 1117 3624 conscientiae
1151 3551 1493 3636 anxietas,
1537 3550 1694 3623 inde
1728 3550 1897 3623 iuris
1942 3548 2161 3623 civilis
2207 3549 2491 3648 privatio
2518 3607 2533 3636 ,
2593 3566 2660 3623 et
2706 3551 2887 3650 quod

663 3665 1050 3740 inevitabile
1083 3680 1185 3738 est
1210 3723 1225 3753 ,
1269 3665 1841 3764 perturbationum
1875 3690 1953 3738 ac
1986 3662 2427 3737 dissidiorum
2463 3665 2887 3762 amplissima

664 3804 858 3875 seges
894 3806 1026 3853 non
1063 3779 1281 3853 solum
1316 3779 1490 3851 inter
1513 3794 1864 3878 utramque
1891 3793 2283 3877 potestatem
2313 3834 2327 3864 ‚
2361 3778 2481 3851 sed
2508 3777 2683 3851 inter
2707 3778 2887 3851 cives

665 3893 854 3992 ipsos
889 3911 1200 3992 exurget,
1242 3894 1357 3994 qui
1394 3893 1679 3968 invicem
1732 3893 2073 3968 colluctari
2124 3892 2495 3979 debebunt;
2547 3909 2613 3964 et
2661 3893 2753 3965 ita
2789 3892 2892 3964 fa—

664 4008 892 4081 miliae
936 4009 1400 4082 ac‘societatis
1451 4009 1643 4083 sinus
1687 4008 2111 4081 dilaceratur.
2330 4096 2336 4101 1
2666 4023 2671 4028 “

793 4125 1153 4220 'Praeterea
1196 4152 1276 4197 ex
1318 4124 1553 4199 eodem
1597 4124 1935 4223 principio
1974 4123 2059 4196 de
2103 4123 2522 4197 matrimonio
2571 4148 2756 4195 mere
2793 4123 2888 4194 ci-

662 4240 819 4326 vili,
869 4240 1174 4341 sequitur
1222 4267 1424 4340 posse
1472 4240 1823 4339 politicum
1881 4224 2171 4335 regimen
2210 4264 2452 4312 causas
2504 4237 2881 4320 decernere,

664 4357 750 4430 ob
785 4384 958 4458 quas
994 4355 1372 4452 coniugium
1409 4355 1689 4431 dissolvi
1742 4354 1995 4439 valeat,
2046 4382 2147 4427 ex.
2193 4381 2289 4447 gr.
2337 4352 2731 4428 adulterium
2761 4410 2779 4434 ,
2815 4368 2890 4424 ut
