3276 5083
680 394 817 463 306
1092 416 1214 465 mn.
1259 416 1303 485 i.
1346 414 1517 463 sscr.
1566 413 1825 463 Αιτειυι.
1869 412 1947 461 nn
1982 411 2243 462 nram.
2285 408 2499 459 clvm.

1512 668 1923 727 ARTICULUS
1961 670 2060 726 111.

1089 881 1206 940 Lex
1244 880 1317 939 de
1359 879 1729 941 Matrimonto
1768 878 1927 938 civili
1966 884 2054 938 est
2092 877 2470 953 antipolitica.

830 1116 969 1185 lam
1026 1112 1619 1186 animadvertimus
1643 1167 1660 1198 ,
1709 1106 2739 1210 plerosquefflpseudo-politieos,
2772 1109 2890 1208 qui

682 1245 1073 1328 promovent
1119 1226 1331 1324 legem
1384 1227 1469 1299 de
1503 1225 1857 1300 connubiis
1893 1222 2074 1297 mere
2108 1223 2424 1296 civilibus
2447 1280 2463 1311 ,
2504 1248 2741 1321 parum
2775 1241 2893 1298 aut

682 1342 854 1416 nihil
903 1342 1271 1441 permoveri
1315 1367 1522 1415 causa
1573 1339 1952 1437 religionis,
1995 1364 2213 1439 neque
2245 1363 2325 1411 ea
2359 1336 2672 1410 deterreri
2697 1395 2713 1423 ‚
2754 1363 2894 1437 quo

683 1459 908 1531 minus
960 1482 1157 1531 caeco
1207 1457 1496 1556 quodam
1552 1456 1774 1535 surore
1817 1456 2241 1528 connituntur
2293 1452 2476 1526 omni
2539 1478 2676 1551 qua
2736 1478 2893 1551 pos-

683 1589 839 1646 sunt
886 1597 1014 1670 ope
1049 1571 1259 1668 legem
1297 1570 1478 1642 illam
1514 1570 1939 1643 constituere.
1984 1567 2308 1653 Quocirca
2344 1567 2518 1642 aliae
2551 1584 2892 1667 praeterea

682 1685 816 1759 illis
852 1711 1095 1759 causae
1131 1683 1549 1757 adiiciendae
1583 1700 1741 1756 sunt
1765 1739 1781 1771 ,
1824 1682 2071 1783 quibus
2107 1709 2335 1756 eorum
2372 1683 2638 1757 animus
2673 1670 2892 1779 magis

682 1799 1113 1872 deterreatur.
1171 1800 1308 1899 Ipsi
1362 1798 1788 1898 profitentur,
1847 1824 1922 1870 se
1979 1794 2615 1871 societatisb'onum
2664 1806 2892 1897 perse-

682 1916 837 2015 qui,
896 1914 964 1986 id
1015 1941 1222 1987 unum
1272 1941 1433 2013 prae
1466 1913 1681 1987 oculis
1717 1913 1966 1985 habere
1991 1970 2006 1999 ‚
2050 1912 2176 1985 hoc
2210 1913 2580 1986 consectari
2616 1939 2691 1986 se
2720 1911 2893 1984 velle

681 2047 819 2103 tum
872 2035 939 2101 in
994 2030 1119 2103 hac
1169 2046 1309 2103 tum
1360 2029 1428 2101 in
1479 2028 1633 2101 aliis
1687 2027 2071 2101 huiusmodi
2110 2026 2373 2124 legibus
2409 2026 2892 2127 proponendisr

684 2146 921 2243 Utpote
970 2171 1010 2217 a
1061 2143 1307 2243 populo
1358 2141 1596 2216 delecti
1653 2143 1723 2213 in
1774 2142 2024 2216 bonum
2076 2141 2514 2240 reipublicae,
2556 2159 2758 2241 atque
2803 2141 2890 2214 ad

682 2259 940 2360 patriae
989 2261 1256 2358 negotia
1306 2258 1763 2344 discutienda,
1820 2283 1944 2330 nec
1993 2281 2124 2330 non
2160 2256 2246 2329 ad
2281 2257 2496 2357 ipsius
2539 2256 2890 2331 utilitatem

681 2391 748 2449 et
793 2373 1146 2448 commoda
1196 2373 1517 2446 sectanda
1565 2371 1909 2472 deputati,
1967 2369 2233 2444 nonnisi
2284 2397 2325 2442 a
2374 2371 2707 2444 communi
2742 2372 2893 2443 uni·
3009 2424 3010 2429 η

681 2489 1061 2590 versalique
1109 2487 1285 2563 bono
1337 2488 1711 2586 permoveri
1765 2501 2069 2586 possunt.
2113 2487 2211 2559 Ita
2268 2485 2540 2587 quidem
2601 2486 2732 2586 ipsi
2794 2485 2892 2561 lo-

683 2621 983 2705 quuntur
1029 2630 1105 2677 ac
1155 2619 1632 2705 protestantur.

824 2720 896 2789 Si
951 2719 1152 2815 igitur
1201 2718 1691 2791 ostenderimus
1742 2743 1890 2805 e03,
1947 2720 2063 2817 qui
2100 2719 2331 2791 intenti
2370 2734 2523 2790 sunt
2557 2718 2641 2790 ad
2678 2717 2892 2816 legem

683 2832 1086 2934 urgendam‚
1145 2833 1230 2905 de
1280 2860 1415 2932 qua
1465 2848 1567 2905 est
1601 2859 1853 2919 sermo,
1896 2860 2027 2906 non
2073 2834 2269 2907 modo
2320 2860 2454 2907 non
2509 2825 2894 2932 prospicere

687 2963 753 3021 et
802 2947 1150 3021 consulere
1184 2947 1457 3047 publico
1492 2948 1966 3047 communique
1996 2948 2203 3035 bono,
2249 2949 2452 3022 immo
2484 2965 2640 3022 vero·
2675 2947 2891 3020 eidem

688 3060 955 3162 penitus
1007 3062 1384 3148 adversari;
1428 3063 1484 3135 si
1532 3064 1600 3134 in
1652 3062 1944 3135 medium
1997 3064 2225 3160 gravia
2276 3053 2638 3136 asseramus
2670 3088 2750 3135 ac
2785 3088 2895 3135 so-

686 3178 827 3252 lida
854 3179 1198 3253 rationum
1245 3194 1608 3264 momenta,
1668 3180 1912 3277 quibus
1962 3195 2217 3253 constet
2257 3205 2404 3252 eam
2456 3179 2666 3277 legem
2712 3171 2893 3251 nullo

687 3293 920 3378 modu,
979 3293 1038 3366 §i
1092 3292 1175 3364 ad
1231 3319 1461 3366 sanam
1518 3291 1855 3393 politicam
1915 3293 2249 3390 exigatur,
2305 3318 2504 3391 posse
2570 3292 2886 3391 probari,

691 3407 941 3510 factum·
989 3405 1069 3477 iri
1122 3406 1563 3494 confidimus,
1619 3421 1694 3479 ut
1742 3405 1996 3505 publici
2048 3406 2159 3478 isti
2212 3406 2501 3479 nationis
2553 3405 2885 3503 delegati,

688 3537 806 3594 aut
851 3521 1053 3593 etiam
1089 3536 1164 3591 ut
1194 3535 1430 3593 vocant
1460 3534 2039 3617 repraesentanteS,
2083 3519 2191 3591 sin
2227 3518 2451 3592 minus
2486 3534 2559 3591 ut
2602 3519 2894 3617 religiosi

686 3633 858 3720 viri,
919 3632 1155 3706 saltem
1207 3648 1279 3704 ut
1329 3631 1579 3732 politici
1633 3631 1719 3704 ab
1770 3631 2092 3732 incoeptis
2143 3632 2484 3720 desinant,
2535 3659 2659 3706 nec
2702 3633 2897 3733 perti-

691 3749 943 3822 naciter
993 3748 1307 3821 insistant
1358 3746 1486 3844 legi
1540 3745 1635 3818 illi
1691 3746 2211 3845 promovendae,
2268 3774 2444 3846 quae
2484 3747 2892 3848 antipolitica

689 3864 1204 3938 demonstratur.
1248 3864 1390 3935 Hoc
1440 3877 1659 3935 autem
1696 3877 1834 3949 est,
1877 3861 2054 3961 quod
2090 3863 2438 3935 ostendere
2485 3863 2894 3936 assumimus

690 3978 899 4049 innixi
951 4005 1074 4052 nec
1119 3976 1380 4051 levibus
1430 4004 1552 4050 nec
1602 3978 1836 4076 paucis
1893 3994 2426 4074 argumentorum
2490 3977 2886 4051 rationibus.

834 4092 1043 4189 Igitur
1089 4094 1194 4165 lex
1245 4091 1361 4164 illa
1408 4092 1745 4165 censenda
1794 4091 2212 4191 dicendaque
2274 4108 2375 4166 est
2432 4091 2888 4192 antipolitica,

690 4230 864 4304 quae
910 4222 1013 4279 est
1060 4224 1289 4280 contra
1337 4221 1643 4279 naturam
1696 4222 1762 4279 et
1808 4205 2047 4292 finem,
2091 4232 2287 4305 quem
2324 4207 2393 4278 in
2430 4206 2687 4304 legibus
2732 4232 2896 4279 con-

691 4318 930 4393 dendis
983 4318 1109 4391 sibi
1162 4320 1598 4417 praestituere
1647 4318 1844 4391 debet
1890 4320 2108 4394 omnis
2145 4307 2417 4420 sapiens
2467 4347 2546 4395 ac
2597 4322 2899 4420 prudens
