3276 5083
646 376 782 448 328
1010 398 1155 455 ,ιιι
1202 398 1248 446 1.
1291 396 1461 446 sacr.
1505 395 1764 445 Atrum.
1811 396 1889 444 ns
1941 395 2204 446 nram.
2248 394 2458 446 cmm.

644 515 799 587 lum
834 539 1112 612 prorsus
1163 539 1242 586 ac
1301 514 1560 584 irritum
1612 511 1826 584 fuisse
1874 527 1940 583 et
1989 536 2165 584 esse.
2225 511 2556 595 Secundo,
2630 537 2874 585 sacra-

646 644 868 700 mento
901 630 1116 725 gratia
1157 628 1511 701 coniuncta
1545 643 1648 699 est
1674 684 1689 712 ,
1730 652 1865 725 qua
1900 624 2110 699 adiuti
2150 625 2384 699 fideles
2422 625 2651 724 plures
2702 652 2874 724 pos-

645 759 803 815 sunt
849 741 1280 815 difficultates
1316 767 1634 840 superare
1660 799 1675 828 ‚
1715 766 1892 840 quae
1927 742 2424 815 matrimonium
2457 740 2872 821 comitantur

645 859 845 957 eique
897 872 1056 930 sunt
1106 857 1376 942 insitae,
1419 858 1527 929 cui
1564 857 1622 929 si
1660 855 2142 955 obsequantur,
2185 855 2401 929 levius
2435 882 2552 929 eas
2593 856 2859 942 serunt,

648 997 767 1044 seu
819 971 1147 1070 patienter
1204 969 1490 1043 tolerant
1520 1028 1537 1055 ,
1596 995 1718 1043 nec
1768 971 1918 1043 sine
1976 970 2362 1044 meritorum
2417 971 2682 1044 foenore
2723 999 2739 1054 ;
2797 985 2876 1042 at

648 1088 715 1158 in
768 1102 1112 1160 contractu
1163 1112 1329 1185 pure
1377 1084 1592 1170 civili,
1635 1086 1743 1158 cui
1783 1084 2020 1182 religio
2055 1101 2161 1159 est
2194 1085 2467 1159 omnino
2516 1100 2853 1169 extranea,

648 1202 797 1291 imo·
832 1226 1033 1300 quem
1086 1199 1358 1272 damnat
1408 1225 1486 1271 ac
1537 1199 1946 1285 detestatur,
2003 1224 2137 1273 non
2189 1214 2295 1272 est
2346 1199 2528 1298 quod
2579 1199 2863 1296 gratiam

648 1339 1093 1412 quaeramus3
1151 1313 1317 1411 quin
1372 1314 1597 1412 potius
1651 1313 1768 1413 qui
1820 1313 1922 1388 sic
1972 1314 2411 1401 contrahunt,
2457 1313 2729 1385 divinae
2761 1313 2866 1383 in-

646 1429 1018 1526 dignationi
1068 1429 1549 1514 subiiciuntur,
1604 1429 1862 1527 Deique
1914 1429 2084 1500 iram
2140 1430 2207 1499 in
2262 1453 2338 1501 se
2387 1427 2727 1501 concitant
2773 1427 2861 1500 ob

649 1543 991 1616 habituale
1044 1560 1391 1643 peccatum
1425 1602 1441 1629 ,
1497 1544 1605 1616 cui
1658 1570 1733 1617 se
1781 1542 2104 1642 obligant.
2169 1544 2418 1627 Tertio,
2476 1543 2594 1642 qui
2644 1567 2864 1617 coram

648 1658 934 1731 ecclesia
977 1658 1475 1730 matrimonium
1525 1657 1963 1744 contrahunt,
2005 1657 2223 1732 edocti
2268 1672 2426 1731 sunt
2451 1716 2467 1745 ,
2508 1683 2583 1730 se
2619 1657 2688 1728 in
2725 1682 2867 1756 per—

650 1788 923 1871 petuum
976 1771 1315 1844 devincire
1365 1797 1444 1843 ex
1496 1785 1835 1870 comperta
1884 1771 2007 1843 Dei
2068 1770 2409 1846 voluntate
2449 1829 2465 1859 ,
2531 1772 2649 1870 qui
2713 1796 2868 1845 oon-

653 1888 869 1959 stituit
910 1885 1146 1960 foedus
1195 1886 1376 1959 istud
1429 1913 1648 1985 usque
1697 1888 1783 1959 ad
1827 1886 2214 1961 alterutrius
2262 1888 2570 1984 coniugis
2616 1886 2866 1961 obitum

650 2001 1045 2073 duraturum
1069 2058 1086 2088 ‚
1127 2001 1368 2099 quavis
1420 2002 1935 2100 superveniente
1970 2001 2403 2087 difficultate;
2445 2017 2681 2076 contra
2711 2026 2870 2074 vero

652 2116 719 2186 in
771 2115 1082 2212 coniugio
1131 2116 1330 2188 unice
1379 2114 1600 2202 civili,
1659 2114 1990 2188 eiusmodi
2037 2116 2446 2215 perpetuitas
2479 2141 2561 2189 ex
2595 2114 2739 2190 solo
2771 2114 2870 2186 le-

650 2231 989 2327 gislatoris
1038 2229 1259 2302 civilis
1309 2228 1727 2330 beneplacito
1759 2228 2044 2328 pendet;
2086 2231 2248 2329 quia
2284 2255 2526 2329 nempe
2561 2230 2868 2327 regimini

652 2347 926 2445 politico
969 2347 1063 2419 ita
1105 2346 1358 2444 placuit
1389 2403 1406 2431 ,
1463 2345 1728 2419 etiamsi
1781 2361 2160 2419 contractus
2212 2344 2466 2419 nullius
2514 2345 2761 2419 valoris
2798 2346 2870 2416 in

658 2486 733 2533 se
783 2462 894 2558 sit.
940 2460 1454 2554 Durumlautem
1488 2459 1912 2559 arduumque
1937 2476 2042 2533 est
2066 2460 2269 2533 nimis
2294 2461 2364 2532 in
2393 2459 2665 2535 casibus
2703 2485 2874 2561 pene

656 2576 1026 2658 innumeris
1066 2576 1453 2675 quempiam
1505 2575 1621 2648 tali
1677 2575 1959 2672 subesse
2009 2576 2374 2651 conditioni
2420 2577 2630 2664 invito
2661 2602 2741 2651 ac
2773 2603 2874 2649 re-

654 2689 944 2762 luctante
995 2690 1222 2762 animo
1245 2746 1260 2774 ‚
1310 2704 1385 2761 ut
1422 2689 1843 2788 quisqueex
1897 2715 1973 2764 se
2025 2690 2405 2790 expendere
2454 2693 2716 2793 poterit.

796 2801 1014 2901 Atque
1067 2802 1195 2875 hoc
1244 2802 1413 2875 adeo
1460 2828 1693 2876 verum
1743 2820 1880 2891 est,
1930 2822 2007 2878 ut
2056 2805 2451 2894 acatholici,
2508 2807 2628 2906 qui
2677 2806 2874 2881 facile

652 2917 820 3008 adeo
869 2915 1229 3014 admittunt
1293 2918 1653 2991 divortium
1689 2976 1705 3006 ‚
1770 2920 2036 2993 crimini
2085 2937 2348 2995 vertant
2404 2921 2729 3008 ecclesiae
2776 2923 2875 2993 in-

660 3031 1020 3104 flexibilem
1068 3032 1216 3104 eius
1268 3030 1641 3106 doctrinam
1685 3034 1771 3107 de
1820 3033 2128 3109 absoluta
2176 3062 2258 3109 ac
2307 3036 2691 3110 omnimoda
2741 3062 2876 3109 ma-

656 3146 945 3221 trimonii
1011 3145 1602 3221 indissolubilitate
1631 3207 1648 3236 ,
1705 3148 1891 3223 nulla
1949 3149 2181 3224 hahita
2231 3151 2485 3226 ratione
2535 3151 2874 3224 humanae

656 3260 1133 3335 imbecillitatis
1157 3320 1174 3350 ,
1215 3277 1442 3362 totque
1478 3262 1946 3338 difficultatum
1971 3325 1988 3352 ,
2035 3265 2283 3365 quibus
2335 3265 2667 3338 interdum
2705 3290 2874 3353 „con-

656 3378 845 3474 iuges
882 3392 1225 3473 urgentur.
1271 3377 1958 3479 Pseudo-philosophi
1999 3406 2078 3453 ac
2111 3380 2404 3453 libertini
2442 3379 2618 3453 hanc
2655 3381 2869 3479 ipsam

652 3487 1183 3577 accusationem,
1233 3516 1425 3563 suam
1461 3491 1865 3580 effecerunt,
1900 3518 1980 3565 ac
2022 3494 2304 3592 proinde
2338 3494 2554 3592 legem
2590 3494 2872 3586 ferream

650 3605 1013 3706 appellant.
1075 3607 1264 3679 Nunc
1327 3631 1450 3680 nos
1509 3633 1657 3679 eam
1709 3607 1778 3678 in
1831 3608 2015 3707 ipsos
2066 3608 2490 3685 adversarios
2535 3610 2875 3711 intorque-

654 3744 844 3809 mus,
895 3740 1095 3822 atque
1146 3721 1238 3794 ita
1276 3722 1377 3822 ‘ad
1429 3723 1744 3822 hominem
1794 3748 1910 3797 eos
1962 3726 2511 3824 perstringimus:
2569 3727 2628 3799 si
2679 3726 2871 3804 vobis

653 3835 1050 3925 fatentibus»,
1095 3863 1174 3911 ac
1223 3836 1780 3911 contendentibus
1830 3839 2066 3926 etiam,
2123 3837 2449 3913 ecclesiae
2499 3840 2869 3916 catholicae

650 3949 951 4022 doctrina
986 3951 1073 4023 de
1107 3951 1417 4026 absoluta
1468 3951 1761 4050 coniugii
1807 3951 2398 4028 indissolubilitate
2434 3956 2603 4029 dura
2637 3982 2717 4029 ac
2751 3955 2874 4029 fer-

653 4086 765 4132 rea
812 4078 953 4151 est,
1011 4066 1302 4138 etiamsi·
1339 4064 1455 4138 illa
1509 4066 1601 4137 nil
1655 4065 1841 4139 aliud
1907 4066 2161 4142 indicat
2219 4094 2421 4167 quam
2470 4069 2592 4142 Dei
2651 4070 2870 4169 ipsius

646 4177 1088 4266 voluntatem;
1128 4181 1502 4286 etiamsilid
1542 4183 1691 4282 ipsa
1750 4183 1985 4256 doceat
2034 4184 2119 4257 de
2171 4185 2632 4272 matrimonio,
2684 4186 2866 4284 quod

648 4310 751 4365 est
806 4317 960 4367 vere
1010 4311 1074 4367 et
1134 4299 1398 4396 proprie
1466 4313 1958 4372 sacramentum
2026 4325 2236 4374 novae
2304 4299 2531 4395 legis3
2597 4302 2865 4374 etiamsi
