3276 5083
725 409 860 480 284
1116 432 1237 481 us.
1280 433 1323 481 ι.
1368 431 1537 483 ssor.
1580 432 1837 482 strena.
1890 433 1967 481 ns
2004 431 2262 483 unm.
2298 429 2508 481 civim.

720 547 969 646 tatique
1002 572 1078 619 ac
1113 547 1502 622 inflammati
1555 575 1595 619 a
1644 547 2109 621 eommunismi
2161 546 2446 619 ducibus
2499 548 2772 634 fuerint,
2813 550 2915 622 vi-

719 660 1009 733 cemeis
1058 659 1369 746 reddent,
1431 676 1497 733 et
1555 662 1622 732 in
1675 662 1973 758 ipsorum
2024 659 2244 757 capita
2292 660 2913 759 professionemque

719 774 921 848 relabi
957 774 1200 847 facient
1225 832 1241 860 ,
1281 801 1457 873 quae
1490 776 1693 847 iidem
1729 776 1799 846 in
1835 776 1953 847 Dei
1991 799 2217 848 servos
2251 773 2463 846 moliti
2515 789 2672 847 sunt
2732 777 2907 868 (36).

861 889 990 961 Sed
1023 889 1198 961 utin
1231 890 1407 962 viam
1458 890 1940 986 regrediamur:
1997 888 2557 985 quemadmodum
2611 888 2914 986 politices

718 1004 1274 1101 proprietatisque
1338 1004 1670 1101 principia
1693 1060 1709 1087 ,
1768 1004 1862 1074 ita
1908 1003 2109 1101 etiam
2172 1017 2440 1074 sanctae
2507 1003 2913 1074 matrimonii

718 1116 898 1213 leges
935 1144 976 1188 a
1006 1118 1485 1190 communismo
1524 1141 1891 1191 concussae
1942 1132 2119 1188 sunt.
2164 1117 2329 1195 Nam
2380 1116 2686 1213 quamvis
2736 1141 2911 1189 com-

717 1232 1049 1304 munistae
1112 1257 1191 1303 ac
1257 1232 1635 1305 socialistae
1704 1231 1996 1303 nondum
2063 1230 2400 1327 potuerint
2460 1230 2727 1326 impura
2791 1256 2914 1302 sua

716 1343 1027 1440 dogmata
1072 1335 1745 1443 populis'propinare
1770 1400 1785 1429 ,
1844 1343 1938 1412 ita
1982 1359 2057 1413 ut
2105 1342 2479 1414 aboleretur
2527 1342 2911 1437 coniugium

718 1459 972 1557 ipsum,
1004 1459 1201 1555 eique
1244 1458 1658 1531 sufficeretur
1697 1457 1906 1529 libera
1929 1482 2007 1528 ac
2035 1472 2462 1553 temporanea
2505 1457 2907 1540 coniunctio,

718 1598 839 1645 seu
870 1598 1043 1667 vaga
1073 1598 1315 1645 venus:
1353 1598 1569 1670 neque
1603 1599 1682 1644 eo
1718 1572 2172 1670 pervenerint,
2222 1588 2295 1643 ut
2328 1571 2685 1645 effraenem
2725 1571 2913 1669 poly-

717 1686 1005 1781 gamiam
1031 1711 1108 1757 ac
1143 1684 1601 1783 polyandriam
1631 1685 2116 1761 introduxerint
2143 1714 2157 1771 ;
2198 1710 2399 1780 grave
2431 1700 2649 1757 tamen
2672 1683 2911 1756 vulnus

716 1800 968 1898 nuptiis
993 1799 1375 1871 christianis
1404 1800 1809 1871 inflixerunt.
1839 1799 2097 1871 Etenim
2127 1798 2388 1871 illorum
2417 1798 2606 1870 ideae
2632 1799 2913 1896 irrepse-

718 1930 872 1984 runt
911 1914 980 1984 in
1025 1929 1276 1986 mentes
1331 1913 2070 2012 pseudo-politicorum,
2105 1913 2632 2011 effeceruntque,
2673 1931 2747 1985 ut
2779 1912 2913 1984 sal-

717 2043 847 2100 tem
897 2029 1396 2126 protestantium
1441 2029 1746 2101 doctrina
1781 2029 1867 2100 de
1910 2028 2331 2101 matrimonio
2366 2054 2487 2100 ceu
2521 2054 2701 2100 mere
2734 2026 2910 2100 civili

714 2158 1053 2216 contractu
1116 2169 1336 2242 neque
1401 2143 1696 2217 absurda
1767 2169 1984 2241 neque
2053 2142 2424 2239 irreligiosa
2481 2143 2682 2215 etiam
2743 2142 2912 2214 inter

713 2256 1072 2332 catholicos
1106 2258 1461 2332 videretur.
1499 2258 1948 2331 Obtinuerunt
1988 2272 2357 2356 praeterea,
2398 2273 2473 2330 ut
2506 2258 2911 2354 excogitare-

859 2534 959 2598 (⁸6)
984 2537 1108 2585 Sane
1127 2537 1384 2599 postquam
1403 2535 1575 2586 Thiers
1594 2534 1644 2584 in
1664 2534 1838 2597 op.cui
1860 2532 1938 2584 tit.
1954 2534 2093 2583 ΗΜ.
2115 2531 2180 2583 de
2201 2532 2254 2582 la
2275 2531 2437 2583 revel.
2460 2533 2580 2581 tom.
2605 2534 2641 2582 1.
2667 2545 2775 2595 pag.
2805 2532 2907 2582 187.

714 2620 762 2663 ti
777 2651 788 2662 .
807 2613 926 2662 edit.
951 2615 1001 2663 et
1020 2613 1138 2663 alibi
1158 2615 1339 2676 passim
1358 2614 1410 2661 in
1432 2612 1601 2662 eadem
1624 2611 1830 2662 historia
1848 2612 2122 2674 apologiam
2144 2610 2300 2660 texuit
2316 2609 2620 2672 spoliationis
2638 2622 2697 2658 ac
2714 2609 2913 2671 deprae-

711 2689 922 2739 dationis
961 2690 1199 2739 bonorum
1232 2690 1668 2740 ecclesiasticorum
1697 2703 1824 2752 quae
1852 2690 1979 2737 sacta
2001 2691 2075 2739 est
2105 2702 2183 2736 an.
2217 2693 2332 2737 1789
2360 2689 2407 2735 et
2441 2699 2578 2748 seqq.
2612 2699 2670 2734 ac
2710 2686 2916 2747 ipsemet

711 2766 896 2816 laetitia
917 2768 1128 2829 gestiens
1146 2780 1225 2816 an.
1244 2774 1377 2817 1830.
1401 2768 1673 2817 interfuerit
1690 2766 1950 2829 episcopii,
1974 2768 2030 2815 ut
2052 2767 2250 2825 vocant,
2273 2777 2357 2814 seu
2380 2763 2548 2826 palatii
2566 2763 2916 2827 archiepiscopi

712 2844 991 2907 parisiensis
1026 2845 1284 2895 vastationi
1305 2881 1322 2905 ,
1363 2848 1420 2895 ut
1454 2848 1661 2895 testatur
1695 2846 1919 2907 Aloysius
1947 2844 2097 2894 Blanc
2129 2844 2178 2893 in
2215 2857 2301 2894 sua
2334 2845 2564 2893 Histoire
2596 2843 2660 2893 de
2693 2842 2789 2893 dix
2820 2857 2920 2896 am

710 2925 829 2973 tom.
853 2926 915 2972 11.
939 2936 1046 2987 pag.
1073 2931 1162 2973 290
1185 2925 1231 2972 ei
1254 2932 1360 2974 292.
1382 2925 1595 2974 scribens
1622 2924 1685 2974 de
1703 2928 1761 2973 D.
1785 2930 1938 2986 Arago
1952 2961 1966 2986 ,
1990 2925 2074 2987 qui
2097 2923 2336 2973 eiusmodi
2360 2923 2665 2973 demolitioni
2684 2923 2917 2973 obsistere

708 3000 924 3050 volebat:
946 3022 969 3044 α
982 3005 1057 3052 On
1077 3003 1146 3052 lui
1166 3003 1259 3052 cite
1278 3003 1717 3066 particulierement
1736 3006 1800 3054 Μ.
1814 3003 2004 3066 ThierS,
2018 3002 2398 3053 sous-secretaire
2419 3001 2570 3052 d'etat
2588 3015 2648 3052 au
2669 3003 2915 3053 minister-e

706 3080 795 3130 des
814 3080 1042 3131 tinances.
1063 3082 1359 3145 111·aper‹;ut
1379 3097 1437 3133 en
1461 3083 1604 3144 estet,
1625 3096 1679 3134 se
1696 3087 1984 3146 promenant
2011 3083 2135 3133 dans
2165 3083 2236 3133 les
2265 3084 2454 3144 ruines,
2482 3095 2609 3133 avec
2633 3095 2709 3134 un
2740 3086 2916 3145 vianae

702 3157 939 3221 sexti-trau
958 3163 1007 3210 et
1037 3160 1084 3211 le
1104 3164 1306 3211 saurir-e
1337 3175 1432 3211 sur
1458 3162 1529 3212 les
1555 3161 1770 3220 levi-ex»
1795 3164 1962 3224 postea
1983 3162 2062 3211 hic
2086 3163 2288 3225 ipsemet
2310 3162 2482 3211 Thiers
2503 3174 2702 3211 cernens
2736 3159 2911 3211 doctri·

709 3252 821 3304 nam
840 3243 1196 3291 communiunt
1216 3254 1277 3290 ac
1300 3240 1580 3291 socialismi
1602 3242 1745 3304 longe
1764 3241 1959 3303 lateque
1974 3241 2186 3291 diffundi
2207 3255 2264 3290 ac
2284 3240 2564 3304 propagari,
2584 3237 2775 3301 scripsit
2788 3252 2910 3302 opus

709 3331 852 3370 suum
874 3323 949 3370 De
970 3320 1026 3370 la
1040 3320 1330 3384 propr-tete,
1367 3323 1423 3370 ut
1457 3335 1510 3371 se
1544 3321 1617 3370 illi
1648 3325 1917 3388 opponeret
1949 3321 2404 3371 doariuaaAstsic
2423 3331 2535 3370 eum
2561 3320 2763 3381 eiusque
2793 3330 2916 3381 sym-

706 3399 874 3460 mistas
906 3400 1079 3449 merito
1105 3399 1365 3461 compellat
1388 3398 1648 3450 Proudhon
1672 3400 1882 3450 «Jaloux
1906 3399 2185 3450 defenseurs
2206 3397 2267 3448 de
2295 3398 2343 3446 la
2371 3397 2637 3461 propriete,
2669 3397 2909 3460 pourquoi

709 3479 838 3529 donc
858 3479 1201 3528 trouva-vous
1221 3479 1316 3527 bon
1332 3492 1427 3541 que
1448 3493 1535 3529 vos
1554 3481 1693 3542 peres
1715 3479 1881 3529 l'aient
1899 3479 2077 3540 violee,
2099 3480 2133 3527 il
2153 3493 2184 3541 y
2202 3492 2230 3526 a
2244 3478 2502 3539 cinquante
2522 3482 2643 3527 ans?
2662 3476 2911 3526 N’etaient·

708 3557 771 3607 iis
791 3570 878 3621 pas
894 3557 1258 3620 proprietaires,
1281 3571 1343 3607 au
1366 3558 1481 3607 titre
1497 3558 1545 3606 le
1559 3559 1669 3620 plus
1684 3558 1920 3621 legitime,
1935 3570 2015 3608 ces
2034 3556 2227 3617 nobles,
2246 3556 2394 3618 qu’ils
2412 3556 2498 3604 ont
2513 3555 2806 3619 depouilles,
2829 3566 2910 3603 ees

707 3639 892 3702 preti-es
921 3637 1043 3708 dont
1063 3637 1126 3687 ils
1143 3639 1231 3688 ont
1250 3638 1421 3701 ecquis
1450 3638 1521 3688 les
1549 3638 1689 3688 biens
1708 3639 1736 3687 a
1757 3640 1825 3689 vil
1844 3640 1982 3703 prix?
2000 3637 2363 3699 N'equivoquez
2381 3649 2491 3699 pas;
2511 3634 2800 3702 respondet:
2821 3635 2912 3705 Ces

705 3718 992 3782 propt-ietes,
1012 3715 1297 3778 dites-vous,
1317 3717 1496 3767 etaient
1515 3718 1559 3767 le
1581 3716 1700 3765 fruit
1718 3716 1780 3766 de
1798 3718 1843 3767 la
1858 3719 2095 3781 conquete
2113 3720 2162 3765 et
2179 3715 2240 3764 de
2260 3717 2307 3764 la
2323 3715 2587 3778 captation.
2599 3714 2717 3763 Mais
2736 3715 2805 3762 les
2826 3713 2905 3762 he·

708 3796 869 3848 ritiers
895 3795 981 3847 des
1002 3795 1236 3859 premiers
1261 3796 1611 3859 conquerants,
1635 3795 1950 3846 n’etaient·ils
1966 3809 2052 3858 pas
2071 3796 2297 3845 couverts
2317 3807 2404 3856 par
2426 3794 2475 3843 la
2498 3793 2656 3843 bonne
2677 3792 2744 3841 foi
2768 3792 2913 3840 d'une

709 3874 886 3939 longus
901 3874 1196 3938 possession,
1216 3888 1303 3939 par
1327 3877 1372 3924 la
1395 3875 1716 3938 prescription
1736 3878 1784 3925 et
1805 3877 1961 3925 tontes
1982 3875 2054 3925 les
2067 3874 2192 3924 lois?
2213 3875 2335 3924 Mais
2352 3886 2432 3922 ces
2453 3872 2654 3934 moines,
2666 3870 2910 3921 n’etaient·

705 3954 766 4006 iis
784 3968 871 4018 pas
888 3955 1079 4013 censes,
1096 3954 1478 4006 consonnement
1490 3955 1520 4003 a
1541 3955 1647 4008 leur
1668 3954 1965 4015 institution,
1992 3967 2101 4003 user
2128 3954 2189 4003 de
2213 3954 2343 4004 leurs
2369 3965 2576 4003 revenus
2590 3966 2712 4015 pour
2731 3951 2775 3999 le
2794 3963 2905 3999 sou-

703 4033 945 4100 lagement
963 4047 1030 4083 ou
1051 4033 1319 4084 l'entretien
1340 4034 1425 4084 des
1444 4038 1679 4097 pauvres?
1694 4060 1710 4071 ·
1727 4034 1793 4083 lls
1812 4033 2170 4096 s'acquittaient
2188 4033 2288 4082 mal
2311 4033 2372 4082 de
2393 4047 2449 4083 ce
2469 4032 2663 4082 devoir:
2685 4028 2912 4082 d’accord

700 4111 818 4175 (qui
842 4113 961 4164 haee
981 4113 1151 4162 scribit
1169 4117 1245 4164 est
1265 4115 1483 4174 atheus);
1511 4113 1633 4163 mais
1653 4113 1698 4163 si
1714 4112 1877 4174 cesut
1896 4125 1968 4162 un
1991 4111 2298 4176 mtispour
2318 4112 2390 4161 les
2410 4109 2730 4174 deposseder,
2744 4121 2913 4158 conve·

706 4203 796 4241 na
825 4190 1149 4255 qu'invoquer
1171 4207 1265 4245 une
1282 4193 1480 4257 pareille
1500 4193 1687 4253 raison,
1708 4191 1926 4255 pourrait
1943 4205 2067 4241 nous
2092 4205 2257 4242 menet
2274 4192 2375 4241 loin
2391 4189 2748 4253 aujourd’bui.»
2769 4186 2909 4249 Apud

702 4271 949 4342 auctorem
990 4284 1072 4333 op.
1110 4274 1175 4322 Le
1210 4276 1578 4322 communisme
1621 4275 1673 4321 et
1713 4283 1791 4320 ses
1818 4283 2013 4321 causes.
2046 4271 2264 4319 seconde
2301 4270 2469 4331 partie.
2505 4269 2727 4330 Avignon
2773 4269 2907 4316 1849.

702 4362 808 4413 pag.
828 4357 932 4400 255.
978 4407 981 4410 ,
