3276 5083
580 480 720 528 οη.
743 479 833 528 1v.
856 477 1124 528 urm».
1148 479 1289 528 Aac.
1308 480 1386 529 nn
1410 478 1550 529 um.
1574 479 1749 530 sica.
1777 481 1917 530 aar.
1938 481 2010 531 11.
2036 483 2178 532 aas.
2202 483 2384 534 rain.
2493 462 2622 536 101

411 611 671 697 potest3
708 619 788 668 ae
827 611 1177 694 propterea
1224 596 1508 669 existere
1555 613 1776 695 potest
1824 611 2203 672 contractus
2265 601 2639 700 coniugalis

408 710 720 797 validus,
776 710 944 809 quin
996 711 1084 783 sit
1130 727 1648 784 sacramentum.

564 825 652 897 At
694 849 1043 924 perperam
1085 851 1165 898 ex
1205 841 1502 898 veterum
1540 826 2047 900 auetoritatibus
2071 828 2144 900 id
2169 829 2501 919 concludi,
2537 832 2644 905 fa·-

411 940 543 1013 eile
590 957 695 1013 est
740 939 1118 1013 ostendere.
1156 940 1322 1012 Nam
1370 942 1437 1011 1.
1483 957 1735 1014 certum
1784 957 1922 1028 est,
1976 957 2041 1014 et
2085 941 2218 1043 ipsi
2269 943 2638 1018 adversarii

409 1055 819 1141 concedunt,
879 1054 1303 1129 matrimonia
1341 1053 1459 1128 illa
1493 1055 1706 1129 fuisse
1737 1083 1819 1129 ex
1853 1073 2118 1155 patrum
2161 1060 2492 1132 sententia
2522 1081 2644 1134 va-

409 1170 583 1257 lida;
625 1195 784 1266 ergo
818 1167 1183 1242 adversarii
1236 1169 1404 1241 nihil
1435 1196 1535 1243 ex
1584 1170 1695 1243 his
1745 1172 2144 1247 testimoniis
2179 1199 2302 1273 pro
2339 1176 2643 1275 suaopi-

412 1286 615 1359 nione
645 1284 973 1358 conficere
1006 1300 1326 1384 possunt,
1372 1285 1504 1357 nisi
1542 1303 1928 1385 supponant
1949 1287 2020 1358 in
2044 1289 2467 1363 matrimonio
2490 1316 2643 1365 eon-

415 1416 698 1473 tractum
732 1426 774 1473 a
811 1416 1225 1473 sacramento
1261 1401 1556 1500 separari
1594 1426 1832 1500 posse;
1875 1427 2073 1502 porro
2109 1403 2237 1477 hoo
2270 1403 2496 1503 ipsum
2536 1422 2641 1480 est

418 1513 489 1585 in
538 1514 933 1613 quaestione
956 1571 971 1601 ,
1014 1540 1133 1587 seu
1185 1515 1407 1613 potius
1458 1515 1587 1588 hoc
1638 1542 1769 1589 non
1819 1533 1923 1589 est
1972 1516 2103 1589 nisi
2153 1520 2638 1593 consectarium

415 1629 713 1730 ipsorum
764 1630 1135 1730 opinionis,
1175 1630 1260 1702 de
1309 1655 1444 1729 qua
1492 1631 1907 1730 disputatum
1964 1657 2122 1729 ergo
2172 1648 2408 1733 petunt
2456 1636 2641 1736 prin-

410 1746 690 1846 cipium.
727 1747 863 1818 Nos
898 1753 1127 1818 contra
1160 1761 1393 1845 postea
1428 1746 1859 1845 probabimus
1882 1804 1897 1834 ‚
1931 1771 2011 1821 ex
2041 1764 2337 1822 veterum
2373 1767 2639 1850 patrum

414 1878 481 1934 et
527 1862 750 1960 ipsius
803 1860 1129 1934 ecelesiae
1180 1862 1506 1935 sententia
1554 1878 1965 1936 contractum
2007 1890 2057 1936 a
2103 1882 2519 1940 sacramento
2567 1865 2639 1939 in

410 1976 836 2050 matrimonio
871 1974 1240 2050 christiano
1274 1976 1573 2075 separari
1608 2001 1742 2051 non
1782 2001 2004 2076 posse.
2045 1981 2115 2051 2.
2159 1979 2377 2065 Quum
2414 1997 2639 2082 patres

413 2092 649 2165 dicunt
670 2091 756 2163 de
781 2091 893 2164 his
919 2092 1364 2166 matrimoniis
1402 2118 1553 2166 esse
1598 2093 1736 2165 fere
1771 2093 2123 2181 adulteria,
2165 2119 2296 2167 non
2329 2095 2598 2170 obstant
2619 2155 2634 2182 ‚

417 2207 777 2305 quominus
802 2205 937 2280 sint
956 2205 1182 2279 valida
1201 2263 1215 2292 ‚
1242 2208 1366 2278 etsi
1399 2208 1808 2280 infructuose
1833 2224 2171 2307 suscepta,
2195 2227 2633 2283 sacramenta.

422 2321 574 2407 Quo
614 2321 863 2395 demeto
910 2321 1075 2394 vitio
1110 2322 1178 2393 in
1218 2315 1752 2394 adversariorum
1799 2314 2374 2418 argumentatione
2408 2347 2488 2396 ex
2526 2353 2645 2424 pa·-

420 2452 594 2508 trum
643 2433 894 2522 effatis,
952 2461 1031 2508 ea
1079 2437 1356 2509 omnino
1388 2460 1469 2509 ae
1503 2429 1702 2537 plane
1749 2435 2016 2509 corruit.
2060 2436 2184 2510 His
2219 2436 2640 2512 animadver-

412 2551 513 2625 sis
539 2610 555 2639 ,
596 2552 697 2624 sie
731 2555 862 2624 iam
898 2551 1287 2649 singillatim
1339 2550 1629 2624 adducta
1670 2550 2049 2625 testimonia
2093 2555 2571 2653 percurrimus.

557 2664 815 2740 Ordine
860 2667 1043 2740 venit
1092 2668 1348 2765 primus
1386 2664 1721 2753 Calixtus;
1800 2667 1930 2740 iam
1981 2690 2138 2740 vero
2188 2668 2256 2739 in
2308 2664 2478 2742 salsa
2526 2670 2646 2742 de*

413 2781 640 2854 cretali
678 2780 765 2853 ad
800 2807 1032 2854 omnes
1086 2781 1444 2854 Galliarum
1496 2782 1892 2881 episcopos,
1940 2806 2250 2882 quaeque
2289 2784 2570 2857 refertur
2601 2804 2642 2858 a

414 2886 728 2970 Gratiano
755 2896 976 2969 Causa
1012 2894 1130 2968 111.
1171 2902 1343 2992 (non
1380 2914 1600 2969 autem
1633 2898 1731 2969 uti
1758 2924 1799 2969 a
1821 2894 2004 2970 Cano
2025 2899 2271 2970 citatur
2295 2900 2517 2971 Causa
2541 2901 2635 2995 Ι.)

417 3032 535 3109 qu.
572 3013 640 3082 4.
672 3036 825 3111 cap.
864 3013 929 3083 4.
966 3012 1632 3110 Consanqm'neorum,
1677 3011 1842 3083 haee
1875 3010 2228 3083 habentur.
2255 3038 2290 3080 «
2316 3008 2643 3111 Quisquis

418 3150 575 3224 ergo
629 3152 759 3199 non
811 3142 914 3200 est
965 3127 1259 3224 legitime
1307 3127 1700 3200 coniunctus
1723 3185 1738 3212 ‚
1781 3124 1886 3200 vel
1920 3125 2179 3224 absque
2211 3122 2425 3197 dotali
2453 3124 2642 3199 titula

417 3267 498 3315 ae
545 3242 1010 3316 benedictione
1074 3240 1441 3316 sacerdotis
1491 3257 1753 3315 constat
1800 3238 2150 3339 copulatus
2171 3295 2187 3326 ,
2263 3236 2641 3315 sacerdotes

418 3355 529 3428 vel
574 3356 869 3454 legitime
906 3357 1299 3431 coniunctos
1332 3355 1709 3441 criminari,
1748 3354 1854 3428 vel
1891 3356 1958 3426 in
1994 3380 2111 3427 eos
2147 3353 2490 3427 testificari
2526 3355 2646 3426 mi·-

424 3470 604 3545 nime
635 3488 883 3572 potest:
925 3473 1243 3572 quoniam
1286 3473 1506 3546 omnis
1548 3472 1787 3545 incesti
1839 3470 2138 3544 criminis
2187 3469 2449 3543 macula
2499 3470 2645 3569 pol-

427 3585 603 3659 lutus
637 3587 908 3660 infamis
930 3604 1065 3674 est,
1098 3603 1164 3660 et
1191 3613 1507 3660 accusare
1535 3585 1956 3685 supradictos
1985 3612 2115 3658 non
2144 3585 2635 3684 permittatur.»

427 3700 551 3774 Hic
585 3700 1194 3802 pseudo-Calixtus‚
1237 3718 1311 3773 ut
1347 3715 1558 3799 patet,
1615 3700 1849 3773 eadem
1901 3700 2156 3773 ratione
2208 3699 2500 3797 loquitur
2557 3700 2644 3774 de

422 3816 841 3890 sacerdotalis
893 3815 1343 3889 benedictionis
1395 3814 1653 3888 defectu
1679 3872 1694 3901 ,
1737 3840 1814 3887 ae
1848 3814 1932 3887 de
1967 3812 2230 3887 defectu
2280 3812 2517 3887 dotalis
2570 3816 2646 3887 ti-

426 3933 599 4017 tul-3
663 3955 860 4005 nemo
915 3948 1134 4004 autem
1184 3930 1427 4003 dixerit
1473 3929 1560 4002 ob
1610 3930 1940 4003 defectum
1993 3931 2177 4003 tituli
2222 3929 2460 4002 dotalis
2510 3956 2643 4003 non

424 4046 661 4121 confici
710 4062 1197 4120 sacramentum
1226 4103 1241 4130 ‚
1299 4045 1677 4144 irritat-ique
1728 4045 2150 4143 coniugium,
2191 4061 2309 4118 aut
2356 4044 2642 4119 dotalem

425 4162 690 4235 titulum
725 4176 1030 4262 spectare
1060 4162 1146 4250 ad
1184 4161 1578 4235 sacramenti
1617 4160 2091 4234 substantiam.
2114 4162 2257 4235 Non
2296 4160 2502 4258 igitur
2533 4161 2645 4234 hic

424 4292 644 4351 textus
693 4291 1109 4378 opportunus
1160 4293 1262 4350 est
1311 4275 1668 4369 dicendus.

568 4392 750 4465 Alter
780 4408 884 4467 est
907 4391 1208 4479 Siricius‚
1235 4391 1351 4491 qui
1389 4392 1456 4463 in
1493 4390 1689 4491 epist.
1714 4388 1799 4464 ad
1828 4391 2198 4464 Himerium
2224 4407 2646 4465 tarraconen·-
