3276 5083
562 521 700 572 mr.
729 523 817 572 lv.
853 522 933 571 nt:
968 522 1202 572 moun.
1238 523 1353 572 ruo
1389 523 1545 571 teos
1581 523 1660 571 nr:
1696 523 1884 573 uun.
1921 522 2045 571 mv.
2081 523 2219 572 Αιιτ.
2256 524 2348 572 ιιι.
2480 501 2604 571 421

394 640 597 713 unius
646 641 739 713 rei
790 666 942 713 cum
978 638 1184 712 altera
1220 640 1523 713 eiusdem
1575 656 1879 713 naturam
1933 640 2212 712 minime
2257 637 2447 712 tollit.
2492 641 2617 712 Es-

397 757 615 829 sentia
658 756 1055 829 sacramenti
1102 755 1389 828 nobilior
1426 755 1704 855 quidem
1757 771 1892 841 est,
1947 770 2056 827 ast
2104 780 2235 827 non
2287 754 2459 827 tollit
2510 783 2610 827 es·

398 872 685 944 sentiam
721 888 1136 959 contractus,
1194 869 1314 944 sed
1362 871 1548 945 illam
1592 888 1850 944 tantum
1903 870 2300 943 nobiliorem
2357 869 2611 955 reddit,

398 987 623 1060 evehit
669 1004 872 1087 atque
919 987 1346 1073 sanctificat;
1404 1003 1510 1061 ast
1559 1004 1938 1060 contractus
1973 1001 2048 1059 ut
2082 983 2237 1059 talis
2276 1001 2622 1084 permanet

398 1102 530 1176 sub
574 1102 755 1177 civili
801 1102 1287 1176 iurisdictione.
1329 1104 1828 1177 Sacramentum
1880 1102 2092 1175 tendit
2129 1100 2214 1176 ad
2253 1102 2622 1198 sanctifica-

403 1217 636 1288 tionem
692 1231 1112 1303 contractuS‚
1171 1217 1476 1317 adeoque
1524 1233 1631 1290 est
1679 1216 2078 1316 separabile.

550 1332 616 1403 3.
662 1331 1213 1431 Inseparabilitas
1250 1358 1383 1405 non
1418 1345 1523 1405 est
1556 1331 1792 1428 doqma
1829 1330 2174 1428 religionis
2219 1330 2613 1403 catholicae.

404 1447 549 1520 Non
608 1446 927 1546 probatur
975 1472 1056 1519 ex
1107 1449 1449 1547 Scriptura
1485 1505 1500 1534 ‚
1560 1472 1779 1546 neque
1828 1472 1910 1517 ex
1973 1446 2381 1531 traditione;
2441 1444 2625 1516 nulla

399 1577 660 1660 prostat
707 1561 976 1635 concilii
1021 1562 1351 1638 definitio.
1386 1563 1454 1633 Si
1492 1578 1675 1636 esset
1707 1561 1976 1659 doqma,
2021 1562 2090 1632 in
2126 1560 2311 1634 nulla
2347 1586 2624 1660 prorsus

407 1677 741 1751 catholica
791 1677 1060 1775 regione
1110 1678 1256 1752 fieri
1311 1692 1589 1778 posset,
1647 1678 1744 1750 uti
1796 1662 1994 1750 facta
2021 1693 2125 1750 est
2174 1660 2264 1749 ac*
2308 1701 2506 1775 porro
2555 1674 2629 1745 fit

402 1792 738 1865 eiusmodi
787 1793 1147 1890 separatio.

556 1907 620 1976 4.
680 1905 810 1977 Sed
864 1933 1083 2004 neque
1117 1922 1221 1979 est
1252 1924 1455 2004 caput
1488 1906 1763 2007 aliquod
1799 1905 2204 2004 disciplinae
2238 1904 2628 1977 fundamen-

393 2019 586 2091 talis.
632 2019 938 2092 Ecclesia
974 2020 1296 2117 permittit
1345 2035 1418 2091 ut
1458 2020 1780 2091 doceatur
1829 2018 2297 2115 separabilitas
2334 2043 2414 2089 ac
2448 2019 2631 2090 inse-

408 2131 839 2234 parabilitas:
890 2133 986 2205 uti
1036 2132 1402 2207 catholicos
1454 2149 1715 2231 spectat
1763 2149 1974 2205 status
2012 2131 2164 2204 illos
2201 2157 2280 2203 ac
2317 2157 2522 2228 regna
2562 2133 2630 2202 in

409 2247 658 2348 quibus
709 2248 984 2321 docetur
1034 2248 1528 2348 separabilitas.
1590 2248 1789 2344 Ergo.

560 2364 764 2437 Porro
814 2364 873 2436 si
928 2363 1308 2462 separabile
1375 2379 1480 2436 est
1542 2378 2030 2436 sacramentum
2084 2389 2124 2433 a
2173 2377 2516 2434 contractu
2569 2377 2633 2433 et

408 2479 713 2553 vicissim
735 2538 750 2567 ,
800 2495 1095 2579 praestat
1130 2497 1204 2553 ut
1237 2493 1656 2579 separentur.
1691 2480 1855 2551 Tum
1893 2476 2218 2552 ecclesiae
2253 2492 2391 2551 tum
2431 2477 2632 2549 statui

413 2594 610 2669 valde
660 2595 936 2694 prodest
985 2612 1217 2669 mutua
1269 2594 1790 2694 independentia
1841 2593 1968 2668 hoc
2019 2619 2223 2666 sensu
2261 2590 2629 2677 intellecta,

412 2711 595 2808 quod
641 2727 927 2809 utraque
967 2726 1263 2810 potestas
1317 2709 1493 2782 intra
1536 2709 1706 2781 fines
1761 2735 1922 2782 suos
1974 2709 2430 2791 contineatur;
2477 2723 2634 2778 tunc

409 2827 704 2900 vitantur
752 2827 942 2912 lites,
1003 2825 1257 2922 iurgia,
1318 2825 1567 2911 dubia,
1610 2825 2063 2923 quaestiones.

560 2938 833 3012 Falsum
884 2956 987 3013 est
1043 2940 1547 3012 matrimonium
1608 2939 1806 3013 civile
1855 2964 2008 3011 esse
2057 2937 2574 3011 concubinatum
2614 2995 2628 3020 ‚

418 3054 537 3126 sed
585 3068 689 3127 est
738 3055 1240 3128 matrimonium
1289 3081 1521 3128 verum
1575 3081 1654 3128 ac
1704 3054 2113 3151 legitimum,
2155 3054 2467 3151 quamvis
2503 3078 2634 3125 non

418 3183 657 3240 ratum.
718 3167 1120 3243 Canonistae
1162 3193 1395 3244 omnes
1447 3169 1876 3267 distinguunt
1917 3168 2415 3241 matrimonium
2468 3166 2638 3263 legi-

423 3285 658 3357 timum
694 3342 709 3370 ‚
766 3301 833 3359 et
883 3300 1123 3358 ratum.

565 3398 869 3472 Ecclesia
912 3401 1064 3500 ipsa
1097 3414 1279 3472 tenet
1313 3417 1653 3500 tamquam
1680 3399 1977 3472 validum
2013 3399 2506 3472 matrimonium
2544 3396 2638 3468 le-

420 3515 767 3610 gitimum,
823 3516 948 3590 etsi
1000 3531 1221 3588 ratum
1268 3541 1401 3590 non
1454 3517 1565 3589 sit.

570 3630 645 3701 ln
690 3628 818 3703 hac
870 3630 1219 3704 academia
1271 3630 1743 3726 (taurinensi)
1800 3657 2064 3729 semper
2115 3629 2432 3703 traditum
2482 3646 2630 3708 est.

424 3743 919 3816 matrimonium
969 3748 1158 3817 iuxta
1206 3744 1389 3842 leges
1449 3746 1758 3844 proprias
1818 3745 2112 3842 regionis
2176 3742 2580 3817 celebratum
2618 3801 2632 3828 ‚

422 3859 735 3956 quamvis
777 3857 1191 3934 disiunctum
1218 3887 1260 3934 a
1293 3861 1679 3935 charactere
1714 3861 2157 3948 sacramenti,
2207 3886 2441 3933 verum
2488 3884 2640 3932 esse

421 3974 942 4048 matrimonium.
1001 3976 1427 4049 Manifestum
1467 3977 1538 4048 id
1581 3992 1686 4050 est
1725 3991 1875 4049 ante
1926 3975 2285 4050 concilium
2337 3973 2643 4048 tridenti-

420 4117 605 4164 num.
640 4090 900 4165 Deinde
947 4092 1309 4166 concilium
1360 4093 1711 4166 constituit
1756 4093 2377 4176 utmatrimonium
2419 4117 2642 4166 coram

423 4205 721 4304 parocho
771 4204 1260 4293 celebraretur;
1318 4206 1434 4279 ubi
1486 4207 1844 4280 concilium
1897 4224 2235 4306 receptum
2290 4213 2446 4293 est,'
2502 4232 2645 4278 ma-

424 4322 808 4396 trimonium
864 4321 1011 4395 sine
1054 4321 1352 4421 parocho
1386 4323 1642 4396 nullum
1678 4337 1806 4397 est.
1851 4324 2087 4396 Verum
2126 4322 2185 4394 si
2223 4321 2423 4395 alicui
2458 4323 2646 4422 prin-

428 4437 561 4537 cipi
613 4438 978 4528 catholico,
1032 4456 1231 4539 prout
1278 4440 1348 4513 in
1402 4438 1632 4513 Galliis
1682 4455 1751 4513 et
1802 4439 1869 4511 in
1921 4439 2150 4536 Belgio
2199 4439 2445 4513 factum
2499 4454 2638 4523 est,
