3276 5083
722 380 860 455 402
1105 403 1229 457 ma.
1273 404 1320 456 1.
1364 404 1539 457 sscr.
1573 405 1837 458 inrum.
1879 406 1959 456 ns
2009 405 2276 458 nrm.
2318 403 2535 456 mvm.

717 524 895 612 Quid
947 540 1173 623 ageret
1204 524 1333 598 hoc
1366 523 1435 596 in
1470 550 1637 598 casu
1677 525 2111 622 magistratus
2150 522 2417 597 civilis?
2449 522 2552 595 Ad
2591 547 2956 598 summurn

717 641 811 714 ita
844 640 1171 714 nubentes
1206 639 1521 714 civilibus
1553 639 1817 713 iuribus
1842 640 2259 726 destitueret,
2290 637 2414 712 sed
2437 637 2960 713 matrimonium

716 755 1156 855 permanebit.

861 871 1083 958 Quum
1131 896 1290 944 vero
1338 866 1635 944 essentia
1685 868 1976 967 coniugii
2031 868 2380 942 christiani
2408 926 2424 953 ‚
2472 884 2538 942 et
2577 883 2953 969 propterea

717 985 1119 1060 sacramenti
1162 1010 1204 1059 a
1244 985 1387 1060 solo
1428 984 1966 1059 contrahentium
2001 1010 2338 1059 consensu
2381 984 2676 1084 pendeat
2695 1043 2711 1071 ,
2752 984 2954 1057 clara

716 1102 888 1175 ratio
928 1116 1033 1174 est
1056 1159 1072 1188 ‚
1113 1126 1326 1201 quare
1358 1100 1442 1174 ad
1480 1101 1979 1174 matrimonium
2031 1100 2330 1175 sufficiat
2370 1099 2517 1174 sola
2549 1100 2954 1173 assistentia

716 1242 840 1290 seu
891 1217 1274 1316 praesentia
1323 1216 1689 1290 materialis
1742 1216 2062 1317 parochi,
2122 1217 2277 1290 licet
2309 1218 2372 1291 is
2407 1217 2499 1290 sit
2536 1216 2788 1289 invitus
2818 1273 2838 1303 ‚
2882 1232 2958 1289 et

714 1331 1107 1405 interdictus
1164 1336 1291 1427 (ut
1334 1330 1478 1405 vult
1520 1331 1949 1405 adversarius
1973 1336 2029 1427 );
2076 1331 2474 1429 intelligitur
2513 1357 2726 1429 quare
2773 1356 2952 1404 con-

715 1446 944 1521 oilium
1009 1446 1447 1519 tridentinum
1501 1447 1909 1546 peculiarem
1962 1445 2219 1519 nullum
2275 1447 2476 1519 ritum
2527 1445 2956 1519 benedictio-

714 1587 872 1635 num
937 1561 1453 1661 praescripserit
1482 1618 1498 1648 ,
1576 1586 1701 1634 nec
1763 1560 2042 1634 verbum
2109 1560 2357 1634 habeat
2404 1560 2491 1633 de
2542 1559 2952 1633 necessitate

715 1677 1242 1752 consecrationis
1292 1677 1650 1774 religiosae
1700 1701 1780 1749 ac
1828 1677 2028 1750 unice
2076 1702 2155 1750 eo
2207 1676 2512 1776 spectare
2559 1674 2945 1771 significet,

711 1812 789 1868 ut
822 1809 1117 1868 cessaret
1165 1794 1495 1868 dubitatio
1545 1795 1724 1867 circa
1771 1794 2198 1867 matrimonia
2258 1794 2424 1865 inita
2477 1791 2623 1867 sola
2671 1808 2950 1866 contra-

714 1910 1018 1982 hentium
1049 1910 1415 1983 voluntate.
1440 1910 1623 1983 Haec
1656 1910 1833 1983 enim
1862 1910 2090 1984 omnia
2113 1909 2366 2007 optime
2387 1908 2751 1983 cohaerent
2783 1932 2947 1980 cum

714 2026 1019 2100 doctrina
1069 2041 1299 2101 nostra
1322 2085 1337 2112 ,
1397 2027 1600 2100 immo
1648 2052 1807 2099 vero
1856 2051 2011 2099 cum
2059 2025 2367 2098 doctrina
2417 2050 2619 2125 quam
2670 2048 2951 2122 semper

714 2141 1016 2242 professa
1067 2157 1172 2214 est
1219 2140 1505 2214 ecclesia
1553 2139 1909 2214 catholica.
2301 2164 2302 2167 ¹

853 2256 962 2327 Vl.
1021 2257 1217 2329 Sexta
1267 2255 1551 2329 assertio
1575 2312 1590 2341 ,
1633 2281 1757 2329 seu
1806 2256 2029 2355 potius
2079 2253 2424 2328 conclusio
2473 2279 2553 2327 ac
2603 2254 2949 2352 peroratio

713 2370 922 2467 digna
969 2385 1074 2443 est
1121 2369 1539 2468 praemissis.
1610 2368 1904 2441 Primum
1965 2368 2240 2467 quidem
2292 2368 2801 2440 commiseratur
2859 2393 2950 2441 ac

711 2484 895 2558 dolet
950 2471 1074 2558 eos*
1136 2471 1253 2583 qui
1305 2482 1658 2582 negligunt
1714 2482 2058 2581 religionis
2119 2482 2534 2555 adiumenta.
2596 2483 2778 2555 Haec
2833 2497 2949 2557 est

710 2599 1135 2700 hypocrisis;
1177 2598 1355 2672 dolet
1388 2600 1567 2672 enim
1602 2625 1683 2672 ac
1716 2601 2076 2676 miseratur
2114 2597 2391 2675 illorum
2442 2595 2934 2685 infelicitatem,

712 2713 830 2811 qui
882 2712 1229 2810 negligunt
1287 2713 1630 2810 religionis
1683 2714 2021 2813 praesidia
2071 2715 2143 2785 in
2193 2739 2272 2786 eo
2325 2713 2474 2812 ipso
2534 2728 2690 2785 actu
2721 2771 2737 2801 ,
2800 2738 2943 2812 quo

709 2843 902 2923 urget
935 2827 1350 2900 sanctionem
1385 2828 1571 2901 illius
1606 2827 1777 2925 legis
1804 2886 1819 2915 ‚
1863 2854 2000 2928 qua
2032 2828 2345 2902 catholici
2383 2827 2733 2902 solvuntur
2764 2828 2942 2902 oblia-

710 2942 981 3041 gatione
1018 2941 1444 3034 adsciscendi
1492 2943 1621 3015 sihi
1658 2943 1827 3017 haec
1861 2943 2098 3017 eadem
2149 2945 2535 3017 adiumenta
2586 2944 2932 3042 religiosa,

716 3074 785 3131 et
835 3084 915 3132 eo
976 3057 1234 3145 tendit,
1288 3074 1365 3131 ut
1411 3057 1732 3133 oblivioni
1784 3084 1865 3133 ac
1914 3061 2343 3134 desuetudini
2408 3060 2707 3133 tradatur
2760 3062 2941 3134 actio

710 3172 1074 3271 religiosa!
1139 3174 1397 3248 Deinde
1445 3201 1603 3248 vero
1656 3176 1900 3248 asserit
1950 3176 2216 3275 probari
2263 3201 2399 3249 non
2449 3199 2654 3276 posse
2677 3234 2693 3262 ,
2749 3176 2937 3274 quod

705 3290 1083 3364 auctoritati
1134 3289 1587 3363 conscientiae
1637 3292 1996 3364 auctoritas
2033 3292 2335 3364 coactiva
2386 3290 2804 3388 subrogetur.
2846 3291 2937 3365 At

703 3428 863 3477 vero
912 3392 1069 3502 quis
1120 3430 1441 3504 umquam
1493 3405 1740 3477 effutiit
1798 3404 2226 3501 subroganda
2273 3403 2427 3477 esse
2470 3406 2659 3478 iussa
2709 3405 2932 3478 civilis

706 3518 1153 3617 legislationis
1205 3520 1581 3594 auctoritati
1632 3519 2140 3594 conscientiae?
2191 3520 2397 3593 Nemo
2448 3547 2766 3619 umquam
2815 3546 2932 3593 ca-

700 3737 807 3789 cap.
831 3726 964 3776 XVI.
987 3739 1096 3789 pag.
1126 3733 1230 3776 199.
1254 3726 1350 3776 «Αἰ
1366 3726 1549 3777 fautori
1568 3726 1650 3777 del
1672 3730 1837 3790 potere
1855 3727 2096 3777 esclusivo
2117 3726 2249 3777 dello
2269 3728 2424 3788 stato,
2447 3726 2643 3789 scribit,
2669 3726 2743 3776 sui
2769 3725 2933 3775 matri-

700 3804 865 3855 monio
891 3805 1064 3867 civile,
1099 3805 1147 3855 la
1175 3805 1364 3867 chiesa,
1390 3819 1442 3855 se
1465 3806 1685 3868 volasse,
1708 3806 1942 3870 potrebbe
1969 3805 2193 3869 giuocare
2221 3821 2288 3856 un
2315 3805 2584 3855 bellissimo
2615 3806 2817 3867 giuoco,
2845 3818 2932 3868 per

694 3886 934 3935 mostrare
949 3922 964 3946 ‚
1001 3886 1127 3935 com'
1138 3886 1231 3935 essi
1267 3899 1390 3949 poco
1407 3900 1439 3935 o
1460 3886 1598 3936 nulla
1618 3886 1907 3949 potrebbero
1929 3900 2072 3937 senza
2091 3886 2142 3936 di
2165 3886 2227 3936 lei
2242 3923 2257 3949 ,
2283 3886 2345 3936 ne
2365 3885 2749 3949 giungerebbero
2765 3885 2828 3936 ad
2848 3897 2922 3935 ar·

694 3963 955 4015 chitettare
971 3977 1000 4015 e
1013 3966 1105 4016 dar
1120 3965 1419 4016 consistenza
1441 3965 1537 4015 alle
1556 3965 1663 4018 loro
1683 3965 1950 4016 istituzioni
1969 3964 2021 4015 di
2038 3965 2354 4015 matrimonio
2374 3965 2575 4028 politico
2592 4002 2609 4028 ‚
2631 3977 2685 4015 se
2704 3976 2811 4015 essa
2832 3976 2934 4014 nou

699 4056 868 4094 avesse
890 4044 1046 4107 prima
1068 4049 1232 4095 creato
1254 4045 1289 4095 il
1320 4045 1630 4096 matrimonio
1662 4046 2015 4108 ecclesiastico,
2050 4045 2384 4109 aggiuugendo
2405 4046 2486 4096 riti
2504 4060 2533 4096 e
2557 4043 2797 4096 solennita
2826 4044 2929 4094 alla

699 4122 970 4186 semplicita
1001 4123 1079 4174 del
1121 4125 1432 4175 matrimonio
1464 4126 1688 4176 naturale
1717 4123 2489 4177 sacramentale....0ral'effetto
2518 4125 2570 4175 di
2603 4124 2702 4175 tale
2735 4124 2932 4187 largum

695 4214 926 4253 concessa
945 4202 1079 4254 dalla
1097 4204 1285 4266 chiesa,
1309 4205 1511 4256 sarebbe
1534 4206 1568 4256 il
1590 4208 1724 4256 torre
1743 4205 1788 4256 al
1811 4207 1977 4269 potere
2008 4205 2156 4256 civile
2177 4206 2213 4255 ii
2234 4205 2429 4269 miglior
2469 4218 2632 4257 mezzo
2667 4204 2720 4255 di
2759 4216 2923 4256 esecu-

700 4282 838 4331 zione
877 4281 1006 4333 delle
1041 4284 1287 4335 tormenta
1317 4285 1450 4335 civili
1479 4286 1734 4348 prescritte
1752 4287 1828 4336 sul
1850 4286 1926 4335 sar
1955 4286 2033 4336 del
2066 4285 2236 4335 codice
2268 4286 2484 4335 francese
2519 4284 2746 4335 tendente
2777 4297 2809 4333 a
2837 4282 2932 4334 dar

695 4360 1020 4415 use-istem
1040 4364 1238 4429 propria
1258 4365 1305 4415 al
1324 4365 1637 4417 matrimonio
1660 4367 1788 4428 ateo,
1812 4380 1841 4416 e
1858 4379 1890 4416 a
1908 4366 2184 4418 conti-adire
2207 4366 2254 4416 al
2277 4365 2414 4428 giure
2435 4364 2715 4416 tattonem-
