3276 5083
788 444 926 493 CAP.
958 445 1054 494 111.
1093 445 1171 493 DE
1196 443 1458 494 unam.
1495 444 1722 496 curius
1754 445 1940 494 LEGE.
1977 446 2116 496 Am.
2154 447 2249 496 111·
2499 425 2634 494 309

409 563 609 637 civile
661 561 881 635 solum
925 562 1313 659 coniugium
1354 562 1686 649 facerent,
1730 588 1809 635 ac
1844 588 2053 662 saepe
2079 565 2279 636 etiam
2308 563 2642 637 reluctan-

410 695 542 751 tem
580 677 861 774 cogendi
898 675 985 749 ad
1023 676 1587 774 perseverandum
1627 677 1695 747 in
1734 692 1912 751 statu
1948 676 2315 750 habitualis
2351 679 2633 775 peccati,

410 794 509 866 uti
564 793 814 891 pariter
844 792 1167 864 vidimus.
1213 790 1403 876 Quae
1436 792 1711 890 quidem
1760 795 1987 866 omnia
2035 807 2195 866 sunt
2243 808 2475 865 contra
2521 819 2642 893 po-

416 907 672 980 liticum
696 906 982 992 bonum,
1023 922 1255 979 contra
1291 906 1714 981 honestatem
1740 923 1804 981 et
1829 933 2064 981 sanam
2091 907 2355 980 ethicen
2379 966 2395 996 ,
2435 908 2642 982 immo

411 1039 478 1095 et
527 1039 759 1096 contra
811 1021 1160 1094 iustitiam.

557 1136 725 1210 Cum
770 1138 997 1237 itaque
1048 1136 1154 1210 lex
1204 1138 1447 1211 debeat
1492 1138 1623 1211 sibi
1678 1165 2050 1238 proponere
2100 1137 2350 1212 bonum
2403 1154 2468 1212 et
2517 1139 2640 1213 ho-

413 1267 715 1337 nestum,
760 1267 957 1350 prout
991 1251 1140 1325 eius
1176 1267 1415 1327 natura
1459 1253 1762 1352 exposcit
1797 1269 1864 1326 et
1897 1253 2133 1351 exigit,
2178 1278 2468 1353 cumque
2502 1278 2637 1326 non

412 1366 622 1440 alium
675 1366 879 1440 finem
915 1368 1045 1440 sibi
1082 1366 1372 1441 obiicere
1406 1369 1625 1469 possit
1659 1367 2037 1465 legislator,
2095 1395 2300 1468 quam
2351 1369 2637 1443 societa-

408 1483 498 1556 tis
551 1482 968 1569 felicitatem,
1009 1483 1277 1583 utrique
1323 1501 1547 1557 autem
1600 1498 1980 1583 opponatur
2012 1483 2118 1557 lex
2151 1483 2238 1557 de
2275 1482 2633 1557 connubiis

404 1597 763 1686 civilibus,
817 1624 1241 1699 consequens
1277 1615 1420 1685 est,
1463 1625 1610 1673 eam
1638 1656 1655 1685 ,
1712 1615 1942 1698 uptote
1992 1615 2223 1673 contra
2270 1599 2636 1697 legislatio-

404 1713 511 1786 nis
562 1729 867 1787 naturam
917 1739 999 1788 ac
1047 1713 1452 1811 legislatoris
1504 1713 1745 1802 finem,
1801 1713 2158 1787 dicendam
2193 1739 2347 1788 esse
2381 1740 2463 1788 ex
2502 1714 2632 1789 boc

406 1830 627 1926 primo
676 1830 896 1930 capite
944 1829 1218 1903 omnino
1271 1828 1780 1929 antipoliticam.
2171 1850 2174 1853 ’

551 1944 883 2017 Secundo.
940 1944 1069 2016 Sed
1112 1960 1217 2017 est
1253 1958 1598 2042 praeterea
1646 1943 1814 2017 baec
1865 1943 2016 2044 ipsa
2063 1943 2170 2016 lex
2220 1944 2635 2043 antipolitica

407 2085 489 2130 ex
537 2058 749 2133 altero
799 2061 1018 2158 capite
1040 2116 1057 2147 ,
1118 2060 1301 2159 quod
1371 2076 1693 2160 perpetuo
1752 2076 2007 2159 pugnet
2071 2085 2222 2134 cum
2285 2060 2629 2158 religione,

412 2199 589 2273 quae
646 2175 713 2245 in
777 2173 1124 2273 republica
1172 2176 1278 2249 vel
1332 2202 1537 2273 regno
1596 2175 2001 2251 dominatur.
2071 2175 2416 2275 Quidquid
2479 2202 2633 2250 sen-

412 2288 584 2362 tiant
617 2314 698 2362 ac
730 2288 1037 2362 effutiant
1071 2288 1306 2363 furiosi
1353 2285 1903 2389 pseudo-politici
1945 2305 2012 2363 et
2043 2288 2372 2362 increduli
2416 2289 2635 2363 bomi-

403 2429 564 2489 nes,
621 2403 727 2477 vel
777 2405 931 2502 ipse
981 2404 1357 2478 communis
1418 2430 1661 2478 sensus
1716 2404 1954 2479 suadet
2002 2430 2082 2478 ac
2130 2404 2326 2478 docet
2366 2461 2382 2491 ,
2438 2429 2635 2476 num-

400 2546 609 2620 quam
663 2545 873 2620 posse
922 2519 1297 2594 conducere
1336 2519 1423 2593 ad
1460 2519 1711 2595 bonum
1763 2520 2104 2595 societatis
2154 2519 2398 2619 legem,
2456 2546 2635 2620 quae

401 2654 636 2736 aperta
696 2635 905 2709 veluti
968 2637 1185 2710 fronte
1236 2661 1389 2709 cum
1468 2635 1792 2733 religione
1850 2635 2211 2711 cohaerere
2280 2662 2414 2710 non
2475 2660 2634 2735 pos-

393 2752 523 2838 sit,
564 2778 770 2852 quam
806 2779 1085 2850 regnum
1122 2752 1230 2827 vel
1268 2751 1655 2851 respublica
1692 2752 2045 2851 profitetur
2077 2755 2264 2848 (11).
2296 2753 2463 2826 Nam
2498 2751 2628 2826 etsi

395 2867 742 2967 quaelibet
806 2870 1094 2943 societas
1147 2868 1285 2941 alat
1332 2869 1577 2967 iugiter
1624 2868 1695 2940 in
1748 2869 1906 2942 sinu
1954 2868 2264 2942 homines
2315 2868 2620 2966 exleges,

396 2982 748 3055 libertinos
785 3000 987 3080 atque
1023 3010 1377 3081 perversos
1400 3043 1415 3070 ,
1458 3010 1633 3084 quos
1668 3010 1825 3057 vere
1868 3010 2173 3058 evomere
2223 2985 2475 3057 dixeris
2524 2984 2630 3056 in-

400 3095 661 3167 fernum
684 3093 776 3165 'ad
803 3096 1145 3167 societatis
1174 3098 1392 3194 ipsius
1419 3098 1711 3184 ruinam,
1755 3097 1841 3169 ad
1876 3097 2205 3172 malorum
2239 3098 2514 3170 exitium
2563 3114 2632 3171 et

404 3208 807 3283 scandalum
832 3265 859 3310 ,Ιχ
891 3208 1356 3308 bonorumque
1397 3212 1936 3284 exercitationem
1962 3270 1978 3299 ,
2027 3228 2482 3286 verumtamen
2518 3238 2632 3310 po-

411 3322 614 3422 pulus
667 3321 782 3394 ubi
837 3323 906 3395 in
959 3322 1347 3395 universum
1402 3340 1765 3422 spectetur,
1823 3350 2188 3424 numquam
2225 3351 2306 3398 ex
2342 3324 2625 3424 perditis

538 3537 644 3598 (ιι)
676 3540 802 3587 Sane
822 3539 863 3588 si
890 3551 1051 3589 sermo
1072 3538 1137 3588 sit
1157 3536 1220 3587 de
1242 3539 1373 3589 statu
1405 3538 1706 3602 subalpino,
1745 3538 1795 3587 in
1831 3540 2045 3589 statuto
2081 3539 2468 3590 costituttonalt
2500 3539 2633 3590 illius

404 3616 538 3677 regni
574 3617 760 3679 primus
777 3617 859 3667 hic
883 3618 1120 3667 articulus
1139 3617 1346 3680 iegitur:
1374 3620 1550 3668 «1.1.a
1567 3617 1819 3681 Religione
1836 3618 2092 3680 cattolica,
2115 3618 2404 3682 apostolica,
2429 3630 2633 3669 romana

394 3695 427 3743 e
451 3695 509 3745 la
528 3694 645 3745 sola
666 3694 917 3758 reliyione
936 3696 1079 3746 dello
1100 3699 1292 3746 stato.-

541 3784 590 3826 2.
624 3776 665 3826 11
692 3779 761 3827 Re
795 3776 837 3826 si
871 3777 1026 3839 gloria
1056 3776 1107 3827 di
1148 3791 1308 3828 essere
1344 3779 1610 3841 protettore
1646 3777 1778 3829 della
1813 3779 1993 3830 chiesa.
2035 3780 2100 3829 Di
2130 3790 2481 3843 promuovere
2509 3777 2629 3829 l'os·

395 3868 659 3905 servanza
675 3855 813 3905 delle
834 3855 965 3920 ἱεραί
988 3856 1039 3906 di
1061 3870 1169 3907 essa
1187 3857 1312 3908 nelle
1333 3858 1556 3921 materie,
1580 3860 1671 3908 che
1688 3859 1785 3908 alla
1805 3859 1995 3923 potesta
2012 3858 2142 3910 della
2160 3859 2428 3922 medesima
2458 3872 2629 3924 appar·

401 3940 631 3998 tongeno.

549 4020 567 4066 Ι
597 4016 866 4078 magistrati
889 4017 1103 4078 supremi
1125 4019 1437 4080 veglicranno
1457 4033 1485 4070 a
1504 4021 1595 4070 che
1614 4021 1656 4069 si
1678 4022 1936 4084 mantenga
1955 4021 1988 4070 il
2013 4020 2234 4083 migiiore
2256 4019 2464 4070 accordo
2486 4022 2559 4071 tra
2579 4022 2627 4071 la

401 4095 567 4144 chiesa
587 4109 615 4142 e
646 4095 694 4144 lo
716 4097 871 4156 stato,
892 4095 952 4143 ed
972 4110 999 4143 a
1022 4096 1089 4144 tal
1114 4097 1207 4144 fine
1227 4099 1611 4148 continueranno
1648 4099 1709 4147 ad
1748 4101 2005 4150 esercitare
2035 4099 2084 4148 la
2113 4099 2218 4148 loro
2249 4100 2460 4150 autor-ita
2479 4113 2507 4149 e
2523 4100 2627 4162 giu·

394 4173 655 4224 risdizione
679 4174 729 4223 in
749 4174 828 4224 cio
847 4174 936 4224 che
958 4188 1195 4226 cont-,erne
1215 4177 1280 4239 gli
1302 4178 1443 4228 assari
1468 4179 1783 4230 ecclesiastici
1805 4178 2017 4230 secondo
2039 4179 2132 4229 che
2158 4179 2188 4229 1·
2207 4193 2296 4229 uso
2318 4193 2345 4231 e
2366 4179 2413 4229 la
2434 4180 2632 4243 ragione

401 4252 736 4304 rieniedono.·
774 4257 775 4260 ’

542 4334 664 4390 Quis
694 4336 805 4397 post
838 4333 955 4384 haec
989 4336 1267 4398 suspicatus
1286 4337 1440 4399 esset,
1464 4337 1536 4387 tot
1562 4338 1780 4400 potuisse
1799 4352 1829 4387 a
1847 4338 2061 4388 comitiis
2079 4338 2350 4401 subalpinis
2364 4338 2495 4400 leges
2517 4350 2624 4400 pro·

396 4412 513 4472 poni
539 4425 597 4462 ac
631 4414 839 4478 sanciri,
864 4428 990 4478 quae
1008 4419 1235 4466 evertunt
1255 4417 1398 4480 plane
1416 4418 1658 4482 nosipsos
1678 4417 2069 4471 fundamentales
2087 4419 2269 4471 statuti
2290 4418 2553 4469 articulos?
