3276 5083
624 435 762 486 cn.
788 433 876 483 1v.
902 392 984 482 nr.
1007 429 1245 481 Ancon.
1276 428 1393 480 rao
1431 428 1592 480 arcs
1628 428 1710 478 ns
1745 428 1937 479 nra.
1964 427 2091 492 civ,
2125 428 2266 479 aar.
2294 428 2339 478 1.
2483 406 2620 478 353

398 572 473 628 ut
504 579 581 628 se
613 551 910 651 legitime
944 576 1097 625 cum
1134 548 1288 623 aliis
1324 548 1830 644 coniungerent.
1865 546 1949 619 Et
1984 545 2043 620 si
2080 561 2386 643 ageretur
2434 572 2629 647 prae-

401 688 584 742 terea
624 668 711 741 de
760 665 1112 741 collisione
1164 662 1798 763 impedimentorum
1848 660 2147 735 civilium
2198 675 2265 734 et
2311 659 2629 735 ecclesia-

399 783 760 869 sticorum,
819 805 994 882 quae
1055 778 1124 850 in
1183 776 1503 851 alterutro
1556 775 1699 849 foro
1750 774 2139 849 dirimerent
2185 776 2571 874 coniugium
2605 834 2622 863 ,

401 922 614 972 novae
679 897 1010 970 orirentur
1057 893 1443 992 angustiae,
1514 890 1767 991 quibus
1819 890 2003 964 cives
2054 890 2140 964 ab
2190 890 2628 992 obsequendo

400 1012 713 1112 propriae
760 1009 1214 1086 conscientiae
1268 1005 1779 1105 impedirentur.

543 1128 721 1225 Ergo
773 1140 1027 1200 tantum
1087 1122 1316 1209 abest,
1372 1138 1447 1196 ut
1496 1121 1901 1221 principium
1963 1119 2042 1194 de
2107 1118 2401 1195 libertate
2474 1148 2628 1194 con-

395 1245 703 1317 scientiae
754 1242 971 1343 possit
1031 1264 1417 1341 permovere
1481 1237 1776 1311 fautores
1839 1236 2007 1366 legis
2060 1235 2147 1310 de
2197 1237 2626 1312 matrimonio

396 1358 578 1432 civili
628 1356 715 1430 ad
766 1382 916 1430 eam
969 1354 1404 1430 sanciendam
1440 1410 1455 1439 ,
1511 1367 1586 1424 ut
1627 1376 1745 1425 eos
1798 1350 2022 1452 potius
2057 1351 2144 1425 ab
2179 1378 2259 1426 ea
2291 1352 2626 1427 deterrere

399 1474 772 1549 debuisset.
804 1472 927 1546 Ast
948 1497 1101 1546 cum
1145 1469 1393 1570 supina
1430 1483 1814 1541 tenerentur
1848 1466 2231 1564 ignorantia
2266 1493 2387 1542 seu
2414 1468 2624 1542 insci-

397 1588 493 1665 tia
521 1614 722 1663 verae
744 1588 1037 1662 notionis
1064 1585 1396 1659 libertatis
1425 1582 1881 1657 conscientiae
1903 1641 1919 1670 ,
1952 1610 2033 1656 ex
2059 1584 2393 1659 eiusmodi
2432 1585 2625 1682 igno-

398 1703 619 1777 rantia
657 1703 902 1776 sactum
940 1716 1045 1775 est
1078 1715 1153 1774 ut
1186 1724 1337 1772 eam
1390 1698 1668 1772 assidue
1718 1699 2108 1773 invocarent
2135 1757 2151 1787 ,
2201 1725 2349 1773 eam
2402 1700 2624 1801 plenis

395 1818 627 1893 buccis
670 1832 1057 1917 creparent,
1115 1814 1353 1914 sicque
1401 1811 1763 1887 illuderent
1802 1813 1935 1886 sibi
1995 1830 2061 1888 et
2112 1814 2384 1902 turbae,
2443 1841 2622 1916 quae

396 1934 497 2007 eis
561 1932 928 2034 plaudebat
984 1930 1222 2005 eadem
1273 1954 1409 2029 qua
1468 1928 1565 1999 illi
1616 1929 1772 2002 novi
1836 1930 2176 2029 sapientes
2242 1930 2623 2029 ignorantia

399 2046 733 2121 laborant.

547 2162 812 2237 Caussa
847 2162 1094 2236 erroris
1139 2161 1493 2259 turpisque
1532 2156 2080 2234 hallucinationis
2118 2160 2189 2232 in
2223 2160 2325 2236 eis
2359 2162 2611 2249 extitit,

401 2277 585 2377 quod
620 2276 756 2377 ipsi
792 2277 1304 2377 permiscuerint
1345 2275 1720 2348 libertatem
1761 2273 2215 2350 conscientiae
2248 2302 2401 2349 cum
2435 2303 2624 2349 aver-

399 2394 576 2465 sione
622 2392 970 2491 reliqiosa,
1012 2417 1136 2466 seu
1170 2389 1633 2465 incredulitate
1669 2415 1749 2464 ac
1781 2389 2075 2464 licentia.
2117 2390 2203 2464 At
2239 2388 2415 2466 duae
2448 2391 2619 2465 istae

401 2507 706 2583 notiones
783 2506 1077 2582 immane
1135 2506 1312 2579 inter
1368 2531 1445 2579 se
1501 2504 1779 2580 distant.
1838 2503 2004 2579 Nam
2067 2504 2250 2606 prior
2298 2507 2625 2608 supponit

399 2622 792 2721 religionem
829 2639 899 2697 et
936 2621 1413 2721 obligationes,
1458 2647 1633 2722 quae
1669 2647 1750 2695 ex
1783 2646 1864 2694 ea
1897 2638 2264 2696 nascuntur
2295 2648 2433 2697 una
2466 2649 2618 2698 cum

401 2737 713 2813 facultate
768 2736 983 2811 libere
1041 2735 1179 2810 illis
1239 2734 1704 2810 satisfaciendi
1747 2765 1762 2823 ;
1838 2736 2167 2836 posterior
2230 2763 2387 2812 vero
2453 2764 2618 2839 sup-

400 2853 588 2954 ponit
638 2852 1087 2950 irreligionem
1123 2879 1202 2927 ac
1238 2853 1652 2952 impietatem
1703 2851 1854 2926 sine
1902 2849 2042 2925 ulla
2090 2851 2500 2950 obligatione
2533 2881 2618 2928 ex

402 2983 591 3064 parte
638 2968 1085 3043 conscientiae
1129 2968 1479 3069 quidpiam
1530 2967 1906 3042 executioni
1959 2965 2368 3055 mandandi;
2410 2969 2618 3045 altera

405 3080 690 3178 proinde
740 3082 826 3153 ad
876 3081 1153 3155 alteram
1203 3108 1277 3155 se
1325 3081 1528 3173 habet
1574 3097 1653 3155 ut
1700 3082 1814 3154 lux
1864 3078 1950 3156 ad
2002 3081 2337 3156 tenebras.

546 3195 678 3270 Sed
729 3221 948 3296 neque
990 3195 1256 3270 misceri
1298 3212 1516 3296 potest
1559 3196 1827 3270 libertas
1875 3199 2298 3271 conscientiae
2331 3223 2484 3271 cum
2523 3217 2617 3273 to-

404 3312 686 3385 lerantia
717 3311 863 3385 sive
907 3309 1255 3407 religiosa,
1297 3311 1443 3384 sive
1474 3311 1679 3385 civili.
1714 3311 1881 3386 Nam
1918 3311 2267 3387 tolerantia
2299 3312 2616 3412 religiosa

400 3428 473 3499 in
499 3452 627 3501 suo
651 3442 977 3527 conceptu
1008 3424 1266 3501 indicat
1304 3426 1814 3527 permissionem
1852 3427 2293 3525 professionis
2325 3428 2613 3504 alicuius

400 3542 619 3616 cultus
670 3543 920 3618 diversi
965 3544 1052 3618 ab
1086 3569 1189 3630 e0,
1230 3568 1430 3643 quem
1476 3543 1860 3642 provinciae
1911 3542 2306 3642 profitentur
2353 3570 2458 3617 ex.
2503 3571 2603 3643 gr.

402 3658 718 3731 iudaismi
770 3660 839 3732 in
887 3658 1275 3757 regionibus
1325 3658 1750 3745 christianis),
1811 3674 1926 3731 aut
1970 3659 2494 3757 protestantismi
2539 3661 2609 3734 in

400 3772 785 3871 regionibus
827 3772 1215 3861 catholicis,
1283 3773 1451 3847 adeo
1511 3787 1585 3845 ut
1642 3772 1754 3845 isti
1799 3772 1941 3846 sive
1992 3773 2214 3846 iudaei
2265 3773 2410 3847 sive
2457 3800 2612 3874 pro-

399 3905 718 3963 testantes
783 3888 1036 3962 nullam
1094 3888 1381 3963 debeant
1429 3888 1764 3962 sustinere
1821 3886 2195 3962 molestiam
2263 3887 2349 3962 ob
2417 3915 2610 3964 suam

398 4004 908 4105 professionem.
959 4005 1333 4077 Tolerantia
1372 4030 1529 4078 vero
1573 4003 1794 4078 civilis
1843 4002 2180 4100 significat
2229 4005 2612 4102 permissio-

397 4147 592 4206 nem,
651 4138 723 4194 ut
771 4120 861 4194 ita
914 4120 1169 4208 dicam,
1226 4117 1643 4219 negativam,
1702 4121 1766 4192 vi
1818 4119 2011 4194 cuius
2059 4119 2254 4194 civile
2313 4121 2608 4234 regimen

332 4335 343 4342 ⁹
401 4260 532 4308 non
568 4238 767 4336 punit
800 4262 953 4323 eos,
995 4236 1113 4336 qui
1148 4234 1674 4333 obligationibus
1717 4234 1862 4309 suis
1905 4234 2052 4308 sive
2092 4234 2429 4332 religiosis
2466 4236 2611 4310 sive

402 4350 762 4429 moralibus
800 4377 932 4426 non
978 4348 1421 4425 satisfaciunt.
1464 4351 1757 4449 Utraque
1806 4348 2156 4423 tolerantia
2198 4348 2607 4450 quandoque

2447 4499 2517 4549 π
