3276 5083
705 407 845 481 us
1086 428 1210 481 m.
1250 429 1299 479 1.
1339 428 1514 481 secr.
1554 427 1817 481 uram.
1857 426 1939 479 ns
1973 427 2238 480 nram.
2279 427 2494 480 civm.

843 546 1150 625 Ceterum
1199 545 1446 622 veritas
1501 545 1829 621 historica
1874 545 2071 620 docet
2091 603 2108 633 ‚
2150 545 2333 645 quod
2384 571 2540 621 cum
2576 545 2934 622 Lotharin-

698 661 852 760 gius
892 688 974 735 ex
1015 660 1196 758 regis
1250 661 1356 734 sui
1408 660 1812 735 demandato
1849 660 2202 759 proposuit
2233 659 2521 735 concilio
2557 661 2932 737 tridentino

701 775 1137 849 irritationem
1203 774 1501 872 coniugii
1568 774 1971 847 clandestini
2006 832 2023 861 ‚
2095 774 2402 847 nonnulli
2461 800 2544 848 ex
2607 775 2922 875 patribus

702 917 778 968 se
814 917 891 969 se
923 905 1419 990 opposuerunt,
1461 914 1542 964 eo
1574 889 1758 988 quod
1794 889 2120 964 hactenus
2164 889 2452 964 ecclesia
2500 888 2738 963 illicita
2767 891 2926 989 qui-

699 1006 855 1081 dem
913 1004 1225 1079 habuerit
1290 1003 1621 1078 eiusmodi
1682 1004 1998 1102 coniugia
2019 1062 2034 1091 ‚
2092 1018 2295 1103 atque
2345 1003 2434 1077 ab
2479 1004 2583 1083 eis
2649 1030 2923 1103 semper

702 1121 1160 1209 abhorruerit,
1201 1146 1416 1220 eaque
1448 1120 1777 1195 detestata
1818 1121 1948 1207 sit,
1991 1136 2280 1195 attamen
2326 1147 2461 1198 non
2511 1122 2872 1197 irritaverit
2894 1180 2914 1207 ‚

706 1235 1012 1335 adeoque
1058 1233 1229 1308 nihil
1273 1260 1427 1308 esse
1466 1233 1597 1308 hac
1632 1234 1703 1307 in
1739 1261 1810 1308 re
1844 1234 2324 1313 innovandum.
2364 1235 2698 1310 Nonnulli
2728 1263 2921 1337 prae-

700 1368 881 1429 terea
914 1350 1535 1424 animadvertebant
1561 1350 1631 1423 in
1657 1350 1969 1448 coniugio
1994 1350 2515 1426 christianorum
2551 1352 2730 1425 idem
2766 1378 2926 1426 esse

701 1482 1111 1545 contractum
1156 1482 1222 1540 et
1263 1483 1755 1542 sacramentum
1782 1525 1797 1552 ‚
1841 1465 2124 1567 proinde
2157 1493 2292 1541 non
2329 1493 2532 1566 posse
2565 1466 2921 1543 ecclesiam

699 1583 959 1658 irritare
1022 1599 1437 1659 contractum
1486 1584 1650 1684 quin
1687 1583 1976 1659 irritaret
2010 1598 2504 1657 sacramentum
2547 1586 2725 1678 (98).
2793 1583 2922 1657 His

698 1723 897 1798 porro
954 1696 1248 1797 aliisque
1314 1697 1477 1770 hinc
1543 1697 1703 1771 inde
1751 1697 2083 1770 discussis
2111 1754 2127 1784 ‚
2183 1696 2452 1789 tandem
2504 1712 2729 1797 patres
2765 1723 2926 1771 cum

703 1812 1087 1913 pluralitate
1140 1813 1611 1911 suffragiorum
1660 1827 1984 1887 venerunt
2035 1812 2122 1885 ad
2182 1811 2520 1885 edendum
2551 1860 2552 1863 =
2578 1812 2925 1887 decretum

700 1926 787 2005 de
834 1925 1406 2002 clandestinorum
1441 1926 1904 2026 coniugiorum
1940 1927 2310 2003 irritatione
2343 1931 2520 2022 (99).

845 2041 1046 2116 Aliud
1090 2042 1373 2119 oratoris
1426 2061 1719 2116 erratum
1755 2058 1860 2116 est
1883 2100 1898 2129 ‚
1942 2042 2301 2116 concilium
2340 2040 2777 2115 tridentinum
2817 2041 2928 2113 in-

700 2156 976 2233 ductum
1004 2186 1072 2258 p.
1096 2157 1437 2256 Campegii
1469 2157 2053 2233 animadversione
2070 2215 2086 2244 ,
2118 2158 2484 2231 seiuncti-sse
2507 2169 2926 2230 contractum

700 2299 743 2346 a
769 2289 1212 2359 sacramento,
1244 2299 1327 2346 ex
1352 2298 1487 2371 quo
1514 2273 1664 2370 ipse
1688 2272 1923 2346 edocet
1947 2272 2131 2346 iuxta
2155 2270 2540 2359 concilium,
2566 2271 2926 2371 potestatis

589 2452 605 2456 -
701 2387 922 2465 civilis
956 2413 1108 2463 esse
1143 2388 1467 2485 attingere
1499 2403 1911 2463 contractum
1946 2387 2382 2475 matrimonii,
2422 2387 2929 2462 ecclesiasticae

701 2528 860 2577 vero
913 2502 1237 2600 attingere
1288 2516 1801 2578 sacramentum.
1854 2502 2048 2590 Quod
2099 2502 2375 2604 quidem
2425 2501 2926 2577 alienissimum

700 2616 828 2691 suit
876 2633 1018 2691 tum
1068 2643 1110 2691 a
1158 2632 1382 2693 mente
1418 2616 1766 2717 Campegii
1791 2676 1807 2704 ,
1850 2635 1990 2696 tum
2042 2645 2084 2693 a
2132 2633 2353 2692 mente
2387 2616 2693 2702 concilii,
2736 2616 2921 2717 quod

701 2730 884 2808 illius
921 2732 1241 2806 rationem
1282 2732 1612 2832 probavit,
1637 2735 1775 2807 imo
1797 2748 1865 2808 et
1898 2749 2201 2809 secutmn
2237 2749 2363 2808 est.
2397 2733 2727 2820 Quoniam
2762 2757 2926 2807 vero

700 2861 923 2921 orator
971 2861 1200 2920 noster
1246 2847 1709 2924 difficultatem
1754 2848 1931 2922 hanc
1983 2864 2324 2923 mutuatus
2378 2865 2482 2924 est
2531 2874 2573 2922 a
2622 2847 2923 2922 Launoio

700 2959 981 3061 perinde
1021 2987 1102 3036 ac
1149 2960 1583 3038 difficultates
1624 2963 1921 3064 reliquas
1957 2991 2129 3064 quas
2167 2965 2238 3040 in
2274 2991 2403 3039 sua
2434 2964 2922 3064 disceptatione

700 3078 1043 3174 congessit
1067 3135 1082 3165 ,
1125 3103 1260 3152 non
1304 3078 1426 3152 ahs
1476 3106 1548 3151 re
1596 3080 1725 3154 erit
1771 3079 2124 3154 desumere
2167 3079 2470 3155 eiusdem
2519 3081 2920 3156 solutionem

696 3192 785 3268 ab
820 3193 969 3267 eius
1005 3193 1391 3270 adversario
1426 3196 1544 3297 qui
1588 3209 1741 3269 eum
1777 3194 1974 3294 plene
2008 3195 2377 3270 confutavit
2399 3253 2416 3280 ‚
2459 3223 2703 3297 nempe
2725 3196 2921 3270 Leul-

698 3307 890 3398 lierio
915 3366 931 3395 ,
989 3309 1109 3408 qui
1162 3309 1273 3384 his
1333 3310 1561 3384 verbis
1612 3323 1766 3383 eum
1819 3310 2080 3384 refellit.

848 3453 883 3498 (ι
915 3423 1158 3500 Verum
1201 3424 1477 3524 quidem
1517 3441 1623 3500 est
1642 3482 1658 3512 ,
1701 3426 1882 3525 quod
1933 3452 2085 3499 cum
2136 3426 2462 3501 Camillus
2512 3428 2921 3527 Campegius

698 3535 1171 3614 dominicanus
1222 3538 1398 3613 hanc
1448 3539 1772 3616 rationem
1823 3541 2128 3614 irritandi
2178 3542 2603 3616 matrimonia
2645 3541 2918 3616 clande-

698 3652 916 3740 stina,
965 3669 1218 3730 mutata
1266 3653 1543 3729 minime
1594 3657 1995 3730 sacramenti
2039 3672 2303 3741 natura,
2337 3656 2540 3756 paulo
2576 3673 2729 3730 ante
2773 3683 2919 3758 pro·

841 3839 941 3902 (98)
972 3839 1087 3892 vid.
1113 3840 1400 3890 pallavicin.
1433 3841 1572 3891 Dell'
1587 3844 1772 3892 istoria
1797 3842 1885 3892 del
1908 3843 2125 3893 concilio
2153 3841 2208 3894 di
2238 3846 2425 3894 Trento
2449 3844 2533 3893 lib.
2556 3847 2710 3895 xxlt.
2736 3858 2847 3907 cap.
2868 3849 2915 3895 ⁴.

702 3920 835 3970 Inter
866 3923 1053 3972 ceteros
1071 3921 1140 3971 ita
1156 3921 1493 3971 disseruerunt
1512 3925 1583 3972 Io.
1607 3922 1876 3986 Trivigiani
1898 3923 2174 3986 patriarcha
2186 3926 2357 3974 venet.
2376 3927 2427 3974 et
2445 3926 2687 3988 Castagna
2707 3924 2920 3988 archiep.

700 4012 972 4051 rossanens.
998 4001 1086 4064 qui
1106 4000 1359 4051 dixerunt:
1378 4003 1513 4052 «Non
1532 4003 1712 4066 potersi
1733 4003 1806 4052 far
1825 4004 1963 4053 nullo
1985 4004 2100 4067 quel
2119 4006 2424 4055 sacramento
2441 4040 2456 4064 ,
2480 4003 2516 4054 il
2540 4004 2689 4067 quate
2708 4005 2773 4055 ha
2788 4006 2919 4055 tutta

698 4080 747 4129 la
772 4092 862 4129 sua
882 4093 1105 4142 essenza,
1140 4079 1325 4130 benche
1357 4081 1423 4144 gli
1455 4082 1718 4132 manchino
1751 4083 1795 4132 le
1830 4082 2013 4132 dovute
2050 4083 2435 4134 solennita...0r
2467 4083 2782 4134 consistendo
2802 4084 2918 4133 l’es·

697 4171 842 4208 senza
863 4159 943 4209 del
966 4159 1280 4210 matrimonio
1301 4161 1378 4210 nel
1399 4163 1570 4211 mutuo
1589 4162 1976 4213 consentimento
2002 4162 2255 4226 sensibile,
2286 4177 2315 4214 e
2346 4163 2704 4214 richiedendosi
2739 4164 2776 4212 1⁹
2793 4164 2919 4214 altre

694 4238 934 4289 solennita
954 4252 986 4287 o
1008 4251 1092 4302 per
1112 4238 1291 4289 decoro
1309 4253 1340 4288 ο
1358 4252 1445 4303 per
1462 4253 1615 4303 prove
1627 4278 1644 4304 ,
1666 4240 1700 4290 ἰΙ
1720 4241 1893 4292 diretto
1911 4242 1964 4291 di
1983 4254 2090 4294 esse
2109 4256 2206 4293 non
2227 4245 2327 4307 puo
2341 4246 2473 4294 torre
2493 4244 2529 4293 il
2552 4245 2768 4308 valor-ep·
2783 4245 2833 4295 et
2845 4244 2938 4295 sic·

698 4330 796 4369 non
816 4317 903 4369 alii
923 4318 1066 4382 pauci
1088 4318 1435 4370 disseruerunt.

845 4399 946 4461 (99)
976 4397 1101 4449 wid.
1124 4398 1212 4449 m».
1233 4401 1409 4450 xxm.
1433 4413 1542 4464 cap.
1568 4407 1596 4451 ⁵
1613 4403 1665 4452 et
1686 4410 1731 4452 ο.
