3276 5083
599 403 687 470 88
995 424 1114 471 un.
1157 424 1204 471 ι.
1246 423 1415 472 sacr.
1461 424 1505 471 1.
1553 424 1632 472 mr.
1670 424 1930 473 numu.
1975 423 2403 473 sicininum.

737 540 911 612 Sane
960 540 1319 612 concilium
1371 540 1787 613 lateranense
1836 540 1956 611 111.
2001 567 2110 613 an.
2171 542 2384 612 1179.
2418 555 2597 613 vetat
2645 566 2810 638 quo-

592 655 816 727 minus
836 654 1166 728 sacerdos
1202 654 1553 753 quidpiam
1590 655 1869 754 recipiat
1887 682 2009 755 pro
2040 654 2484 727 benedicendis
2517 658 2801 753 nuptiis,

588 796 701 841 seu
736 770 905 842 aliis
954 773 1378 842 sacramentis
1428 770 1867 868 conserendis,
1911 787 2104 871 prout
2156 770 2435 842 refertur
2467 795 2617 868 cap.
2649 771 2814 842 Cum

590 886 660 954 in
710 883 977 955 ecclesia
1027 883 1137 954 lx.
1172 884 1268 954 De
1316 885 1616 956 simonia.
1661 883 1827 955 Cum
1880 882 2158 983 proinde
2206 882 2566 955 concilium
2615 882 2814 956 bene—

590 997 949 1070 dictionem
987 997 1465 1070 saeerdotalem
1502 998 1572 1068 in
1608 999 1861 1097 nuptiis
1907 997 2201 1071 conserat
2241 1023 2392 1069 cum
2444 1010 2812 1069 ceterorum

589 1126 1150 1186 sacramentorum
1188 1110 1795 1199 administratione,
1830 1113 1994 1185 satis
2021 1126 2245 1211 aperte
2279 1111 2529 1183 indicat
2554 1110 2807 1183 eodem

590 1228 657 1297 in
705 1250 911 1297 censu
961 1223 1206 1296 habere
1254 1224 1582 1297 eiusmodi
1648 1224 2205 1298 benedictionem.
2260 1225 2499 1296 Verum
2559 1223 2808 1297 clarius

588 1340 809 1411 adhuc
872 1338 1167 1438 idipsum
1221 1338 1564 1437 profitetur
1611 1339 2023 1412 Sacerdotale
2072 1365 2411 1411 romanum
2459 1363 2635 1411 anno
2681 1338 2815 1411 cir-

587 1455 753 1525 citer
804 1454 1017 1524 1494.
1062 1452 1313 1525 editum
1338 1509 1353 1536 ‚
1398 1454 1469 1523 in
1502 1478 1636 1551 quo
1672 1452 1950 1550 legitur:
1988 1483 2023 1520 α
2050 1452 2372 1526 Sacerdos
2425 1452 2812 1551 pronuntiet

586 1567 822 1653 verba,
866 1592 1029 1663 quae
1062 1581 1215 1637 sunt
1246 1567 1458 1664 forma
1490 1569 1883 1638 sacramenti
1890 1568 2109 1638 .»Iam
2149 1591 2307 1639 vero
2343 1566 2401 1638 si
2439 1564 2810 1639 sacerdotis

588 1695 691 1751 est
741 1678 1137 1752 sacramenti
1192 1679 1468 1751 formam
1532 1680 2005 1777 pronunciare,
2064 1680 2296 1778 ecquis
2345 1678 2603 1751 dubitet
2637 1703 2809 1751 'eum

593 1793 797 1866 huius
833 1793 1228 1865 sacramenti
1281 1792 1747 1867 administrum
1800 1792 2004 1867 esse?

733 1905 947 2004 Atque
998 1905 1165 1977 haec
1230 1907 1590 2004 praecipua
1656 1922 1811 1979 sunt
1876 1908 2291 2005 antiquitatis
2354 1907 2750 1979 documenta
2780 1963 2797 1991 ,

590 2046 763 2119 quae
798 2020 883 2092 ab
919 2020 1121 2092 huius
1157 2020 1525 2092 sententiae
1576 2021 1872 2118 patronis
1923 2036 2240 2117 congesta
2273 2035 2460 2106 sunt,
2503 2045 2807 2119 quaeque

592 2161 715 2209 nos
767 2161 1010 2231 magna
1059 2134 1326 2206 solertia
1390 2159 1470 2205 ex
1520 2134 1692 2232 ipsis
1747 2132 2281 2232 deprompsimus
2331 2148 2529 2233 atque
2576 2148 2809 2205 contu-

600 2250 799 2337 limus
834 2251 1008 2344 (18).

1417 2418 1832 2475 ARTICULUS
1872 2420 1974 2475 111.

1309 2564 1668 2639 Argumenta
1706 2562 2073 2639 Theologica.

733 2711 887 2781 Post
948 2708 1342 2780 documenta
1401 2735 1489 2787 ex¹
1539 2709 1936 2806 antiquitate
1998 2709 2422 2808 deprompta,
2480 2708 2567 2782 ad
2619 2732 2808 2804 argu-

590 2838 938 2901 mentaex
990 2822 1206 2918 ipsius
1259 2822 1633 2919 theologiae
1684 2823 1977 2897 sontibus
2026 2825 2168 2898 sive
2202 2851 2282 2897 ex
2319 2824 2411 2896 rei
2451 2824 2672 2922 ipsius
2705 2823 2805 2896 vi-

586 2938 888 3012 sceribus
938 2938 1142 3037 petita
1174 2967 1249 3012 se
1287 2940 1612 3039 recipiunt
1664 2941 1964 3014 eiusdem
2018 2942 2383 3015 sententiae
2432 2939 2804 3040 adstipula-

589 3071 788 3127 tores.
825 3056 967 3126 lmo
1011 3052 1231 3126 Canus
1277 3054 1363 3126 ab
1398 3054 1508 3127 his
1544 3056 2060 3154 disputationem
2116 3082 2304 3129 suam
2356 3081 2632 3128 exorsus
2665 3070 2801 3140 est,

590 3168 832 3268 hisque
884 3168 1310 3242 vehementer
1361 3170 1686 3241 innititur.
1723 3169 2278 3269 Quandoquidem
2316 3152 2533 3243 autem
2570 3168 2802 3241 fusiori

584 3310 664 3354 ea
713 3283 968 3355 calamo
1019 3297 1121 3354 est
1170 3298 1649 3380 prosequutus,
1707 3308 1947 3381 operae
1998 3285 2282 3380 pretium
2340 3283 2684 3366 ducimus,
2742 3281 2802 3353 si

584 3425 664 3470 ea
716 3399 978 3484 omnia,
1017 3412 1190 3496 quae
1225 3399 1310 3470 ab
1346 3399 1495 3496 ipso
1530 3399 1867 3497 disputata
1918 3415 2103 3486 sunt,
2145 3416 2481 3499 tamquam
2515 3399 2584 3468 in
2625 3420 2805 3470 com-

587 3513 902 3611 pendium
961 3514 1141 3586 hunc
1193 3515 1263 3585 in
1314 3513 1531 3586 locum
1584 3515 1980 3587 referamus.'

729 3629 820 3700 Ac
857 3631 1070 3727 primo
1107 3628 1233 3701 sibi
1270 3630 1447 3702 viam
1486 3631 1748 3726 paravit
1779 3628 2272 3715 contendendO,
2305 3629 2798 3701 matrimonium

583 3743 762 3840 quod
800 3745 946 3817 sine
987 3743 1309 3816 ecclesiae
1349 3743 1658 3816 ministro
1707 3759 2113 3817 contractum
2166 3744 2287 3830 sit,
2330 3744 2399 3815 id
2437 3768 2798 3842 numquam

584 3873 759 3927 certo
825 3858 1286 3956 constantique
1349 3857 1621 3930 scholae
1686 3858 2007 3954 suffragio
2051 3857 2363 3930 habitum
2417 3859 2628 3931 fuisse
2676 3882 2800 3929 ceu

584 3997 810 4040 verum
838 3987 901 4042 et
929 3974 1267 4070 proprium
1304 3987 1825 4059 sacramentum;
1870 3999 2084 4070 neque
2119 3998 2264 4044 eam
2303 3998 2440 4045 rem
2475 3972 2560 4044 ad
2598 3971 2799 4043 fidem

584 4100 648 4153 et
698 4083 1083 4179 religionem
1135 4087 1443 4172 attinere;
1490 4113 1707 4185 neque
1747 4112 1977 4159 omnes
2030 4085 2298 4161 scholae
2350 4085 2692 4182 theologos
2730 4085 2799 4157 id

584 4199 974 4270 asseruisse.
1021 4199 1281 4283 Quibus
1332 4201 1733 4300 disputatis,
1783 4216 1955 4272 totus
1994 4201 2062 4271 in
2098 4228 2176 4274 eo
2211 4218 2311 4274 est
2347 4218 2419 4273 ut
2452 4200 2790 4283 ostendat,

724 4350 823 4411 (18)
854 4349 930 4399 Cf.
954 4349 1102 4399 etiam
1136 4350 1422 4414 Roskovany
1448 4366 1529 4414 op.
1551 4354 1601 4400 et
1623 4354 1719 4401 loc.
1744 4352 1967 4402 cit.1tem
1987 4352 2207 4403 carriere
2226 4366 2307 4416 op.
2330 4352 2510 4415 pariter
2526 4354 2577 4401 et
2598 4352 2693 4402 loc.
2709 4351 2795 4401 cit.
