3276 5083
826 419 963 469 cu.
989 419 1076 468 v1.
1106 420 1185 468 nr.
1207 418 1423 473 msto.
1469 418 1695 470 com-n.
1722 419 1797 469 ιιι·
1829 418 2003 471 saca.
2029 420 2173 470 ,ιιι-ι.
2199 421 2270 471 ιι.
2526 400 2661 470 195

430 540 686 626 monii,
754 537 986 611 inferri
1038 537 1219 611 haud
1282 554 1502 637 potest
1566 538 1914 612 distinctio
1940 594 1956 625 ,
2022 565 2143 612 seu
2202 538 2428 640 potius
2477 566 2666 641 sepa-

430 654 744 727 rabilitas
779 654 926 750 (17)
973 668 1354 728 contractus
1405 668 1473 727 et
1521 654 1920 727 sacramenti
1974 669 2314 753 tamquam
2366 656 2547 728 reia
2596 670 2693 731 re'

435 771 507 843 in
561 768 873 866 coniugio
924 767 1012 843 ad
1071 769 1351 842 formam
1414 767 1844 842 tridentinam
1903 768 2238 844 celebrato
2271 828 2286 858 ‚
2360 771 2527 845 adeo
2593 790 2669 845 ut

435 885 640 961 huius
688 884 956 958 articuli
1006 910 1248 958 sensus
1300 884 1429 957 sit:
1473 900 1629 957 tunc
1682 884 1954 972 saltem,
1985 911 2138 959 cum
2165 886 2666 960 matrimonium

429 1003 501 1074 in
533 1001 709 1075 facie
740 1000 1066 1076 ecclesiae
1100 999 1509 1088 celebratur,
1565 1015 1948 1074 contractus
2000 1028 2042 1074 a
2091 1018 2509 1076 sacramento
2560 1029 2667 1076 se—

429 1118 656 1218 parari
708 1143 840 1191 non
892 1132 1140 1216 potest,
1197 1117 1459 1193 etiamsi
1511 1116 1708 1209 detur
1755 1117 2200 1201 adversariis,
2251 1118 2665 1192 sacerdotem

427 1254 592 1309 esse
617 1231 1026 1306 ministrum.
1063 1232 1258 1318 Quod
1293 1231 1568 1333 quidem
1603 1232 1961 1306 ostendere
1985 1259 2344 1332 operosum
2370 1259 2504 1307 non
2534 1250 2659 1307 est.

576 1346 843 1420 Etenim
876 1361 1036 1419 tunc
1071 1345 1287 1420 solum
1325 1345 1728 1420 subsisteret
1773 1346 2107 1420 eiusmodi
2145 1347 2489 1422 distinctio
2523 1374 2670 1421 rea-

433 1460 523 1536 lis
556 1461 726 1536 inter
757 1477 1164 1536 contractum
1199 1476 1265 1535 et
1298 1478 1790 1551 sacramentum
1813 1521 1827 1550 ‚
1872 1462 1931 1535 si
1966 1464 2463 1536 matrimonium
2490 1521 2506 1551 ‚
2548 1488 2670 1536 seu

435 1592 813 1653 contractus
864 1578 1240 1674 coniugalis
1291 1604 1414 1677 per
1462 1595 1767 1651 mutuum
1811 1603 2212 1652 consensum
2249 1579 2473 1653 verbis
2494 1637 2511 1667 ,
2554 1594 2670 1652 aut

429 1692 649 1791 signis
695 1719 1093 1792 expressum
1115 1751 1131 1779 ‚
1173 1693 1356 1767 aliud
1391 1710 1571 1767 esset
1605 1711 1870 1792 praeter
1903 1710 2391 1768 sacramentum
2444 1695 2669 1795 ipsum

429 1800 1122 1909 pei-benedictionem
1158 1809 1638 1884 sacerdotalem
1678 1810 2051 1884 confectum
2089 1837 2209 1885 seu
2244 1811 2671 1884 administra-

432 1940 600 1999 tum.
644 1925 852 2000 Porro
895 1941 1383 1999 sacramentum
1431 1953 1563 1999 non
1598 1942 1728 2012 est,
1771 1951 1895 1998 nec
1943 1952 2098 1999 esse
2146 1941 2372 2025 potest·
2412 1940 2673 2024 praeter

431 2056 848 2116 contractum
900 2041 1149 2140 ipsum.
1201 2043 1378 2140 Ergo
1428 2042 1689 2116 invecta
1726 2041 1842 2115 illa
1876 2040 2218 2114 distinctio
2258 2041 2463 2114 realis
2499 2042 2673 2114 inter

437 2172 845 2231 contractum
888 2173 955 2230 et
993 2174 1484 2231 sacramentum
1535 2158 1604 2228 in
1657 2156 1991 2254 coniugiis
2033 2157 2232 2229 etiam
2267 2156 2354 2228 ad
2392 2156 2670 2228 formam

441 2268 859 2344 tridentinam
911 2270 1260 2345 celebratis
1310 2271 1570 2344 admitti
1623 2271 1876 2369 nequit.

592 2385 803 2463 llinor
853 2387 1176 2487 propositi
1231 2385 1607 2484 argumenti
1674 2385 2028 2485 multiplici
2078 2412 2159 2459 ex
2208 2386 2429 2484 capite
2476 2385 2665 2459 evin-

437 2501 658 2578 citur:
689 2528 791 2577 ac
840 2505 909 2577 1.
953 2529 1036 2577 ex
1083 2504 1367 2579 concilio
1419 2503 1814 2590 tridentino,
1871 2501 2056 2603 quod
2107 2501 2462 2577 anathema
2511 2527 2667 2602 pro-

438 2618 787 2694 nunciavit
820 2619 890 2691 in
923 2619 1103 2707 illos,
1136 2621 1254 2719 qui
1280 2620 1600 2705 dixerint,
1635 2620 2133 2693 matrimonium
2171 2645 2303 2694 non
2337 2645 2491 2693 esse
2517 2644 2673 2692 vere

435 2750 504 2812 et
534 2735 811 2836 proprie
856 2763 1066 2809 unum
1100 2763 1182 2809 ex
1218 2752 1473 2837 septem
1522 2736 1695 2834 legis
1754 2734 2184 2833 evangelicae
2236 2736 2672 2809 sacramentis

443 2852 995 2949 (can.1.).lam
1035 2880 1192 2927 vero
1243 2855 1301 2926 si
1353 2853 1540 2927 aliud
1589 2870 1771 2927 esset
1818 2869 2197 2927 contractus
2248 2869 2403 2952 post
2451 2878 2672 2927 sacer-

435 2967 728 3048 dotalem
776 2965 1310 3041 benedictionem
1345 3024 1361 3054 ,
1426 2966 1610 3040 aliud
1662 2982 1884 3040 autem
1935 2983 2426 3040 sacramentum
2461 3024 2476 3052 ‚
2535 2991 2666 3037 non

438 3080 735 3182 amplius
793 3107 950 3155 vere
996 3098 1063 3155 et
1112 3082 1385 3180 proprie
1444 3081 1938 3154 matrimonium
1989 3080 2124 3153 dici
2177 3096 2408 3179 posset
2455 3105 2675 3151 sacra-

439 3213 748 3283 mutum,
791 3198 912 3272 sed
947 3198 1080 3271 dici
1117 3197 1388 3271 deberet
1422 3212 1913 3271 sacramentum
1953 3195 2291 3269 adiectum
2333 3194 2674 3266 matrimo-

441 3313 610 3399 nio,
633 3311 832 3412 eique
864 3312 1280 3387 extrinsecus
1321 3311 1687 3386 obveniens
1715 3310 2222 3409 suscipiendum
2247 3324 2401 3410 post
2434 3307 2676 3381 initum

436 3443 896 3516 contractum,
954 3445 1070 3502 aut
1118 3445 1549 3527 susceptum,
1594 3428 1653 3501 si
1692 3426 1950 3526 placet,
1994 3443 2149 3526 post
2179 3424 2489 3498 eumdem
2525 3450 2674 3498 con-

449 3557 727 3618 tractum
776 3570 900 3644 per
945 3542 1482 3617 benedictionem
1534 3543 1930 3617 sacerdotis.
1983 3541 2161 3628 Quid
2212 3541 2391 3613 enim
2442 3541 2513 3611 in
2565 3539 2676 3611 ad-

446 3659 888 3734 versariorum
913 3660 1244 3734 sententia
1271 3658 1675 3734 matrimonii
1702 3657 1970 3733 nomine
1996 3656 2509 3755 significaretur,
2543 3655 2673 3727 nisi

575 3881 712 3960 (17)
725 3881 1010 3958 Μικίψα·
1030 3895 1202 3935 vocem
1226 3883 1352 3932 hanc
1370 3881 1436 3932 ad
1456 3894 1652 3932 omnem
1687 3880 1979 3945 abigendam
2010 3878 2408 3943 ambiguitatem,
2431 3877 2551 3940 quia
2572 3876 2678 3927 fieri

439 3937 672 4012 obuoluto
701 3949 887 4026 potunt,
895 3953 970 4013 ut
987 3959 1090 4013 duo
1108 3962 1209 4014 sint
1226 3963 1354 4011 inter
1369 3973 1422 4011 se
1439 3960 1660 4011 realiter
1682 3959 1941 4022 distincta,
1961 3958 2082 4023 quin
2103 3956 2319 4022 separari
2343 3956 2407 4007 ab
2432 3956 2672 4016 invicem,

442 4039 619 4091 11111-
646 4039 702 4090 vl
731 4039 948 4091 aaran
979 4041 1184 4105 possint.
1207 4033 1360 4098 Quod-
1365 4041 1428 4089 ut
1447 4038 1617 4102 aliquo
1637 4037 1863 4102 exemplo
1882 3996 2149 4088 illustrem:
2176 4048 2357 4101 corpus
2375 4037 2427 4086 et
2445 4034 2610 4085 anima
2630 4034 2680 4082 in

443 4118 644 4170 bomne
664 4119 863 4170 vivente
882 4122 1000 4171 sunt
1018 4120 1216 4174 multer
1236 4119 1504 4199 distincta,
1522 4131 1611 4170 nec
1629 4120 1795 4169 tamen
1816 4117 2002 4183 absque
2023 4115 2238 4168 hominis
2275 4115 2574 4169 extinctione
2604 4126 2677 4164 se·

445 4199 608 4263 panti
631 4199 696 4250 ab
717 4199 927 4250 invicem
960 4201 1192 4263 ponunt,
1209 4202 1260 4251 et
1279 4200 1348 4251 lta
1368 4183 1442 4250 de
1451 4198 1675 4262 pluribus
1692 4197 1820 4248 aliis.
1846 4200 2017 4260 ltaque
2034 4197 2230 4261 quoties
2250 4195 2349 4259 hic,
2370 4197 2458 4246 aut
2478 4194 2597 4245 alibi
2618 4191 2681 4243 de

447 4277 588 4329 reoli
609 4275 927 4329 distinctione
957 4276 1243 4330 disserimus
1263 4279 1391 4330 inter
1410 4278 1718 4328 contractum
1742 4280 1793 4328 et
1813 4281 2171 4329 sacramentum
2206 4277 2256 4327 in
2289 4276 2519 4340 coniugio
2551 4273 2675 4324 chri·

435 4357 606 4410 stt-m
625 4357 722 4410 boc
738 4370 884 4411 sensu
904 4357 1203 4410 intellectam
1225 4358 1351 4409 hunc
1368 4358 1668 4410 locutionem
1690 4357 1939 4409 volumus.
2536 4433 2575 4476 *Ε
