3276 5083
611 489 750 538 cn.
782 488 847 536 V.
885 486 965 535 DE
990 484 1226 536 mmm.
1250 485 1556 536 commu.
1589 487 1731 536 Am.
1772 489 1843 537 ΙΙ.
1876 488 2021 538 Anu.
2057 488 2407 540 rmnmon.
2518 467 2648 539 151

430 633 571 681 non
621 605 902 680 obscure
951 603 1233 677 traditur
1265 605 1336 675 in
1379 604 1759 679 Orthodoaea
1806 605 1962 705 fidei
2008 608 2395 706 consessione
2433 609 2662 683 adver-

433 750 559 797 sus
597 721 823 822 cyrilli
862 722 1136 794 Lucaris
1174 747 1434 795 errores
1472 737 1774 816 exarata,
1818 722 1887 793 in
1932 748 2066 821 qua
2105 722 2381 820 legitur:
2431 754 2465 793 α
2495 726 2656 798 Sex-

435 857 579 912 tum
619 852 1101 911 sacramentum
1145 853 1249 909 est
1287 837 1807 925 matrimonium,
1842 839 2022 938 quod
2053 857 2410 939 postquam
2453 840 2654 913 futuri

436 955 669 1053 sponsi
723 953 853 1026 sibi
894 968 1125 1027 mutuo
1166 953 1366 1025 fidem
1408 953 1820 1050 coniugalem
1873 955 2232 1042 dederunt,
2279 973 2383 1029 est
2425 958 2656 1055 confir-

429 1085 679 1143 matum
716 1083 908 1166 atque
951 1068 1347 1140 benedictum
1382 1095 1425 1140 a
1461 1068 1785 1142 sacerdote
1833 1072 2020 1165 (24);
2061 1101 2095 1140 »
2137 1098 2271 1145 non
2318 1097 2479 1145 vero
2515 1098 2656 1144 con-

426 1187 667 1284 sectum
688 1240 707 1267 ,
767 1198 883 1256 aut
931 1183 1487 1255 administratum.

574 1299 770 1386 Quod
809 1325 965 1372 vero
991 1300 1224 1371 attinet
1246 1300 1331 1372 ad
1362 1300 1624 1373 ritualia
1662 1301 1985 1374 ecclesiae
2017 1302 2455 1376 occidentalis
2477 1362 2494 1391 ,
2542 1329 2647 1375 res

438 1414 639 1513 plane
671 1415 972 1489 confecta
1005 1430 1109 1488 est
1129 1473 1144 1502 ,
1178 1416 1237 1487 si
1265 1415 1332 1486 in
1359 1431 1645 1488 mentem
1682 1443 2066 1490 revocemus
2109 1444 2281 1517 quae
2317 1445 2396 1491 ex
2421 1420 2658 1491 Marte—

428 1530 550 1602 nio
585 1530 1023 1616 adduximus;
1067 1530 1344 1618 etenim,
1390 1530 1540 1627 ipso
1581 1545 1897 1616 testante,
1946 1531 2015 1601 in
2056 1531 2242 1605 nullo
2285 1534 2648 1632 antiquiori

426 1645 649 1718 rituali
687 1643 1078 1732 latinorum,
1126 1645 1402 1743 perinde
1441 1671 1519 1718 ac
1563 1646 1633 1716 in
1676 1646 1860 1719 nullo
1898 1673 2215 1745 umquam
2251 1648 2646 1746 euchologio

425 1787 823 1859 graecorum
864 1761 1068 1834 verba
1108 1761 1223 1832 illa
1247 1818 1262 1847 ,
1295 1788 1470 1860 quae
1510 1788 1690 1834 nunc
1731 1789 1772 1834 a
1815 1762 2159 1836 sacerdote
2193 1763 2262 1835 in
2298 1761 2655 1862 iungendis

423 1877 681 1977 nuptiis
725 1877 1174 1976 proferuntur:
1231 1878 1373 1975 qu
1415 1904 1527 1950 vos
1571 1881 1916 1977 conimqo,
1967 1904 2184 1978 neque
2228 1878 2362 1951 alia
2404 1879 2515 1952 his
2556 1880 2650 1951 si·-

418 1992 611 2064 milia
648 1993 1092 2090 reperiuntur.
1138 1993 1389 2091 Atque,
1431 1994 1526 2066 uti
1572 2021 1654 2067 ex
1694 1994 1934 2066 iisdem
1972 1983 2389 2069 documentis
2430 2012 2645 2096 patet,

422 2121 564 2180 tota
610 2108 1009 2181 sacramenti
1061 2109 1231 2181 ratio
1271 2134 1348 2181 ac
1386 2109 1682 2182 essentia
1725 2123 1956 2181 mutuo
1997 2109 2348 2208 utriusque
2392 2125 2649 2182 contra-

432 2221 658 2294 hentis
705 2247 1038 2295 consensu
1087 2222 1579 2296 absolvebatur.
1638 2222 1870 2295 Cetera
1917 2248 2076 2295 vero
2125 2222 2351 2295 omnia
2405 2223 2492 2294 ab
2536 2248 2646 2295 ec-

431 2334 643 2409 clesia
675 2335 927 2410 adiecta
960 2352 1118 2410 sunt
1143 2337 1230 2409 ad
1257 2337 1571 2409 maiorem
1609 2336 2127 2409 declarationem
2168 2336 2444 2432 gratiae,
2479 2364 2653 2435 quae

429 2454 795 2526 contractui
848 2453 1184 2552 coniugali
1239 2453 1307 2525 in
1360 2479 1530 2525 nova
1581 2452 1727 2550 lege
1777 2479 1856 2525 ex
1908 2452 2155 2525 Christi
2214 2451 2481 2525 Domini
2534 2479 2649 2526 vo-

421 2567 676 2641 luntate
726 2569 988 2641 adnexa
1036 2585 1183 2655 est,
1240 2583 1306 2640 et
1353 2569 1438 2640 ad
1489 2570 1665 2643 bona
1715 2595 1754 2642 a
1803 2569 1943 2642 Deo
1994 2595 2197 2669 super
2246 2569 2643 2666 coniugibus

419 2683 820 2771 obtinenda;
873 2711 1028 2771 seu,
1077 2700 1150 2757 ut
1198 2684 1495 2784 loquitur
1532 2685 1842 2758 laudatus
1887 2672 2147 2773 auctor,
2191 2701 2266 2757 ut
2309 2701 2646 2759 contracto

419 2826 541 2899 per
574 2826 980 2873 consensum
1024 2799 1479 2886 matrimonio,
1528 2799 2049 2899 benedictoque,
2097 2826 2177 2872 ac
2216 2801 2441 2871 manui
2492 2799 2651 2873 sini·

425 2929 605 2987 strae
639 2939 932 3013 sponsae
966 2913 1279 3011 imposito
1314 2913 1595 3001 annulo,
1640 2914 1946 3013 fusisque
1980 2909 2356 3000 nonnulliS,
2398 2913 2648 3012 quibus

429 3030 624 3103 novis
688 3028 1085 3125 coniugibus
1124 3028 1296 3102 bene
1340 3029 1736 3129 precabatur
1778 3029 2091 3102 sacerdos
2113 3086 2127 3112 ,
2185 3027 2602 3101 orationibus
2623 3086 2638 3115 ,

426 3142 496 3212 in
545 3142 898 3215 ecclesiam
951 3142 1578 3228 introducebantur,
1621 3143 1774 3232 ubi,
1822 3142 2435 3228 missacelebrata,
2493 3156 2648 3214 ante

422 3256 961 3329 communionem
1012 3257 1280 3355 nuptias
1331 3256 1714 3331 solemniter
1761 3255 2199 3330 benedicebat
2247 3257 2423 3350 (25).

573 3369 1148 3456 Quemadmodum
1197 3387 1417 3445 autem
1471 3372 1540 3442 in
1589 3372 1895 3445 ecclesiis
1948 3370 2386 3445 orientalibus
2436 3369 2642 3441 dene·

426 3485 709 3583 gabatur
755 3487 977 3560 viduis
1028 3488 1265 3560 iterum
1309 3487 1712 3561 nubentibus
1766 3488 2136 3573 coronatio,
2183 3486 2281 3559 sic
2321 3486 2389 3557 in
2431 3484 2643 3558 eccle-

422 3601 531 3675 sia
577 3603 969 3678 occidentali
1022 3604 1477 3702 denegabatur
1519 3604 1838 3703 nuptialis
1888 3603 2284 3675 benedictin.
2343 3600 2419 3673 Id
2461 3600 2641 3700 quod

425 3716 695 3791 disertis
738 3719 961 3792 verbis
1003 3719 1207 3792 tradit
1245 3747 1302 3792 s.
1342 3719 1697 3794 Caesarius
1745 3719 2080 3792 scribens:
2130 3748 2164 3787 c<
2199 3716 2328 3802 Qui
2368 3742 2640 3789 uxorem

421 3848 611 3931 optat
642 3836 977 3933 accipere,
1020 3836 1194 3910 sicut
1229 3835 1412 3908 illam
1445 3836 1771 3933 virginem
1810 3834 2109 3908 invenire
2141 3832 2511 3919 desiderat,
2550 3832 2642 3903 ita

419 3948 568 4047 ipse
608 3975 826 4048 usque
867 3950 951 4023 ad
999 3951 1264 4052 nuptias
1302 3952 1489 4049 virgo
1534 3951 1654 4023 sit:
1698 3951 1858 4049 quia
1899 3950 1956 4022 si
2001 3975 2131 4021 non
2174 3948 2405 4034 suerit,
2456 3938 2638 4018 benc-

421 4127 723 4189 quatriemes
750 4142 923 4192 noces,
957 4132 1008 4179 et
1031 4143 1120 4194 par
1149 4131 1446 4193 consequent
1467 4128 1613 4179 celles
1635 4129 1746 4178 sont
1764 4141 1831 4177 un
1853 4129 2145 4191 sacrement‚
2166 4139 2261 4190 que
2279 4127 2327 4177 le
2344 4125 2508 4176 detaut
2523 4125 2583 4174 de
2603 4124 2652 4173 la

420 4208 729 4260 benediction
753 4210 1015 4274 del'cglise
1035 4225 1094 4260 ne
1112 4215 1227 4275 peut
1244 4225 1333 4276 pas
1356 4211 1596 4275 detmire3
1620 4210 1827 4273 puisque
1858 4210 1991 4260 selon
2013 4212 2075 4259 st.
2097 4209 2308 4259 Thomas
2340 4207 2432 4258 elle
2464 4219 2524 4256 ne
2557 4203 2645 4253 fait

424 4302 511 4351 pas
533 4292 691 4353 partie
709 4290 775 4340 du
798 4294 1118 4342 sacrament.»

567 4371 672 4433 (24)
703 4374 900 4430 Quaest.
924 4380 1029 4423 115.

564 4451 667 4513 (25)
701 4452 917 4503 Mat-tene
936 4466 1016 4517 op.
1040 4452 1124 4502 cit.
1150 4451 1233 4502 tib.
1262 4455 1302 4503 1.
1323 4466 1432 4517 cap.
1463 4454 1543 4503 lx.
1570 4454 1662 4502 art.
1691 4453 1778 4502 ΠΙ.
1802 4450 1848 4515 §.
1876 4458 1918 4501 s.
