<?xml version="1.0" encoding="UTF-8"?>
<!DOCTYPE html PUBLIC "-//W3C//DTD XHTML 1.0 Transitional//EN"
    "http://www.w3.org/TR/xhtml1/DTD/xhtml1-transitional.dtd">
<html xmlns="http://www.w3.org/1999/xhtml" xml:lang="en" lang="en">
 <head>
  <title>
</title>
<meta http-equiv="Content-Type" content="text/html;charset=utf-8" />
  <meta name='ocr-system' content='tesseract 3.04.00' />
  <meta name='ocr-capabilities' content='ocr_page ocr_carea ocr_par ocr_line ocrx_word'/>
</head>
<body>
  <div class='ocr_page' id='page_1' title='image "./dematrimoniochr04perrgoog_0439.png"; bbox 0 0 3276 5083; ppageno 0'>
   <div class='ocr_carea' id='block_1_1' title="bbox 288 421 2600 4229">
    <p class='ocr_par' dir='ltr' id='par_1_1' title="bbox 364 421 2597 3194">
     <span class='ocr_line' id='line_1_1' title="bbox 542 421 2588 496; baseline -0.001 0"><span class='ocrx_word' id='word_1_1' title='bbox 542 446 680 496; x_wconf 69' lang='lat' dir='ltr'>cn.</span> <span class='ocrx_word' id='word_1_2' title='bbox 708 444 796 495; x_wconf 76' lang='grc' dir='ltr'>ιν.</span> <span class='ocrx_word' id='word_1_3' title='bbox 819 443 899 493; x_wconf 76' lang='lat' dir='ltr'>ns</span> <span class='ocrx_word' id='word_1_4' title='bbox 926 437 1164 493; x_wconf 65' lang='lat' dir='ltr'>mauu.</span> <span class='ocrx_word' id='word_1_5' title='bbox 1192 440 1308 492; x_wconf 77' lang='lat' dir='ltr'>rao</span> <span class='ocrx_word' id='word_1_6' title='bbox 1337 441 1519 492; x_wconf 77' lang='lat' dir='ltr'>nes.</span> <span class='ocrx_word' id='word_1_7' title='bbox 1543 442 1624 491; x_wconf 78' lang='lat' dir='ltr'>ns</span> <span class='ocrx_word' id='word_1_8' title='bbox 1650 442 1840 492; x_wconf 71' lang='lat' dir='ltr'>turn.</span> <span class='ocrx_word' id='word_1_9' title='bbox 1872 441 2000 493; x_wconf 77' lang='lat' dir='ltr'>civ.</span> <span class='ocrx_word' id='word_1_10' title='bbox 2032 442 2174 493; x_wconf 56' lang='lat' dir='ltr'>aar.</span> <span class='ocrx_word' id='word_1_11' title='bbox 2209 442 2305 493; x_wconf 89' lang='lat'>111.</span> <span class='ocrx_word' id='word_1_12' title='bbox 2451 421 2588 493; x_wconf 68' lang='lat'>415</span> 
     </span>
     <span class='ocr_line' id='line_1_2' title="bbox 370 557 2593 664; baseline -0.001 -28"><span class='ocrx_word' id='word_1_13' title='bbox 370 563 746 664; x_wconf 79' lang='lat' dir='ltr'>posuisset,</span> <span class='ocrx_word' id='word_1_14' title='bbox 805 586 981 659; x_wconf 86' lang='lat' dir='ltr'>quae</span> <span class='ocrx_word' id='word_1_15' title='bbox 1029 557 1336 658; x_wconf 85' lang='lat' dir='ltr'>pluribus</span> <span class='ocrx_word' id='word_1_16' title='bbox 1389 557 1694 659; x_wconf 85' lang='lat' dir='ltr'>patribus</span> <span class='ocrx_word' id='word_1_17' title='bbox 1746 559 1972 633; x_wconf 79' lang='lat' dir='ltr'>arrisit</span> <span class='ocrx_word' id='word_1_18' title='bbox 1993 616 2011 646; x_wconf 84' lang='lat'>‚</span> <span class='ocrx_word' id='word_1_19' title='bbox 2052 574 2116 631; x_wconf 85' lang='lat' dir='ltr'>et</span> <span class='ocrx_word' id='word_1_20' title='bbox 2148 585 2312 657; x_wconf 84' lang='lat' dir='ltr'>quae</span> <span class='ocrx_word' id='word_1_21' title='bbox 2340 564 2593 658; x_wconf 86' lang='lat' dir='ltr'>passim</span> 
     </span>
     <span class='ocr_line' id='line_1_3' title="bbox 369 673 2590 776; baseline -0 -27"><span class='ocrx_word' id='word_1_22' title='bbox 369 675 554 776; x_wconf 87' lang='lat' dir='ltr'>apud</span> <span class='ocrx_word' id='word_1_23' title='bbox 601 690 840 747; x_wconf 82' lang='lat' dir='ltr'>veteres</span> <span class='ocrx_word' id='word_1_24' title='bbox 889 675 1128 773; x_wconf 78' lang='lat' dir='ltr'>leqitur</span> <span class='ocrx_word' id='word_1_25' title='bbox 1170 674 1528 772; x_wconf 70' lang='lat' dir='ltr'>theoloqoS,</span> <span class='ocrx_word' id='word_1_26' title='bbox 1571 698 1705 746; x_wconf 90' lang='lat' dir='ltr'>non</span> <span class='ocrx_word' id='word_1_27' title='bbox 1741 673 1981 746; x_wconf 84' lang='lat' dir='ltr'>mutari</span> <span class='ocrx_word' id='word_1_28' title='bbox 2020 673 2333 747; x_wconf 77' lang='lat' dir='ltr'>videlicet</span> <span class='ocrx_word' id='word_1_29' title='bbox 2364 700 2590 748; x_wconf 75' lang='lat' dir='ltr'>sacra-</span> 
     </span>
     <span class='ocr_line' id='line_1_4' title="bbox 370 787 2590 888; baseline -0.001 -24"><span class='ocrx_word' id='word_1_30' title='bbox 370 806 668 865; x_wconf 86' lang='lat' dir='ltr'>mentum</span> <span class='ocrx_word' id='word_1_31' title='bbox 695 848 710 876; x_wconf 86' lang='lat'>‚</span> <span class='ocrx_word' id='word_1_32' title='bbox 752 790 1021 863; x_wconf 88' lang='lat' dir='ltr'>etiamsi</span> <span class='ocrx_word' id='word_1_33' title='bbox 1056 789 1214 888; x_wconf 90' lang='lat' dir='ltr'>quis</span> <span class='ocrx_word' id='word_1_34' title='bbox 1258 788 1606 863; x_wconf 79' lang='lat' dir='ltr'>materiam</span> <span class='ocrx_word' id='word_1_35' title='bbox 1649 787 1935 863; x_wconf 88' lang='lat' dir='ltr'>alicuius</span> <span class='ocrx_word' id='word_1_36' title='bbox 1975 790 2375 864; x_wconf 82' lang='lat' dir='ltr'>sacramenti</span> <span class='ocrx_word' id='word_1_37' title='bbox 2410 816 2590 864; x_wconf 83' lang='lat' dir='ltr'>ever-</span> 
     </span>
     <span class='ocr_line' id='line_1_5' title="bbox 371 904 2596 1006; baseline -0 -26"><span class='ocrx_word' id='word_1_38' title='bbox 371 922 503 994; x_wconf 88' lang='lat' dir='ltr'>tat,</span> <span class='ocrx_word' id='word_1_39' title='bbox 547 907 721 979; x_wconf 89' lang='lat' dir='ltr'>sicut</span> <span class='ocrx_word' id='word_1_40' title='bbox 764 932 897 979; x_wconf 91' lang='lat' dir='ltr'>non</span> <span class='ocrx_word' id='word_1_41' title='bbox 943 920 1238 977; x_wconf 87' lang='lat' dir='ltr'>mutatur</span> <span class='ocrx_word' id='word_1_42' title='bbox 1272 904 1653 1005; x_wconf 88' lang='lat' dir='ltr'>baptismus</span> <span class='ocrx_word' id='word_1_43' title='bbox 1704 905 1963 978; x_wconf 87' lang='lat' dir='ltr'>etiamsi</span> <span class='ocrx_word' id='word_1_44' title='bbox 2002 907 2157 1005; x_wconf 89' lang='lat' dir='ltr'>quis</span> <span class='ocrx_word' id='word_1_45' title='bbox 2194 931 2439 1006; x_wconf 91' lang='lat' dir='ltr'>aquam</span> <span class='ocrx_word' id='word_1_46' title='bbox 2475 906 2596 979; x_wconf 88' lang='lat' dir='ltr'>im·</span> 
     </span>
     <span class='ocr_line' id='line_1_6' title="bbox 369 1021 2596 1120; baseline 0.001 -27"><span class='ocrx_word' id='word_1_47' title='bbox 369 1037 579 1095; x_wconf 86' lang='lat' dir='ltr'>mutet</span> <span class='ocrx_word' id='word_1_48' title='bbox 611 1079 626 1107; x_wconf 86' lang='lat'>‚</span> <span class='ocrx_word' id='word_1_49' title='bbox 685 1046 832 1093; x_wconf 88' lang='lat' dir='ltr'>eam</span> <span class='ocrx_word' id='word_1_50' title='bbox 893 1048 963 1094; x_wconf 88' lang='lat' dir='ltr'>1n</span> <span class='ocrx_word' id='word_1_51' title='bbox 1020 1046 1336 1120; x_wconf 78' lang='lat' dir='ltr'>vaporem</span> <span class='ocrx_word' id='word_1_52' title='bbox 1358 1022 1363 1025; x_wconf 75' lang='grc'>’</span> <span class='ocrx_word' id='word_1_53' title='bbox 1386 1034 1833 1107; x_wconf 82' lang='lat' dir='ltr'>convertens3</span> <span class='ocrx_word' id='word_1_54' title='bbox 1892 1046 1971 1094; x_wconf 90' lang='lat' dir='ltr'>ac</span> <span class='ocrx_word' id='word_1_55' title='bbox 2020 1021 2304 1119; x_wconf 80' lang='lat' dir='ltr'>proinde</span> <span class='ocrx_word' id='word_1_56' title='bbox 2334 1077 2350 1108; x_wconf 86' lang='lat'>,</span> <span class='ocrx_word' id='word_1_57' title='bbox 2408 1021 2596 1096; x_wconf 84' lang='lat' dir='ltr'>salva</span> 
     </span>
     <span class='ocr_line' id='line_1_7' title="bbox 366 1134 2595 1236; baseline 0 -26"><span class='ocrx_word' id='word_1_58' title='bbox 366 1136 769 1211; x_wconf 84' lang='lat' dir='ltr'>sacramenti</span> <span class='ocrx_word' id='word_1_59' title='bbox 801 1135 1180 1211; x_wconf 87' lang='lat' dir='ltr'>substantia</span> <span class='ocrx_word' id='word_1_60' title='bbox 1201 1195 1216 1225; x_wconf 88' lang='lat'><strong>,</strong></span> <span class='ocrx_word' id='word_1_61' title='bbox 1251 1134 1607 1210; x_wconf 88' lang='lat' dir='ltr'>ecclesiam</span> <span class='ocrx_word' id='word_1_62' title='bbox 1644 1162 1845 1236; x_wconf 89' lang='lat' dir='ltr'>posse</span> <span class='ocrx_word' id='word_1_63' title='bbox 1880 1136 2112 1209; x_wconf 86' lang='lat' dir='ltr'>iubere</span> <span class='ocrx_word' id='word_1_64' title='bbox 2144 1137 2406 1210; x_wconf 85' lang='lat' dir='ltr'>irritum</span> <span class='ocrx_word' id='word_1_65' title='bbox 2440 1162 2595 1211; x_wconf 86' lang='lat' dir='ltr'>esse</span> 
     </span>
     <span class='ocr_line' id='line_1_8' title="bbox 367 1251 2587 1353; baseline 0 -27"><span class='ocrx_word' id='word_1_66' title='bbox 367 1268 784 1326; x_wconf 85' lang='lat' dir='ltr'>contractum</span> <span class='ocrx_word' id='word_1_67' title='bbox 836 1251 1205 1353; x_wconf 84' lang='lat' dir='ltr'>nuptialem</span> <span class='ocrx_word' id='word_1_68' title='bbox 1259 1252 1740 1326; x_wconf 89' lang='lat' dir='ltr'>clancularium</span> <span class='ocrx_word' id='word_1_69' title='bbox 1765 1311 1780 1339; x_wconf 86' lang='lat'>‚</span> <span class='ocrx_word' id='word_1_70' title='bbox 1829 1253 1945 1352; x_wconf 92' lang='lat' dir='ltr'>qui</span> <span class='ocrx_word' id='word_1_71' title='bbox 1983 1278 2136 1325; x_wconf 91' lang='lat' dir='ltr'>cum</span> <span class='ocrx_word' id='word_1_72' title='bbox 2189 1252 2415 1327; x_wconf 87' lang='lat' dir='ltr'>nullus</span> <span class='ocrx_word' id='word_1_73' title='bbox 2464 1253 2587 1340; x_wconf 85' lang='lat' dir='ltr'>sit,</span> 
     </span>
     <span class='ocr_line' id='line_1_9' title="bbox 366 1366 2594 1468; baseline 0.001 -31"><span class='ocrx_word' id='word_1_74' title='bbox 366 1366 646 1441; x_wconf 81' lang='lat' dir='ltr'>formam</span> <span class='ocrx_word' id='word_1_75' title='bbox 711 1368 1110 1441; x_wconf 84' lang='lat' dir='ltr'>sacramenti</span> <span class='ocrx_word' id='word_1_76' title='bbox 1164 1368 1460 1468; x_wconf 87' lang='lat' dir='ltr'>recipere</span> <span class='ocrx_word' id='word_1_77' title='bbox 1512 1367 1771 1466; x_wconf 84' lang='lat' dir='ltr'>nequit.</span> <span class='ocrx_word' id='word_1_78' title='bbox 1828 1367 1995 1439; x_wconf 90' lang='lat' dir='ltr'>Cum</span> <span class='ocrx_word' id='word_1_79' title='bbox 2039 1424 2054 1455; x_wconf 92' lang='lat'>,</span> <span class='ocrx_word' id='word_1_80' title='bbox 2128 1367 2403 1466; x_wconf 91' lang='lat' dir='ltr'>inquam</span> <span class='ocrx_word' id='word_1_81' title='bbox 2443 1423 2461 1454; x_wconf 90' lang='lat'>‚</span> <span class='ocrx_word' id='word_1_82' title='bbox 2522 1367 2594 1439; x_wconf 92' lang='lat' dir='ltr'>id</span> 
     </span>
     <span class='ocr_line' id='line_1_10' title="bbox 365 1480 2592 1582; baseline 0 -28"><span class='ocrx_word' id='word_1_83' title='bbox 365 1481 687 1556; x_wconf 83' lang='lat' dir='ltr'>Camillus</span> <span class='ocrx_word' id='word_1_84' title='bbox 729 1482 1137 1582; x_wconf 81' lang='lat' dir='ltr'>Campegius</span> <span class='ocrx_word' id='word_1_85' title='bbox 1193 1483 1700 1582; x_wconf 89' lang='lat' dir='ltr'>proposuisset,</span> <span class='ocrx_word' id='word_1_86' title='bbox 1760 1481 1846 1555; x_wconf 89' lang='lat' dir='ltr'>ab</span> <span class='ocrx_word' id='word_1_87' title='bbox 1894 1481 2184 1555; x_wconf 85' lang='lat' dir='ltr'>Antonio</span> <span class='ocrx_word' id='word_1_88' title='bbox 2232 1497 2458 1554; x_wconf 91' lang='lat' dir='ltr'>tamen</span> <span class='ocrx_word' id='word_1_89' title='bbox 2491 1480 2592 1554; x_wconf 86' lang='lat' dir='ltr'>De</span> 
     </span>
     <span class='ocr_line' id='line_1_11' title="bbox 365 1598 2588 1703; baseline 0.003 -35"><span class='ocrx_word' id='word_1_90' title='bbox 365 1598 541 1672; x_wconf 86' lang='lat' dir='ltr'>Solis</span> <span class='ocrx_word' id='word_1_91' title='bbox 564 1657 580 1687; x_wconf 93' lang='lat'>,</span> <span class='ocrx_word' id='word_1_92' title='bbox 616 1600 732 1699; x_wconf 91' lang='lat' dir='ltr'>qui</span> <span class='ocrx_word' id='word_1_93' title='bbox 761 1601 1063 1700; x_wconf 86' lang='lat' dir='ltr'>proxime</span> <span class='ocrx_word' id='word_1_94' title='bbox 1100 1602 1365 1675; x_wconf 88' lang='lat' dir='ltr'>locutus</span> <span class='ocrx_word' id='word_1_95' title='bbox 1404 1618 1545 1690; x_wconf 88' lang='lat' dir='ltr'>est,</span> <span class='ocrx_word' id='word_1_96' title='bbox 1590 1603 1652 1674; x_wconf 90' lang='lat' dir='ltr'>ei</span> <span class='ocrx_word' id='word_1_97' title='bbox 1692 1603 2177 1677; x_wconf 87' lang='lat' dir='ltr'>contradictum</span> <span class='ocrx_word' id='word_1_98' title='bbox 2213 1618 2357 1677; x_wconf 87' lang='lat' dir='ltr'>est:</span> <span class='ocrx_word' id='word_1_99' title='bbox 2399 1602 2588 1703; x_wconf 87' lang='lat' dir='ltr'>quia,</span> 
     </span>
     <span class='ocr_line' id='line_1_12' title="bbox 364 1713 2597 1813; baseline 0.003 -29"><span class='ocrx_word' id='word_1_100' title='bbox 364 1713 713 1813; x_wconf 86' lang='lat' dir='ltr'>inquiebat</span> <span class='ocrx_word' id='word_1_101' title='bbox 760 1715 910 1802; x_wconf 87' lang='lat' dir='ltr'>ille,</span> <span class='ocrx_word' id='word_1_102' title='bbox 956 1717 1015 1789; x_wconf 89' lang='lat' dir='ltr'>si</span> <span class='ocrx_word' id='word_1_103' title='bbox 1051 1742 1132 1790; x_wconf 92' lang='lat' dir='ltr'>ea</span> <span class='ocrx_word' id='word_1_104' title='bbox 1169 1717 1425 1791; x_wconf 89' lang='lat' dir='ltr'>ratione</span> <span class='ocrx_word' id='word_1_105' title='bbox 1478 1717 1897 1791; x_wconf 86' lang='lat' dir='ltr'>irritarentur</span> <span class='ocrx_word' id='word_1_106' title='bbox 1943 1717 2368 1791; x_wconf 90' lang='lat' dir='ltr'>matrimonia</span> <span class='ocrx_word' id='word_1_107' title='bbox 2415 1716 2597 1791; x_wconf 81' lang='lat' dir='ltr'>clan-</span> 
     </span>
     <span class='ocr_line' id='line_1_13' title="bbox 365 1827 2593 1931; baseline 0.002 -30"><span class='ocrx_word' id='word_1_108' title='bbox 365 1827 635 1904; x_wconf 85' lang='lat' dir='ltr'>destina</span> <span class='ocrx_word' id='word_1_109' title='bbox 668 1889 683 1917; x_wconf 86' lang='lat'>‚</span> <span class='ocrx_word' id='word_1_110' title='bbox 733 1832 1066 1905; x_wconf 89' lang='lat' dir='ltr'>eiusmodi</span> <span class='ocrx_word' id='word_1_111' title='bbox 1120 1849 1500 1907; x_wconf 87' lang='lat' dir='ltr'>contractus</span> <span class='ocrx_word' id='word_1_112' title='bbox 1551 1834 1767 1905; x_wconf 80' lang='lat' dir='ltr'>nullos</span> <span class='ocrx_word' id='word_1_113' title='bbox 1816 1834 2030 1931; x_wconf 83' lang='lat' dir='ltr'>facere</span> <span class='ocrx_word' id='word_1_114' title='bbox 2080 1832 2438 1931; x_wconf 74' lang='lat' dir='ltr'>pertineret</span> <span class='ocrx_word' id='word_1_115' title='bbox 2502 1830 2593 1905; x_wconf 88' lang='lat' dir='ltr'>ad</span> 
     </span>
     <span class='ocr_line' id='line_1_14' title="bbox 371 1944 2594 2044; baseline 0.002 -29"><span class='ocrx_word' id='word_1_116' title='bbox 371 1944 539 2041; x_wconf 76' lang='lat' dir='ltr'>leqes</span> <span class='ocrx_word' id='word_1_117' title='bbox 590 1960 651 2017; x_wconf 90' lang='lat' dir='ltr'>et</span> <span class='ocrx_word' id='word_1_118' title='bbox 697 1948 1125 2042; x_wconf 66' lang='lat' dir='ltr'>magistratus</span> <span class='ocrx_word' id='word_1_119' title='bbox 1175 1948 1543 2018; x_wconf 82' lang='lat' dir='ltr'>seculares:</span> <span class='ocrx_word' id='word_1_120' title='bbox 1596 1973 1797 2044; x_wconf 86' lang='lat' dir='ltr'>quare</span> <span class='ocrx_word' id='word_1_121' title='bbox 1857 1945 2219 2019; x_wconf 83' lang='lat' dir='ltr'>cavendum</span> <span class='ocrx_word' id='word_1_122' title='bbox 2280 1962 2374 2019; x_wconf 86' lang='lat' dir='ltr'>est</span> <span class='ocrx_word' id='word_1_123' title='bbox 2433 1946 2594 2019; x_wconf 84' lang='lat' dir='ltr'>dili-</span> 
     </span>
     <span class='ocr_line' id='line_1_15' title="bbox 372 2058 2596 2153; baseline 0.003 -26"><span class='ocrx_word' id='word_1_124' title='bbox 372 2071 594 2153; x_wconf 76' lang='lat' dir='ltr'>qenter</span> <span class='ocrx_word' id='word_1_125' title='bbox 623 2112 642 2141; x_wconf 88' lang='lat'><em>,</em></span> <span class='ocrx_word' id='word_1_126' title='bbox 701 2085 779 2128; x_wconf 91' lang='lat' dir='ltr'>ne</span> <span class='ocrx_word' id='word_1_127' title='bbox 832 2058 990 2129; x_wconf 88' lang='lat' dir='ltr'>dum</span> <span class='ocrx_word' id='word_1_128' title='bbox 1052 2060 1353 2131; x_wconf 84' lang='lat' dir='ltr'>ecclesiae</span> <span class='ocrx_word' id='word_1_129' title='bbox 1403 2063 1856 2132; x_wconf 85' lang='lat' dir='ltr'>auctoritatem</span> <span class='ocrx_word' id='word_1_130' title='bbox 1902 2061 2316 2132; x_wconf 74' lang='lat' dir='ltr'>rescindendi</span> <span class='ocrx_word' id='word_1_131' title='bbox 2362 2063 2596 2134; x_wconf 84' lang='lat' dir='ltr'>matri-</span> 
     </span>
     <span class='ocr_line' id='line_1_16' title="bbox 367 2171 2594 2274; baseline 0.003 -33"><span class='ocrx_word' id='word_1_132' title='bbox 367 2173 655 2243; x_wconf 79' lang='lat' dir='ltr'>monium</span> <span class='ocrx_word' id='word_1_133' title='bbox 703 2171 1182 2244; x_wconf 78' lang='lat' dir='ltr'>clandestinum</span> <span class='ocrx_word' id='word_1_134' title='bbox 1229 2173 1468 2245; x_wconf 83' lang='lat' dir='ltr'>vellent</span> <span class='ocrx_word' id='word_1_135' title='bbox 1518 2174 1852 2246; x_wconf 81' lang='lat' dir='ltr'>concedere</span> <span class='ocrx_word' id='word_1_136' title='bbox 1882 2230 1901 2259; x_wconf 88' lang='lat'><em>,</em></span> <span class='ocrx_word' id='word_1_137' title='bbox 1960 2201 2103 2246; x_wconf 85' lang='lat' dir='ltr'>eam</span> <span class='ocrx_word' id='word_1_138' title='bbox 2150 2177 2373 2273; x_wconf 85' lang='lat' dir='ltr'>potius</span> <span class='ocrx_word' id='word_1_139' title='bbox 2416 2190 2594 2274; x_wconf 88' lang='lat' dir='ltr'>pote-</span> 
     </span>
     <span class='ocr_line' id='line_1_17' title="bbox 371 2285 2591 2384; baseline 0.002 -27"><span class='ocrx_word' id='word_1_140' title='bbox 371 2286 536 2357; x_wconf 81' lang='lat' dir='ltr'>stati</span> <span class='ocrx_word' id='word_1_141' title='bbox 583 2285 913 2358; x_wconf 84' lang='lat' dir='ltr'>saeculari</span> <span class='ocrx_word' id='word_1_142' title='bbox 934 2289 1402 2384; x_wconf 81' lang='lat' dir='ltr'>permitterent.</span> <span class='ocrx_word' id='word_1_143' title='bbox 1438 2289 1742 2361; x_wconf 88' lang='lat' dir='ltr'>Attamen</span> <span class='ocrx_word' id='word_1_144' title='bbox 1779 2288 1849 2359; x_wconf 92' lang='lat' dir='ltr'>id</span> <span class='ocrx_word' id='word_1_145' title='bbox 1884 2288 2058 2360; x_wconf 88' lang='lat' dir='ltr'>dixit</span> <span class='ocrx_word' id='word_1_146' title='bbox 2090 2289 2415 2376; x_wconf 86' lang='lat' dir='ltr'>Solisius,</span> <span class='ocrx_word' id='word_1_147' title='bbox 2459 2314 2591 2363; x_wconf 88' lang='lat' dir='ltr'>non</span> 
     </span>
     <span class='ocr_line' id='line_1_18' title="bbox 368 2400 2588 2504; baseline 0.002 -31"><span class='ocrx_word' id='word_1_148' title='bbox 368 2426 505 2499; x_wconf 91' lang='lat' dir='ltr'>quo</span> <span class='ocrx_word' id='word_1_149' title='bbox 543 2400 919 2476; x_wconf 75' lang='lat' dir='ltr'>vindicaret</span> <span class='ocrx_word' id='word_1_150' title='bbox 968 2402 1394 2501; x_wconf 87' lang='lat' dir='ltr'>principibus</span> <span class='ocrx_word' id='word_1_151' title='bbox 1446 2402 1864 2477; x_wconf 85' lang='lat' dir='ltr'>secularibus</span> <span class='ocrx_word' id='word_1_152' title='bbox 1916 2403 2092 2477; x_wconf 85' lang='lat' dir='ltr'>hanc</span> <span class='ocrx_word' id='word_1_153' title='bbox 2143 2404 2535 2504; x_wconf 86' lang='lat' dir='ltr'>potestatem</span> <span class='ocrx_word' id='word_1_154' title='bbox 2570 2461 2588 2491; x_wconf 90' lang='lat'>‚</span> 
     </span>
     <span class='ocr_line' id='line_1_19' title="bbox 369 2515 2597 2619; baseline 0.004 -33"><span class='ocrx_word' id='word_1_155' title='bbox 369 2515 505 2589; x_wconf 90' lang='lat' dir='ltr'>imo</span> <span class='ocrx_word' id='word_1_156' title='bbox 542 2515 704 2615; x_wconf 88' lang='lat' dir='ltr'>quia</span> <span class='ocrx_word' id='word_1_157' title='bbox 738 2515 867 2590; x_wconf 91' lang='lat' dir='ltr'>hoc</span> <span class='ocrx_word' id='word_1_158' title='bbox 901 2532 1246 2616; x_wconf 88' lang='lat' dir='ltr'>tamquam</span> <span class='ocrx_word' id='word_1_159' title='bbox 1297 2517 1665 2591; x_wconf 87' lang='lat' dir='ltr'>absurdum</span> <span class='ocrx_word' id='word_1_160' title='bbox 1720 2518 1980 2619; x_wconf 87' lang='lat' dir='ltr'>aliquid</span> <span class='ocrx_word' id='word_1_161' title='bbox 2032 2546 2113 2592; x_wconf 83' lang='lat' dir='ltr'>ex</span> <span class='ocrx_word' id='word_1_162' title='bbox 2156 2520 2597 2618; x_wconf 79' lang='lat' dir='ltr'>campegiana</span> 
     </span>
     <span class='ocr_line' id='line_1_20' title="bbox 367 2630 2587 2735; baseline 0.002 -32"><span class='ocrx_word' id='word_1_163' title='bbox 367 2630 827 2733; x_wconf 80' lang='lat' dir='ltr'>disputatione</span> <span class='ocrx_word' id='word_1_164' title='bbox 861 2634 1053 2733; x_wconf 86' lang='lat' dir='ltr'>sequi</span> <span class='ocrx_word' id='word_1_165' title='bbox 1091 2633 1368 2734; x_wconf 87' lang='lat' dir='ltr'>putabat</span> <span class='ocrx_word' id='word_1_166' title='bbox 1418 2645 1448 2728; x_wconf 88' lang='lat'><em>(</em></span> <span class='ocrx_word' id='word_1_167' title='bbox 1474 2635 1864 2720; x_wconf 82' lang='lat' dir='ltr'>cavendum,</span> <span class='ocrx_word' id='word_1_168' title='bbox 1907 2636 2162 2735; x_wconf 86' lang='lat' dir='ltr'>inquit,</span> <span class='ocrx_word' id='word_1_169' title='bbox 2208 2635 2587 2734; x_wconf 58' lang='lat' dir='ltr'>diliqenten</span> 
     </span>
     <span class='ocr_line' id='line_1_21' title="bbox 367 2746 2595 2823; baseline 0.002 -5"><span class='ocrx_word' id='word_1_170' title='bbox 367 2772 445 2819; x_wconf 83' lang='lat' dir='ltr'>ne</span> <span class='ocrx_word' id='word_1_171' title='bbox 478 2746 634 2818; x_wconf 88' lang='lat' dir='ltr'>dum</span> <span class='ocrx_word' id='word_1_172' title='bbox 675 2749 979 2821; x_wconf 84' lang='lat' dir='ltr'>ecclesiae</span> <span class='ocrx_word' id='word_1_173' title='bbox 1018 2751 1472 2821; x_wconf 87' lang='lat' dir='ltr'>auctoritatem</span> <span class='ocrx_word' id='word_1_174' title='bbox 1498 2749 1914 2822; x_wconf 81' lang='lat' dir='ltr'>rescindendi</span> <span class='ocrx_word' id='word_1_175' title='bbox 1946 2752 2434 2823; x_wconf 74' lang='lat' dir='ltr'>matrimonium</span> <span class='ocrx_word' id='word_1_176' title='bbox 2463 2750 2595 2823; x_wconf 61' lang='lat' dir='ltr'>vet</span> 
     </span>
     <span class='ocr_line' id='line_1_22' title="bbox 372 2861 2587 2964; baseline 0.003 -32"><span class='ocrx_word' id='word_1_177' title='bbox 372 2861 504 2933; x_wconf 77' lang='lat' dir='ltr'>lent</span> <span class='ocrx_word' id='word_1_178' title='bbox 553 2863 927 2948; x_wconf 83' lang='lat' dir='ltr'>concedere,</span> <span class='ocrx_word' id='word_1_179' title='bbox 970 2890 1113 2936; x_wconf 89' lang='lat' dir='ltr'>eam</span> <span class='ocrx_word' id='word_1_180' title='bbox 1143 2866 1366 2962; x_wconf 87' lang='lat' dir='ltr'>potius</span> <span class='ocrx_word' id='word_1_181' title='bbox 1402 2867 1717 2962; x_wconf 79' lang='lat' dir='ltr'>potestati</span> <span class='ocrx_word' id='word_1_182' title='bbox 1752 2865 2040 2936; x_wconf 85' lang='lat' dir='ltr'>seculari</span> <span class='ocrx_word' id='word_1_183' title='bbox 2070 2869 2587 2964; x_wconf 79' lang='lat' dir='ltr'>permitterent),</span> 
     </span>
     <span class='ocr_line' id='line_1_23' title="bbox 372 2977 2595 3082; baseline 0.003 -32"><span class='ocrx_word' id='word_1_184' title='bbox 372 2977 553 3077; x_wconf 84' lang='lat' dir='ltr'>quod</span> <span class='ocrx_word' id='word_1_185' title='bbox 604 2992 824 3051; x_wconf 87' lang='lat' dir='ltr'>tamen</span> <span class='ocrx_word' id='word_1_186' title='bbox 877 2980 1152 3054; x_wconf 89' lang='lat' dir='ltr'>minime</span> <span class='ocrx_word' id='word_1_187' title='bbox 1206 2981 1399 3081; x_wconf 87' lang='lat' dir='ltr'>sequi</span> <span class='ocrx_word' id='word_1_188' title='bbox 1451 3007 1530 3054; x_wconf 84' lang='lat' dir='ltr'>ex</span> <span class='ocrx_word' id='word_1_189' title='bbox 1584 2980 1704 3053; x_wconf 88' lang='lat' dir='ltr'>illa</span> <span class='ocrx_word' id='word_1_190' title='bbox 1745 2981 2090 3080; x_wconf 81' lang='lat' dir='ltr'>Campegii</span> <span class='ocrx_word' id='word_1_191' title='bbox 2137 2981 2595 3082; x_wconf 88' lang='lat' dir='ltr'>speculatione</span> 
     </span>
     <span class='ocr_line' id='line_1_24' title="bbox 373 3092 2596 3194; baseline 0.003 -31"><span class='ocrx_word' id='word_1_192' title='bbox 373 3092 697 3165; x_wconf 82' lang='lat' dir='ltr'>iudicavit</span> <span class='ocrx_word' id='word_1_193' title='bbox 744 3093 1101 3166; x_wconf 90' lang='lat' dir='ltr'>concilium</span> <span class='ocrx_word' id='word_1_194' title='bbox 1128 3153 1143 3182; x_wconf 85' lang='lat'>‚</span> <span class='ocrx_word' id='word_1_195' title='bbox 1201 3112 1276 3168; x_wconf 90' lang='lat' dir='ltr'>ut</span> <span class='ocrx_word' id='word_1_196' title='bbox 1325 3097 1566 3170; x_wconf 83' lang='lat' dir='ltr'>fatetur</span> <span class='ocrx_word' id='word_1_197' title='bbox 1614 3096 1762 3194; x_wconf 90' lang='lat' dir='ltr'>ipse</span> <span class='ocrx_word' id='word_1_198' title='bbox 1813 3098 2174 3182; x_wconf 89' lang='lat' dir='ltr'>Launoius,</span> <span class='ocrx_word' id='word_1_199' title='bbox 2234 3100 2344 3169; x_wconf 89' lang='lat' dir='ltr'>cui</span> <span class='ocrx_word' id='word_1_200' title='bbox 2396 3101 2596 3194; x_wconf 90' lang='lat' dir='ltr'>(con-</span> 
     </span>
    </p>

    <p class='ocr_par' dir='ltr' id='par_1_2' title="bbox 288 3207 2600 4229">
     <span class='ocr_line' id='line_1_25' title="bbox 370 3207 2596 3308; baseline 0.002 -28"><span class='ocrx_word' id='word_1_201' title='bbox 370 3207 565 3303; x_wconf 90' lang='lat' dir='ltr'>cilio)</span> <span class='ocrx_word' id='word_1_202' title='bbox 611 3210 912 3281; x_wconf 84' lang='lat' dir='ltr'>inventus</span> <span class='ocrx_word' id='word_1_203' title='bbox 958 3236 1001 3282; x_wconf 85' lang='lat' dir='ltr'>a</span> <span class='ocrx_word' id='word_1_204' title='bbox 1039 3212 1385 3308; x_wconf 77' lang='lat' dir='ltr'>Campeqio</span> <span class='ocrx_word' id='word_1_205' title='bbox 1436 3212 1849 3283; x_wconf 86' lang='lat' dir='ltr'>rescindendi</span> <span class='ocrx_word' id='word_1_206' title='bbox 1894 3213 2297 3284; x_wconf 86' lang='lat' dir='ltr'>matrimonii</span> <span class='ocrx_word' id='word_1_207' title='bbox 2334 3211 2596 3284; x_wconf 86' lang='lat' dir='ltr'>clande—</span> 
     </span>
     <span class='ocr_line' id='line_1_26' title="bbox 288 3315 2596 3426; baseline 0.003 -32"><span class='ocrx_word' id='word_1_208' title='bbox 288 3315 299 3320; x_wconf 43' lang='grc'><em>”</em></span> <span class='ocrx_word' id='word_1_209' title='bbox 372 3326 537 3395; x_wconf 85' lang='lat' dir='ltr'>stini</span> <span class='ocrx_word' id='word_1_210' title='bbox 583 3324 810 3396; x_wconf 85' lang='lat' dir='ltr'>modus</span> <span class='ocrx_word' id='word_1_211' title='bbox 862 3327 1118 3397; x_wconf 85' lang='lat' dir='ltr'>omnino</span> <span class='ocrx_word' id='word_1_212' title='bbox 1161 3327 1453 3424; x_wconf 78' lang='lat' dir='ltr'>placuit,</span> <span class='ocrx_word' id='word_1_213' title='bbox 1505 3330 1771 3426; x_wconf 82' lang='lat' dir='ltr'>insuper</span> <span class='ocrx_word' id='word_1_214' title='bbox 1811 3328 2053 3399; x_wconf 82' lang='lat' dir='ltr'>habitis</span> <span class='ocrx_word' id='word_1_215' title='bbox 2096 3352 2261 3425; x_wconf 89' lang='lat' dir='ltr'>quae</span> <span class='ocrx_word' id='word_1_216' title='bbox 2318 3328 2596 3401; x_wconf 59' lang='lat' dir='ltr'>Solzsius</span> 
     </span>
     <span class='ocr_line' id='line_1_27' title="bbox 375 3438 2600 3539; baseline 0.003 -30"><span class='ocrx_word' id='word_1_217' title='bbox 375 3453 600 3510; x_wconf 85' lang='lat' dir='ltr'>contra</span> <span class='ocrx_word' id='word_1_218' title='bbox 650 3438 1069 3512; x_wconf 83' lang='lat' dir='ltr'>disseruerat.</span> <span class='ocrx_word' id='word_1_219' title='bbox 1128 3440 1516 3513; x_wconf 85' lang='lat' dir='ltr'>Iudicarunt</span> <span class='ocrx_word' id='word_1_220' title='bbox 1565 3458 1629 3514; x_wconf 94' lang='lat' dir='ltr'>et</span> <span class='ocrx_word' id='word_1_221' title='bbox 1679 3441 1855 3539; x_wconf 79' lang='lat' dir='ltr'>regis</span> <span class='ocrx_word' id='word_1_222' title='bbox 1906 3441 2470 3514; x_wconf 88' lang='lat' dir='ltr'>Christianissimi</span> <span class='ocrx_word' id='word_1_223' title='bbox 2532 3457 2600 3515; x_wconf 83' lang='lat' dir='ltr'>et</span> 
     </span>
     <span class='ocr_line' id='line_1_28' title="bbox 373 3552 2596 3656; baseline 0.002 -32"><span class='ocrx_word' id='word_1_224' title='bbox 373 3552 658 3625; x_wconf 88' lang='lat' dir='ltr'>aliorum</span> <span class='ocrx_word' id='word_1_225' title='bbox 713 3556 1095 3656; x_wconf 88' lang='lat' dir='ltr'>principum</span> <span class='ocrx_word' id='word_1_226' title='bbox 1147 3571 1441 3630; x_wconf 88' lang='lat' dir='ltr'>oratores</span> <span class='ocrx_word' id='word_1_227' title='bbox 1464 3614 1479 3642; x_wconf 90' lang='lat'>,</span> <span class='ocrx_word' id='word_1_228' title='bbox 1538 3555 1654 3656; x_wconf 88' lang='lat' dir='ltr'>qui</span> <span class='ocrx_word' id='word_1_229' title='bbox 1709 3583 1828 3656; x_wconf 88' lang='lat' dir='ltr'>per</span> <span class='ocrx_word' id='word_1_230' title='bbox 1875 3557 2003 3630; x_wconf 90' lang='lat' dir='ltr'>hoc</span> <span class='ocrx_word' id='word_1_231' title='bbox 2053 3571 2518 3653; x_wconf 80' lang='lat' dir='ltr'>argumentum</span> <span class='ocrx_word' id='word_1_232' title='bbox 2554 3577 2596 3629; x_wconf 87' lang='lat' dir='ltr'>a</span> 
     </span>
     <span class='ocr_line' id='line_1_29' title="bbox 374 3666 2597 3770; baseline 0.003 -33"><span class='ocrx_word' id='word_1_233' title='bbox 374 3666 618 3742; x_wconf 91' lang='lat' dir='ltr'>Solisio</span> <span class='ocrx_word' id='word_1_234' title='bbox 654 3672 1069 3770; x_wconf 86' lang='lat' dir='ltr'>propositum</span> <span class='ocrx_word' id='word_1_235' title='bbox 1107 3673 1373 3745; x_wconf 86' lang='lat' dir='ltr'>excitati</span> <span class='ocrx_word' id='word_1_236' title='bbox 1417 3673 1695 3744; x_wconf 88' lang='lat' dir='ltr'>minime</span> <span class='ocrx_word' id='word_1_237' title='bbox 1731 3672 1996 3745; x_wconf 85' lang='lat' dir='ltr'>fuerunt</span> <span class='ocrx_word' id='word_1_238' title='bbox 2044 3673 2129 3745; x_wconf 89' lang='lat' dir='ltr'>ad</span> <span class='ocrx_word' id='word_1_239' title='bbox 2183 3672 2379 3744; x_wconf 89' lang='lat' dir='ltr'>istam</span> <span class='ocrx_word' id='word_1_240' title='bbox 2418 3672 2597 3770; x_wconf 84' lang='lat' dir='ltr'>prin-</span> 
     </span>
     <span class='ocr_line' id='line_1_30' title="bbox 374 3785 2596 3887; baseline 0.002 -30"><span class='ocrx_word' id='word_1_241' title='bbox 374 3785 642 3883; x_wconf 90' lang='lat' dir='ltr'>cipibus</span> <span class='ocrx_word' id='word_1_242' title='bbox 694 3787 839 3859; x_wconf 88' lang='lat' dir='ltr'>suis</span> <span class='ocrx_word' id='word_1_243' title='bbox 893 3803 1289 3886; x_wconf 85' lang='lat' dir='ltr'>potestatem</span> <span class='ocrx_word' id='word_1_244' title='bbox 1342 3789 1815 3862; x_wconf 82' lang='lat' dir='ltr'>vindicandam</span> <span class='ocrx_word' id='word_1_245' title='bbox 1841 3847 1856 3875; x_wconf 90' lang='lat'>‚</span> <span class='ocrx_word' id='word_1_246' title='bbox 1899 3789 2079 3887; x_wconf 91' lang='lat' dir='ltr'>quod</span> <span class='ocrx_word' id='word_1_247' title='bbox 2117 3788 2348 3886; x_wconf 89' lang='lat' dir='ltr'>procul</span> <span class='ocrx_word' id='word_1_248' title='bbox 2390 3787 2596 3862; x_wconf 89' lang='lat' dir='ltr'>dubio</span> 
     </span>
     <span class='ocr_line' id='line_1_31' title="bbox 375 3900 2593 4004; baseline 0.002 -33"><span class='ocrx_word' id='word_1_249' title='bbox 375 3900 594 3974; x_wconf 83' lang='lat' dir='ltr'>facere</span> <span class='ocrx_word' id='word_1_250' title='bbox 645 3902 954 3978; x_wconf 89' lang='lat' dir='ltr'>homines</span> <span class='ocrx_word' id='word_1_251' title='bbox 1007 3906 1091 3978; x_wconf 89' lang='lat' dir='ltr'>ad</span> <span class='ocrx_word' id='word_1_252' title='bbox 1144 3906 1370 3979; x_wconf 86' lang='lat' dir='ltr'>civilia</span> <span class='ocrx_word' id='word_1_253' title='bbox 1411 3907 1561 3977; x_wconf 90' lang='lat' dir='ltr'>iura</span> <span class='ocrx_word' id='word_1_254' title='bbox 1605 3904 1854 3977; x_wconf 87' lang='lat' dir='ltr'>tuenda</span> <span class='ocrx_word' id='word_1_255' title='bbox 1907 3930 2175 4004; x_wconf 88' lang='lat' dir='ltr'>semper</span> <span class='ocrx_word' id='word_1_256' title='bbox 2225 3903 2593 4002; x_wconf 85' lang='lat' dir='ltr'>experrecti</span> 
     </span>
     <span class='ocr_line' id='line_1_32' title="bbox 376 4018 2596 4121; baseline 0.003 -35"><span class='ocrx_word' id='word_1_257' title='bbox 376 4041 509 4089; x_wconf 91' lang='lat' dir='ltr'>non</span> <span class='ocrx_word' id='word_1_258' title='bbox 557 4018 980 4106; x_wconf 87' lang='lat' dir='ltr'>omisissent,</span> <span class='ocrx_word' id='word_1_259' title='bbox 1024 4023 1080 4093; x_wconf 90' lang='lat' dir='ltr'>si</span> <span class='ocrx_word' id='word_1_260' title='bbox 1121 4022 1312 4121; x_wconf 89' lang='lat' dir='ltr'>paria</span> <span class='ocrx_word' id='word_1_261' title='bbox 1362 4047 1512 4092; x_wconf 90' lang='lat' dir='ltr'>cum</span> <span class='ocrx_word' id='word_1_262' title='bbox 1564 4020 1942 4118; x_wconf 87' lang='lat' dir='ltr'>Spalatensi</span> <span class='ocrx_word' id='word_1_263' title='bbox 1983 4021 2410 4120; x_wconf 86' lang='lat' dir='ltr'>Launoioque</span> <span class='ocrx_word' id='word_1_264' title='bbox 2444 4046 2596 4093; x_wconf 86' lang='lat' dir='ltr'>sen-</span> 
     </span>
     <span class='ocr_line' id='line_1_33' title="bbox 376 4132 1783 4229; baseline 0.001 -26"><span class='ocrx_word' id='word_1_265' title='bbox 376 4132 702 4207; x_wconf 88' lang='lat' dir='ltr'>sissent.»</span> <span class='ocrx_word' id='word_1_266' title='bbox 738 4133 1075 4209; x_wconf 86' lang='lat' dir='ltr'>Hactenus</span> <span class='ocrx_word' id='word_1_267' title='bbox 1126 4137 1521 4210; x_wconf 88' lang='lat' dir='ltr'>Leullierius</span> <span class='ocrx_word' id='word_1_268' title='bbox 1559 4138 1783 4229; x_wconf 83' lang='lat'>(100).</span> 
     </span>
    </p>
   </div>
   <div class='ocr_carea' id='block_1_2' title="bbox 379 4320 2590 4461">
    <p class='ocr_par' dir='ltr' id='par_1_3' title="bbox 379 4320 2590 4461">
     <span class='ocr_line' id='line_1_34' title="bbox 379 4320 2590 4446; baseline -0.001 -73"><span class='ocrx_word' id='word_1_269' title='bbox 379 4395 397 4443; x_wconf 50' lang='grc' dir='ltr'>ί</span> <span class='ocrx_word' id='word_1_270' title='bbox 520 4320 653 4446; x_wconf 41' lang='lat' dir='ltr'>glou)</span> <span class='ocrx_word' id='word_1_271' title='bbox 687 4320 960 4373; x_wconf 77' lang='lat' dir='ltr'>Observat.</span> <span class='ocrx_word' id='word_1_272' title='bbox 981 4322 1135 4386; x_wconf 84' lang='lat' dir='ltr'>v1.§.</span> <span class='ocrx_word' id='word_1_273' title='bbox 1168 4330 1208 4374; x_wconf 82' lang='grc' dir='ltr'>ι.</span> <span class='ocrx_word' id='word_1_274' title='bbox 1232 4336 1340 4387; x_wconf 71' lang='lat' dir='ltr'>pag.</span> <span class='ocrx_word' id='word_1_275' title='bbox 1359 4329 1468 4373; x_wconf 79' lang='lat'><strong>212.</strong></span> <span class='ocrx_word' id='word_1_276' title='bbox 1491 4325 1620 4385; x_wconf 82' lang='lat' dir='ltr'>opp.</span> <span class='ocrx_word' id='word_1_277' title='bbox 1647 4322 1853 4372; x_wconf 68' lang='lat' dir='ltr'>Leunoi.</span> <span class='ocrx_word' id='word_1_278' title='bbox 1876 4321 2155 4373; x_wconf 81' lang='lat' dir='ltr'>ed.colon.</span> <span class='ocrx_word' id='word_1_279' title='bbox 2179 4320 2428 4384; x_wconf 74' lang='lat' dir='ltr'>Allobrog.</span> <span class='ocrx_word' id='word_1_280' title='bbox 2457 4324 2590 4372; x_wconf 74' lang='lat'><strong>17³2.</strong></span> 
     </span>
     <span class='ocr_line' id='line_1_35' title="bbox 399 4396 766 4461; baseline 0.011 -17"><span class='ocrx_word' id='word_1_281' title='bbox 399 4396 498 4445; x_wconf 84' lang='lat' dir='ltr'>omi</span> <span class='ocrx_word' id='word_1_282' title='bbox 591 4434 604 4447; x_wconf 91' lang='lat'><em>.</em></span> <span class='ocrx_word' id='word_1_283' title='bbox 628 4413 678 4461; x_wconf 83' lang='lat' dir='ltr'>p.</span> <span class='ocrx_word' id='word_1_284' title='bbox 705 4401 766 4452; x_wconf 84' lang='lat' dir='ltr'>u.</span> 
     </span>
    </p>
   </div>
  </div>
 </body>
</html>
