3276 5083
639 438 679 511 ί
1051 463 1172 516 m.
1218 467 1265 516 1.
1308 465 1478 518 secr.
1522 468 1567 516 r.
1613 466 1691 517 ne
1745 464 2006 519 uirum.
2050 467 2480 521 sicininum.

645 607 763 653 seu
826 581 953 655 sub
1014 583 1213 655 finem
1283 583 1490 657 seculi
1557 585 1630 657 V.
1688 584 1772 657 de
1820 612 1956 685 quo
2015 585 2332 686 peculiari
2394 588 2646 660 ratione
2706 611 2859 661 mox:

640 722 940 793 agemus.
1001 698 1270 771 Interim
1336 698 1926 773 animadvertimus
1980 701 2047 772 in
2096 701 2310 776 tribus
2367 702 2702 775 eiusmodi
2748 729 2863 776 or·-

635 812 910 885 dinibus
962 814 1455 888 matrimonium
1506 817 1845 915 conceptis
1894 816 2122 889 verbis
2157 832 2629 889 sacramentum
2678 844 2862 889 nun-

633 928 863 1027 cupari
898 932 1029 1024 (5).
1061 928 1163 1001 Ad
1198 928 1379 1027 quod
1414 946 1902 1003 sacramentum
1952 947 2295 1030 propterea
2327 931 2452 1003 rite
2487 931 2865 1030 suscipien-

548 1032 551 1035 “
632 1040 792 1112 dum
836 1032 908 1113 in
952 1040 1194 1114 iisdem
1259 1041 1497 1114 aliisve
1538 1041 1890 1116 ordinibus
1933 1043 2410 1143 praescribitur
2444 1060 2860 1142 peccator-nm

634 1156 942 1252 consessio
992 1157 1123 1250 (6).
1178 1155 1277 1227 Ex
1333 1153 1445 1229 his
1503 1180 1660 1228 vero
1710 1154 2061 1228 ritualibus
2096 1213 2112 1243 ,
2178 1172 2295 1231 aut
2351 1156 2862 1255 pontificalibus

633 1267 953 1340 nonnulla
1002 1282 1157 1340 ante
1196 1268 1562 1365 octigentos
1579 1324 1596 1353 ,
1648 1283 2017 1365 nongentos
2035 1325 2055 1356 ,
2091 1285 2208 1343 aut
2253 1270 2452 1343 etiam
2502 1269 2687 1343 mille
2735 1296 2860 1343 an-

632 1409 756 1457 nos
808 1399 1075 1461 exarata
1125 1400 1305 1457 sunt.

775 1497 1093 1572 Omnium
1131 1514 1349 1572 autem
1384 1497 1930 1598 antiquissimum
1965 1514 2070 1572 est
2093 1498 2370 1573 Missale
2400 1498 2848 1596 gelasianum,

631 1612 812 1711 quod
865 1613 1162 1689 omnium
1238 1612 1494 1714 primus
1559 1613 1859 1711 vulgavit
1907 1613 1976 1685 b.
2008 1614 2200 1687 card.
2256 1613 2698 1703 Thomasius‚
2759 1614 2863 1688 si-

630 1727 906 1827 mulque
953 1728 1153 1802 certis
1193 1729 1606 1827 argumentis
1648 1728 1942 1803 ostendit
1973 1731 2537 1803 Sacramentorum
2573 1730 2852 1815 libr-um,

630 1843 727 1915 uti
772 1843 1188 1931 inscribitur,
1243 1870 1307 1919 e.
1346 1844 1610 1918 Gelasio
1651 1869 1812 1918 vero
1843 1844 1995 1916 eius
2027 1844 2281 1918 auctori
2332 1843 2855 1918 adscribendum

629 1983 805 2032 esse.
862 1960 1097 2059 Itaque
1134 1960 1205 2032 in
1241 1959 1363 2034 lib.
1403 1961 1523 2032 111.
1562 1961 2125 2033 Sam-omentorum
2179 1986 2238 2033 s.
2280 1958 2528 2033 Gelasii
2568 1960 2861 2033 occurrit

628 2076 806 2146 Actio
854 2073 1196 2173 Nuptialt's
1214 2129 1232 2159 ,
1292 2074 1362 2146 id
1411 2091 1515 2149 est
1563 2074 1900 2147 celebritas
1949 2076 2328 2173 nuptiarum
2347 2130 2365 2158 ‚
2433 2098 2612 2174 quae
2671 2075 2858 2148 iuxta

627 2205 913 2263 veterem
954 2215 1203 2262 morem
1244 2190 1447 2263 fiebat
1486 2190 1660 2264 inter
1698 2189 2058 2263 missarum
2103 2188 2429 2262 solemnia
2472 2192 2612 2285 (7);
2663 2189 2732 2261 in
2773 2215 2856 2263 en

630 2306 846 2401 gratia
898 2306 1280 2406 exposcitur
1327 2322 1402 2379 ut
1450 2305 1778 2379 nubentes
1831 2304 2231 2391 sanctificet,
2275 2329 2528 2403 eosque
2578 2305 2857 2379 idoneos

629 2420 866 2493 reddat
908 2421 994 2494 ad
1030 2422 1264 2494 munia
1297 2421 1676 2518 coniugalis
1709 2437 1925 2495 status
1962 2420 2086 2493 rite
2118 2418 2462 2507 obeunda,
2505 2446 2679 2519 quae
2711 2445 2865 2518 gra-

628 2533 722 2608 tia
754 2550 860 2607 est
892 2533 1431 2621 sacramentalis;
1472 2561 1553 2608 ac
1591 2551 1937 2633 praeterea
1974 2533 2139 2631 leqes
2183 2531 2375 2605 datae
2407 2533 2727 2607 dicuntur
2751 2535 2861 2606 in·-

624 2651 856 2720 scitula
904 2649 1199 2745 suturae,
1242 2648 1309 2720 id
1361 2665 1467 2721 est
1513 2648 1681 2745 legis
1737 2674 1983 2734 novae,
2025 2673 2201 2746 quae
2233 2647 2550 2721 connubii
2588 2648 2859 2722 vincula

515 2811 518 2816 -
628 2762 715 2836 ad
767 2763 1224 2861 perfectiorem
1280 2778 1534 2836 statum
1594 2761 1872 2837 adduxit
1928 2765 2075 2857 (8);
2135 2778 2276 2834 tum
2324 2762 2427 2836 eis
2475 2764 2862 2837 communio

629 2877 1098 2953 distribuenda
1133 2878 1559 2979 praecipitur.
1595 2877 1784 2963 Quae
1818 2877 2091 2977 quidem
2124 2878 2350 2951 omnia
2385 2877 2606 2978 palam
2639 2895 2856 2952 osten·-

773 3047 840 3109 (5)
874 3045 1164 3096 Huiusmodi
1195 3048 1271 3096 est
1307 3046 1430 3096 ordo
1467 3048 1598 3097 xlv.
1631 3059 1691 3097 ex
1739 3046 1899 3097 rituali
1941 3046 2173 3097 leodiensi
2205 3047 2255 3095 in
2289 3053 2390 3108 quo
2424 3045 2631 3108 legitur:
2671 3045 2859 3095 «Ritus

626 3139 685 3182 ac
705 3126 867 3175 forma
900 3126 1184 3178 solemniter
1210 3125 1486 3176 celebrandi
1517 3129 1906 3184 memmium
1932 3128 2303 3180 matrimonii»
2319 3124 2442 3176 alter
2461 3124 2546 3188 qni
2567 3128 2641 3176 est
2665 3126 2775 3175 xli.
2794 3136 2860 3175 ea

622 3206 774 3256 veteri
805 3206 985 3257 Rituali
1015 3205 1300 3256 lemoviensi
1327 3206 1448 3256 baec
1477 3205 1649 3257 habet:
1689 3207 1910 3271 «incipit
1944 3206 2118 3256 modus
2139 3204 2512 3256 administrandi
2532 3206 2855 3256 matrimonii

620 3287 1303 3338 sacramentum.»Simiiiter
1322 3288 1500 3350 legitur
1521 3289 1572 3337 in
1591 3287 1765 3338 ordine
1784 3290 1890 3337 xv.
1907 3286 1969 3337 de
1988 3301 2088 3350 quo
2109 3300 2221 3337 mox
2243 3287 2420 3336 iterum
2441 3285 2673 3336 dicemus.
2687 3285 2862 3336 CLDe·

624 3370 857 3432 antiquis
894 3367 1075 3418 eccles.
1100 3366 1248 3417 ritib.
1269 3368 1357 3418 lib.
1379 3370 1419 3417 1.
1443 3380 1548 3430 par.
1574 3369 1635 3417 li.
1660 3380 1770 3430 cap.
1797 3369 1879 3416 lx.
1895 3370 1988 3416 art.
2013 3369 2075 3415 V.

775 3447 843 3511 (s)
884 3447 965 3497 Sic
983 3447 1034 3496 in
1056 3445 1233 3496 ordine
1255 3449 1383 3496 xlv.
1410 3466 1434 3490 α
1457 3446 1643 3496 Deinde
1668 3445 1827 3509 pridie
1843 3458 1991 3508 quam
2015 3458 2222 3509 sponsus
2242 3447 2292 3496 et
2310 3456 2487 3508 sponsa
2508 3446 2862 3494 rnamenta-

625 3528 749 3578 uter
770 3528 1090 3590 contrahant,
1112 3526 1371 3589 diligenter
1389 3539 1442 3576 se
1463 3526 1821 3590 praeparabant
1839 3526 1903 3576 ad
1925 3524 2302 3587 consessionem
2320 3523 2776 3574 mcrmnentalem.
2791 3526 2858 3574 ln

622 3609 794 3658 ordine
822 3622 939 3658 vero
959 3608 1165 3671 allegato
1185 3608 1290 3656 xv.
1315 3620 1373 3657 ex
1398 3606 1579 3657 Rituali
1601 3606 1912 3656 ambrosiano
1933 3605 2137 3656 dicitur:
2166 3608 2304 3669 «lpse
2321 3602 2561 3672 parcebas
2578 3615 2855 3654 mannent

624 3686 825 3736 habebit
852 3686 915 3736 de
937 3687 986 3736 vi
1005 3724 1019 3749 ,
1044 3685 1300 3737 sanctitate
1333 3688 1383 3736 et
1420 3685 1711 3736 ceremoniis
1750 3685 1909 3736 huius
1942 3685 2340 3735 ammenta...
2362 3693 2572 3745 sponsus
2596 3682 2650 3731 et
2676 3693 2855 3746 sponsa

627 3767 739 3816 ante
761 3765 1231 3816 consummationem
1260 3764 1595 3825 matrimonii,
1612 3767 1837 3829 peccata
1857 3762 2080 3825 consuat
2102 3765 2227 3813 etc.»
2245 3762 2321 3812 ct.
2342 3759 2471 3813 ibid..

778 3845 847 3908 (7)
880 3845 957 3894 ci'.
987 3847 1110 3896 Ven.
1128 3847 1234 3895 viri
1260 3843 1463 3906 loseplu
1481 3846 1687 3894 Mariae
1712 3842 1971 3893 Thema-rit
1984 3841 2111 3892 cler.
2126 3841 2297 3905 refut.
2314 3843 2365 3890 s.
2382 3842 2445 3890 R.
2466 3837 2857 3892 &cardinalis

622 3937 779 3988 opera
800 3926 979 3973 omnia
999 3923 1077 3974 ed.
1091 3926 1264 3974 Franc.
1279 3922 1476 3974 venosi
1497 3925 1681 3972 Romae
1703 3927 1838 3974 1751.
1855 3919 2270 3982 tom.Vl.Praes.
2286 3919 2409 3970 libri
2431 3923 2537 3974 tm
2552 3929 2851 3971 sacrmen-

624 4006 800 4053 tornm
821 4007 877 4052 R.
892 4005 955 4052 B.
969 4004 1158 4066 pag.11.
1182 4015 1319 4066 seqq.
1341 4004 1441 4052 Nec
1461 4014 1560 4051 non
1581 4004 1756 4052 Franc.
1772 4001 2047 4052 Venusini
2067 4012 2260 4051 novam
2286 3998 2562 4052 editionem
2582 3995 2860 4062 praefatio

622 4097 729 4149 pag.
753 4087 859 4134 xli.
885 4097 1021 4147 seqq.
1045 4083 1139 4132 Ubi
1169 4084 1212 4133 is
1238 4084 1474 4134 aduersus
1515 4085 1611 4134 lac.
1635 4083 1930 4146 Bannagium
1964 4094 2052 4144 pro
2093 4080 2386 4142 antiquitate
2422 4093 2514 4130 ma.
2550 4075 2851 4128 thomasiani

622 4165 857 4228 disputat.
881 4166 983 4214 iios
1014 4163 1146 4227 ipsos
1165 4176 1208 4213 a.
1226 4163 1405 4214 Geiasii
1430 4165 1844 4213 sacramentorum
1880 4161 2033 4211 libros
2061 4161 2230 4223 postea
2247 4174 2308 4211 ex
2329 4174 2422 4212 me.
2446 4157 2651 4211 remensi
2673 4158 2725 4208 et
2742 4156 2848 4220 gai·

620 4244 808 4294 lonensi
843 4256 924 4293 an.
944 4249 1054 4294 soc.
1072 4242 1337 4305 vulgarunt
1357 4244 1499 4306 nugo
1519 4241 1783 4293 Menenius
1805 4242 1856 4290 in
1879 4238 2087 4303 append.
2117 4239 2180 4290 ad
2216 4237 2643 4291 sacramentarium
2669 4249 2711 4286 a.
2733 4237 2857 4286 Gre-

620 4323 743 4388 gorii
766 4326 832 4374 Μ.
854 4325 904 4374 et
923 4322 1191 4374 Matienius
1220 4321 1258 4372 i.
1282 4334 1328 4371 c.

770 4404 843 4467 (8)
874 4405 1027 4454 Pront
1047 4401 1191 4452 docte
1210 4402 1413 4465 exponit
1430 4400 1693 4452 Menai-dns
1711 4401 1762 4450 in
1785 4402 1897 4450 noia
1922 4403 2056 4451 1134.
