3276 5083
656 410 793 481 410
1067 429 1189 481 m.
1232 427 1498 480 nster.
1539 427 1800 481 Atrans.
1843 428 1924 478 ns
1958 429 2220 482 aaran.
2263 430 2478 482 civim.

801 549 937 621 Nec
975 547 1174 620 refert
1207 561 1544 646 tamquam
1579 546 1798 643 legem
1850 547 2037 644 regni
2088 548 2461 625 admissam
2496 549 2710 627 fuisse
2744 553 2914 627 for-

659 688 835 738 mam
870 690 911 736 a
947 662 1307 737 tridentino
1358 662 1846 760 praescriptam
1899 663 1970 734 in
2020 662 2445 739 celebrandis
2495 668 2906 765 coniugiis;

656 778 999 879 siquidem
1036 777 1169 851 hoc
1209 803 1340 850 uon
1383 777 1667 875 impedit
1701 777 2064 876 quominus
2093 777 2309 853 forma
2335 778 2452 853 illa
2474 782 2618 854 vim
2641 781 2926 858 habat

655 921 851 969 suam
878 893 966 967 ab
991 892 1383 968 auctoritate
1409 892 1702 966 concilii.
1739 892 1870 967 Lex
1903 894 2140 992 utique
2171 893 2390 968 civilis
2429 895 2774 995 adoptavit
2800 923 2911 973 ae

657 1037 851 1085 suam
881 1009 1066 1083 illam
1093 1010 1373 1083 formam
1402 1008 1595 1095 fecit,
1635 1008 2019 1082 adiiciendo
2053 1010 2467 1087 sanctionem
2500 1027 2848 1087 externam
2875 1072 2898 1098 ,

655 1127 785 1224 legi
824 1124 911 1200 ab
953 1125 1243 1200 ecclesia
1290 1139 1576 1197 statutae
1628 1127 1805 1221 (93);
1845 1125 1915 1196 in
1950 1151 2085 1223 quo
2125 1124 2384 1199 nullum
2424 1143 2528 1201 est
2570 1128 2906 1203 inconve-

657 1242 880 1328 niens,
913 1241 1048 1314 imo
1072 1239 1441 1338 optandum
1469 1255 1692 1327 esset,
1725 1255 1799 1312 ut
1823 1239 2076 1338 ubique
2101 1238 2399 1317 locorum
2433 1242 2761 1339 gubernia
2786 1243 2900 1317 ita

660 1381 737 1429 se
771 1369 1116 1452 gererent;
1161 1369 1315 1426 tunc
1353 1352 1532 1424 enim
1567 1354 1923 1427 coniuncto
1966 1354 2233 1428 foedere
2265 1370 2552 1455 utraque
2586 1371 2900 1455 potestas

657 1468 1117 1544 ecclesiastica
1164 1482 1230 1543 et
1277 1466 1497 1541 civilis
1546 1493 1683 1540 uno
1734 1467 1957 1541 animo
2007 1468 2436 1543 coniurarent
2469 1469 2537 1543 in
2573 1470 2893 1545 subdito-

662 1594 808 1658 rfim
853 1583 1106 1657 bonum
1156 1582 1517 1655 efficaciter
1557 1582 2020 1656 obtinendum.
2071 1584 2373 1658 Potestas
2425 1586 2608 1659 enim
2660 1585 2892 1663 civilis

664 1727 825 1774 suas
872 1698 1180 1773 iaciendo
1229 1696 1555 1771 ecclesiae
1589 1696 1771 1795 leges
1801 1755 1816 1784 ,
1859 1697 2138 1772 illarum·
2161 1698 2698 1774 observationem
2736 1727 2888 1801 pro—

663 1815 934 1890 veheret
967 1829 1033 1887 et
1065 1829 1329 1912 urgeret
1370 1813 1763 1912 praesertim
1815 1840 2021 1912 penes
2066 1840 2183 1889 eos
2205 1873 2221 1901 ,
2263 1816 2382 1914 qui
2419 1816 2555 1891 fide
2586 1816 2879 1901 debiles,

665 1947 787 2004 aut
837 1928 1165 2002 increduli
1218 1955 1350 2001 non
1401 1943 1945 2026 permoverentur
1993 1927 2159 2002 solis
2209 1929 2675 2029 spiritualibus
2726 1956 2887 2004 cen-

663 2046 882 2132 suris;
934 2060 1232 2145 potestas
1276 2069 1432 2119 vero
1481 2042 1942 2117 ecclesiastica
1991 2044 2339 2118 induceret
2373 2044 2610 2121 fideles
2645 2047 2730 2123 ad
2767 2046 2887 2121 ob-

659 2160 1164 2261 temperandum
1204 2158 1384 2232 civili
1439 2160 1747 2257 potestati
1784 2185 1916 2233 non
1953 2159 2171 2233 solum
2206 2176 2478 2260 propter
2511 2161 2715 2247 iram,
2757 2162 2884 2235 sed

657 2385 737 2436 ius
758 2383 941 2435 decreti
964 2382 1112 2435 verba
1132 2383 1249 2431 sunt
1275 2382 1603 2445 insequentia:
1630 2381 1953 2433 «cardinales
1967 2419 1982 2444 ,
2009 2384 2389 2448 archiepiscopi,
2410 2384 2659 2449 episcopi,
2680 2386 2889 2449 praelati

655 2465 810 2516 etalii
831 2463 1143 2514 ecclesiastici
1178 2462 1272 2511 viri
1301 2464 1713 2524 repraesentantes
1735 2461 1922 2512 clerum
1946 2463 2226 2513 universum
2251 2465 2482 2514 Franciae
2499 2466 2773 2528 cougregati
2797 2480 2883 2516 an·

659 2548 841 2597 nuente
867 2557 1004 2608 rege,
1030 2541 1231 2594 Carisiis
1250 2544 1300 2594 in
1323 2546 1565 2593 conventu
1594 2543 2053 2605 augustinianorum
2068 2582 2082 2606 ‚
2107 2549 2219 2609 post
2242 2549 2486 2596 maturam
2508 2547 2640 2596 circa
2663 2547 2883 2611 publica·

658 2627 842 2677 tionem
863 2624 1061 2675 concilii
1081 2622 1331 2673 tridentini
1356 2622 1756 2675 deliberationem
1770 2660 1785 2685 ,
1818 2623 2114 2674 unanimiter
2141 2629 2447 2689 agnoverunt
2467 2626 2518 2675 et
2535 2625 2880 2689 declararunt,

654 2707 923 2770 agnoscunt
959 2706 1007 2754 et
1039 2703 1314 2762 declarant,
1337 2717 1389 2753 se
1408 2702 1611 2765 obligari
1632 2717 1722 2766 pro
1743 2717 1833 2752 suo
1854 2704 2018 2754 officio
2039 2707 2087 2754 et
2108 2705 2403 2756 conscientia
2427 2704 2489 2754 ad
2513 2705 2850 2768 recipiendum
2867 2744 2883 2768 ‚

657 2787 797 2834 sicut
819 2787 993 2847 reipsa
1006 2785 1311 2846 receperunt
1331 2784 1382 2832 et
1397 2785 1676 2846 recipiunt,
1696 2783 1966 2846 praefatum
1982 2785 2263 2846 concilium,
2275 2789 2325 2835 et
2345 2784 2652 2849 spondentse
2665 2784 2785 2835 illud
2809 2786 2891 2836 ob·

657 2866 965 2926 servaturos,
990 2866 1229 2926 quantum
1256 2865 1463 2925 possunt
1479 2875 1565 2925 per
1586 2862 1888 2914 functionem
1908 2877 2048 2914 suam
2071 2867 2123 2912 et
2143 2867 2483 2916 auctoritatem
2508 2866 2816 2929 spiritualem
2833 2869 2886 2922 et

654 2944 996 3009 pastoralem.»
1018 2945 1148 2992 Haec
1170 2956 1314 3005 porro
1348 2942 1630 2992 deliberatio
1657 2943 1958 3006 singulorum
1983 2943 2425 3008 subscriptionibus
2445 2959 2503 2996 ac
2524 2946 2797 2996 iuramento
2820 2946 2885 2997 ad

656 3024 825 3075 sancta
846 3022 1097 3086 evangelia
1116 3021 1407 3071 confirmata
1435 3021 1543 3071 fult.
1574 3022 1668 3071 Hic
1703 3025 1865 3072 autem
1895 3025 2062 3072 coetus
2089 3024 2462 3087 augustissimus
2492 3025 2684 3087 extitit,
2711 3029 2883 3088 utpote

652 3103 952 3154 constitutus
971 3102 1129 3153 tribus
1154 3101 1484 3152 cardinalibus
1501 3138 1517 3164 ,
1544 3101 1900 3165 quinquaginta
1922 3103 2190 3166 episcopis,
2219 3116 2278 3154 ac
2303 3103 2502 3167 triginta
2522 3104 2725 3156 oecundi
2750 3104 2883 3156 ordi·

657 3183 751 3234 nis.
773 3184 1031 3246 Quotquot
1055 3182 1259 3246 posthac
1279 3181 1521 3232 celebrata
1542 3185 1660 3232 suut
1675 3183 1880 3232 concilia
1903 3184 1953 3232 in
1976 3184 2154 3234 Galliis
2178 3185 2497 3247 provincialia
2533 3186 2750 3248 professa
2770 3189 2890 3235 sunt

653 3276 707 3314 se
724 3264 918 3314 concilii
933 3262 1186 3314 tridentini
1204 3262 1411 3313 decretis
1428 3262 1824 3326 disciplinaribus
1847 3263 2105 3325 obstricta;
2126 3263 2417 3313 nominatim
2438 3277 2572 3326 vero,
2587 3277 2713 3328 quae
2731 3278 2891 3328 nuper

570 3369 585 3380 -
663 3343 727 3394 ab
746 3357 877 3394 anno
904 3350 1021 3394 1850
1043 3343 1104 3393 ad
1126 3356 1205 3393 an.
1235 3351 1370 3394 18³6.
1394 3343 1591 3394 merunt
1610 3341 1871 3393 celebrata.
1894 3342 2024 3401 Quid
2046 3343 2109 3393 ad
2132 3343 2252 3394 baec
2270 3346 2434 3395 orator
2451 3344 2770 3408 subalpinus?

807 3424 896 3474 His
918 3421 1148 3473 addimus
1162 3422 1254 3473 cel.
1276 3425 1349 3474 De
1366 3425 1555 3484 Marcu,
1574 3422 1661 3485 qui
1684 3421 1733 3471 iu
1754 3436 1845 3472 suo
1868 3436 1947 3485 op.
1965 3426 2040 3472 De
2063 3421 2365 3483 concordia,
2393 3423 2443 3472 in
2463 3423 2887 3486 prolegom.testa·

655 3505 739 3553 tur
764 3522 789 3546 α
812 3501 1021 3553 concilii
1046 3501 1299 3553 tridentini
1322 3502 1511 3566 regulas
1528 3501 1643 3552 fidei
1663 3515 1859 3565 omnes,
1883 3504 1934 3552 et
1953 3501 2241 3566 disciplinae
2263 3503 2566 3566 praecipuas,
2581 3503 2889 3553 constitutio·

662 3583 811 3634 nibus
832 3583 964 3646 regni
987 3582 1275 3633 admissas.»

802 3662 901 3725 (93)
928 3661 1160 3727 apposite
1190 3662 1255 3711 cl.
1280 3661 1570 3712 Leuilierius
1612 3660 1721 3712 ioco
1759 3674 1872 3712 mox
1909 3658 2107 3711 citando
2125 3661 2200 3712 sic
2223 3660 2456 3712 adversus
2474 3661 2776 3723 Launoium,
2796 3662 2885 3724 qui

658 3741 868 3806 praeivit
896 3740 1080 3792 oratori
1115 3744 1316 3802 nostro,
1338 3741 1437 3791 imo
1458 3754 1518 3791 ex
1540 3754 1641 3805 quo
1663 3743 1829 3791 orator
1860 3740 1984 3790 banc
2021 3740 2176 3803 ipsam
2212 3733 2550 3791 difficultatem
2584 3740 2883 3805 depromsit,

656 3821 829 3872 scribit
859 3834 1007 3886 agens
1026 3819 1088 3872 de
1108 3823 1349 3871 conventu
1371 3821 1579 3872 blesensi
1603 3840 1626 3864 α
1644 3820 1875 3870 inim-iam
1896 3833 2097 3884 quoque
2117 3821 2301 3870 faceret
2320 3819 2513 3882 regibus
2543 3820 2724 3870 nostris
2750 3819 2883 3882 quis·

658 3914 756 3965 que
793 3903 1054 3964 assereret,
1086 3900 1221 3965 quod
1271 3914 1406 3964 reges
1444 3899 1873 3963 christianissimi,
1904 3914 1965 3951 ne
1995 3900 2279 3951 viderentur
2302 3902 2351 3950 iu
2378 3900 2522 3951 rebus
2540 3899 2884 3951 ecclesiasticis

658 3980 956 4044 sanciendis,
985 3980 1173 4043 legibus
1207 3980 1440 4031 ecclesiae
1472 3980 1674 4030 obnoxii
1697 3993 1826 4042 esse,
1849 3993 2059 4030 canones
2085 3981 2409 4030 conciliorum
2430 3981 2534 4030 suis
2559 3980 2770 4031 edictis·
2756 3992 2881 4030 inse·

660 4061 872 4112 rucrint:
906 4074 1118 4111 canones
1137 4061 1268 4112 euim
1288 4060 1401 4112 illos
1417 4061 1730 4111 inseruerunt
1747 4060 1887 4111 suis
1873 4074 1925 4111 m
1944 4060 2405 4122 constitutionibus,
2428 4073 2528 4110 non
2549 4060 2686 4123 quod
2718 4060 2881 4123 legum

661 4141 1102 4193 welesiuticarum
1129 4142 1225 4192 sibi
1243 4143 1534 4210 potestatem
1550 4141 1848 4192 attribuant.
1869 4139 1955 4192 sed
1976 4141 2311 4204 inseruerunt,
2341 4144 2399 4192 ut
2414 4142 2586 4204 poenis
2601 4139 2880 4204 temporali·

658 4223 753 4274 bus
773 4223 936 4287 legum
958 4222 1396 4275 ecclesiasticarum
1424 4222 1690 4273 violatores
1722 4223 2026 4284 coercerent3
2060 4222 2398 4284 inseruerunt,
2421 4221 2540 4284 quia
2556 4220 2788 4272 ecclesiae
2808 4219 2884 4270 di·

655 4303 915 4369 sciplinam
928 4339 945 4367 ‚
969 4303 1098 4368 leges
1119 4307 1170 4356 et
1186 4303 1333 4356 iidem
1360 4316 1451 4355 sua
1471 4315 1671 4367 quoque
1699 4303 1987 4354 auctoritate
2019 4304 2269 4366 protegere
2296 4304 2350 4354 et
2372 4302 2676 4353 communire
2691 4300 2880 4362 aalma

660 4386 995 4450 inserueram,
1016 4385 1135 4449 quia
1160 4384 1212 4435 id
1234 4386 1602 4450 postulaverant
1620 4383 1837 4449 episcopi
1862 4382 2141 4448 gallicani.»
