3276 5083
626 446 665 494 Χ
1539 441 1887 492 ΡΒΟωΙωΙ
1899 476 1910 488 .

627 585 879 659 porum
930 561 1117 657 apud
1161 560 1505 635 iudaicam
1562 573 1876 656 gentem,
1931 582 2111 657 quae
2157 559 2246 633 ab
2289 560 2428 632 illis
2483 574 2840 655 procreata

626 688 730 748 est
762 729 782 760 ‚
833 676 1241 772 praesertim
1289 698 1463 747 vero
1523 674 1614 746 ab
1677 687 1955 771 accepta
2007 676 2309 748 mosaica
2361 673 2549 770 lege,
2609 675 2841 747 divina

625 792 797 864 haec
830 792 1172 863 institutio
1214 788 1306 861 ab
1349 791 1543 861 omni
1595 792 1929 863 vitiorum
1964 789 2161 874 labe,
2204 814 2385 887 quae
2412 789 2498 862 ad
2529 791 2844 862 ethnicos

627 906 929 1003 populos
973 917 1114 976 tam
1156 904 1295 976 late
1344 904 1846 989 dimanarunt,
1898 906 2269 1002 impolluta
2315 907 2594 1002 penitus
2630 918 2701 977 et
2737 908 2841 976 in·

629 1033 804 1093 tacta
846 1020 1275 1116 perduravit.

774 1136 943 1221 Quis
995 1157 1166 1205 vero
1202 1157 1346 1207 non
1382 1136 1629 1207 sentiat
1674 1147 1975 1229 quantus
2019 1160 2055 1207 a
2102 1159 2291 1207 novo
2335 1158 2462 1231 per
2497 1135 2843 1207 Christum

629 1250 910 1321 foedere
967 1249 1132 1320 huic
1182 1250 1656 1321 coniunctioni
1715 1250 2053 1346 splendor
2114 1254 2524 1332 accesserim
2578 1272 2758 1345 quae
2805 1274 2842 1319 a

628 1368 774 1437 Deo
820 1366 1124 1460 primum
1166 1365 1348 1436 intra
1384 1378 1671 1437 naturae
1709 1363 1886 1438 fines
1920 1364 2404 1462 quadantenus
2441 1366 2837 1444 constituta,

626 1480 788 1552 dein
845 1503 881 1551 a
930 1480 1206 1551 Christo
1256 1481 1560 1552 Domino
1606 1479 1697 1551 ad
1745 1480 2143 1554 divinarum
2196 1503 2434 1552 rerum
2481 1480 2841 1562 ordinem,

625 1607 695 1668 et
730 1594 818 1665 ad
854 1594 1262 1666 sacramenti
1314 1594 1725 1689 dignitatem
1768 1608 2005 1668 evecta
2043 1595 2193 1667 est?
2229 1597 2294 1665 ls
2328 1595 2514 1666 enim
2552 1617 2696 1666 non
2732 1616 2847 1665 so·

626 1709 778 1780 lum
833 1707 1176 1804 quidquid
1230 1710 1519 1781 humani
1582 1720 1654 1782 et
1711 1712 1908 1804 pravi
1977 1712 2351 1807 irrepserat
2406 1732 2443 1780 a
2487 1710 2846 1781 sanctitate

627 1823 1050 1896 matrimonii
1077 1822 1390 1895 sustulit:
1431 1846 1683 1896 verum
1717 1823 1925 1896 etiam
1962 1824 2158 1920 quod
2193 1824 2495 1918 antiquis
2532 1821 2848 1918 patribus

629 1949 816 2009 certa
851 1937 1154 2032 quadam
1190 1936 1704 2033 dispensatione
1750 1961 2188 2022 concessum,
2217 1938 2551 2034 quodque
2576 1937 2845 2010 iudaeis

627 2050 725 2122 ob
768 2053 1125 2147 ingenium
1175 2054 1398 2146 gentis
1447 2064 1657 2146 atque
1705 2050 2017 2123 indolem
2070 2055 2486 2148 permissum
2525 2075 2564 2123 a
2608 2054 2846 2146 Moyse

628 2164 851 2239 fuerat
872 2220 890 2250 ‚
922 2178 1264 2262 perpetuo
1302 2168 1701 2248 revocavit:
1737 2189 1823 2239 ex
1857 2189 2003 2264 quo
2038 2166 2368 2263 abrogata
2407 2166 2682 2263 penitus
2716 2168 2844 2236 viri

627 2304 787 2354 cum
824 2280 1149 2379 pluribus
1186 2282 1458 2356 feminis
1491 2284 2022 2367 coniunctione,
2061 2284 2533 2377 damnatoque
2573 2279 2848 2377 repudii

626 2395 910 2479 libello,
965 2401 1392 2471 matrimonii
1455 2411 1723 2471 castum
1774 2411 1981 2493 atque
2037 2400 2427 2495 legitimum
2489 2396 2847 2470 vinculum

632 2509 720 2582 ad
748 2514 1111 2608 pristinam
1140 2513 1332 2585 illam
1359 2536 1571 2586 unam
1597 2513 2175 2609 individuamque
2208 2516 2611 2587 societatem
2648 2513 2850 2585 resti-

628 2626 787 2698 tuit.
840 2629 942 2698 Ne
983 2626 1153 2722 quid
1199 2650 1371 2699 vero
1423 2642 1667 2701 contra
1718 2640 1860 2700 tam
1913 2640 2228 2701 sanctum
2281 2631 2685 2724 nuptiarum
2741 2629 2849 2700 ius

628 2740 965 2815 auderent
1008 2742 1387 2837 aliquando
1432 2743 1755 2815 homines
1779 2795 1797 2825 ‚
1856 2767 1944 2815 ne
1994 2743 2167 2839 quid
2217 2745 2382 2815 novi
2429 2743 2846 2816 molirentur

626 2856 955 2928 invehere
983 2909 1001 2939 ‚
1045 2881 1133 2930 ne
1173 2857 1345 2953 quid
1395 2858 1591 2952 quod
1634 2870 1866 2931 ratum
1899 2871 2079 2931 esset
2118 2857 2475 2931 infirmare
2509 2881 2847 2931 conaren-

627 2982 789 3053 tur;
851 2973 1064 3044 totius
1114 2975 1213 3045 rei
1268 2973 1558 3045 modum
1607 2986 1813 3068 atque
1858 2975 2254 3046 universam
2306 2974 2845 3046 administratio-

629 3109 789 3159 nem
833 3087 1162 3161 ecclesiae
1219 3112 1384 3161 suae
1432 3111 1642 3183 quam
1692 3090 1768 3160 in
1821 3091 2021 3161 terris
2070 3089 2349 3183 reliquit
2400 3088 2847 3183 eiusdemque

628 3226 960 3298 supremo
1002 3205 1207 3300 capiti
1246 3205 1618 3276 commisit.
1667 3205 1776 3275 llli
1819 3207 1942 3277 uni
1996 3217 2346 3299 tamquam
2384 3204 2546 3277 duci
2583 3226 2664 3276 ac
2696 3225 2847 3274 ma-

628 3321 881 3414 gistrae
907 3330 1315 3414 potestatem
1355 3319 1515 3392 fecit
1538 3333 1689 3391 tum
1714 3330 1791 3390 ut
1816 3332 2037 3392 certas
2061 3320 2249 3416 leges
2275 3321 2847 3412 conditionesque

629 3436 1081 3508 constitueret
1114 3434 1369 3530 quibus
1403 3435 1765 3506 dumtaxat
1803 3448 2036 3507 sancte
2061 3448 2132 3509 et
2164 3436 2469 3530 legitime
2493 3436 2671 3506 inire
2698 3455 2847 3505 ma-

630 3549 1039 3622 trimonium
1071 3549 1351 3631 liceret,
1393 3561 1543 3621 tum
1581 3572 1854 3621 caussas
1885 3541 2330 3644 ‘rationesque
2356 3561 2840 3644 cognosceret,

632 3676 840 3759 atque
889 3666 981 3737 ita
1026 3665 1235 3737 huius
1277 3665 1538 3737 vinculi
1579 3666 2010 3739 honestatem
2054 3667 2657 3761 integritatemque
2698 3676 2846 3736 tue-

630 3792 852 3853 retur.
2182 3851 2185 3858 .

776 3898 919 3968 lam
964 3921 1134 3971 vero
1173 3901 1490 3995 quamvis
1535 3912 1890 3995 comperta
1938 3922 2050 3971 res
2086 3900 2175 3970 sit
2207 3899 2388 3970 hanc
2418 3897 2841 3969 matrimonii

631 4012 1196 4084 coniunctionem
1248 4015 1544 4110 spectari
1617 4036 1823 4109 posse
1853 4067 1870 4094 ‚
1939 4026 2086 4085 tum
2145 4025 2499 4107 tamquam
2554 4022 2842 4082 naturae

629 4125 946 4200 officium
974 4180 992 4210 ‚
1039 4129 1234 4223 quod
1272 4130 1359 4202 ad
1404 4132 1954 4226 procreationem
2010 4130 2252 4201 attinet
2301 4127 2687 4201 liberorum
2723 4151 2846 4199 eo-

630 4265 929 4337 rumque
990 4244 1556 4317 institutionem:
1616 4258 1762 4317 tum
1829 4257 2179 4341 tamquam
2243 4244 2555 4316 officium
2625 4242 2845 4313 civilis

630 4359 978 4429 societatis
1024 4358 1111 4430 ad
1147 4382 1358 4454 quam
1391 4358 1937 4444 efformandam,
1984 4359 2373 4453 augendam
2427 4379 2845 4429 conservan-
