3276 5083
686 422 773 494 1⁶
1086 445 1209 497 m.
1254 444 1302 496 1.
1345 444 1517 498 sacr.
1554 449 1600 496 1.
1646 448 1727 497 ns
1761 444 2023 499 nram.
2068 444 2498 501 stannum.

682 563 962 638 scribit:
1026 595 1061 633 α
1093 565 1257 638 Nam
1307 565 1491 663 quod
1544 566 1612 636 in
1665 565 1816 664 ipsa
1864 566 2331 640 coniunctione
2379 563 2697 639 connubii
2732 590 2776 638 a
2808 590 2922 641 saa

681 678 928 752 cet-dote
959 679 1393 765 benedicatur,
1416 679 1545 752 hoc
1568 695 1674 753 est
1695 706 1738 753 a
1760 681 1898 753 Deo
1924 681 2142 779 prima
2167 680 2237 751 in
2263 680 2416 780 ipsa
2440 680 2915 754 coniunctione

679 799 972 875 hominis
1023 802 1271 876 factum
1306 820 1413 876 est
1448 806 1681 900 (44).»
1713 805 1796 877 Et
1830 804 1997 877 haec
2044 804 2317 903 quidem
2370 803 2550 903 quod
2601 802 2686 877 ad
2741 804 2918 877 hanc

679 919 963 1018 primam
1020 918 1307 993 classem
1360 919 1594 992 attinet
1641 920 1948 994 attulisse
1998 919 2291 993 sufficiat
2328 920 2506 1015 (45).

822 1034 924 1106 Ad
984 1032 1260 1106 alteram
1324 1032 1610 1107 classem
1662 1060 1779 1108 eos
1831 1035 2333 1135 patres·¹‘resero
2380 1035 2497 1134 qui
2548 1036 2921 1135 sanctifica-

682 1150 914 1221 tionem
947 1147 1258 1247 coniugio
1293 1148 1614 1222 tribuunt.
1659 1149 2006 1223 Eiusmodi
2036 1140 2203 1224 ‘sunt
2235 1175 2292 1223 s.
2335 1149 2757 1237 Ambrosius,
2799 1153 2918 1250 qui

678 1261 1081 1336 christianos
1139 1262 1613 1337 dehortatums
1664 1291 1706 1339 a
1754 1264 2114 1361 iungendis
2166 1266 2425 1365 nuptiis
2476 1291 2628 1338 cum
2682 1250 2920 1338 infide-

679 1374 859 1451 libus
878 1435 894 1464 ‚
949 1376 1077 1452 bac
1127 1380 1381 1453 ratione
1428 1380 1676 1454 utitur:
1747 1410 1782 1449 α
1823 1367 1989 1452 Nam
2041 1406 2192 1454 cum
2244 1380 2471 1479 ipsum
2529 1381 2917 1478 coniugium

678 1490 1014 1567 velamine
1062 1493 1461 1567 sacerdotali
1510 1511 1580 1568 et
1625 1493 2094 1567 benedictione
2141 1495 2545 1593 sanctificari
2573 1510 2910 1592 oporteat,

681 1608 1019 1706 quomodo
1067 1624 1288 1709 potest
1336 1609 1721 1707 coniugium
1772 1609 1943 1695 dici,
1988 1609 2103 1682 ubi
2140 1635 2274 1683 non
2308 1625 2413 1683 est
2448 1607 2604 1682 fidei
2639 1633 2921 1682 concor-

679 1720 796 1794 dia
850 1723 1030 1817 (46),
1057 1751 1092 1792 υ
1145 1739 1214 1796 et
1260 1722 1471 1811 alibi,
1535 1751 1572 1793 α
1605 1724 1837 1823 Neque
1883 1748 2040 1797 vero
2092 1748 2214 1797 nos
2265 1747 2587 1820 negamus
2635 1724 2922 1822 sanctifi-

679 1848 898 1906 catum
954 1860 997 1908 a
1043 1835 1312 1910 Christo
1375 1862 1529 1911 esse
1592 1837 1976 1935 coniugium
2010 1895 2025 1924 ‚
2096 1836 2328 1910 divina
2387 1860 2551 1909 voce
2607 1833 2909 1909 dicente:

681 1964 869 2021 erunt
917 1950 1106 2023 ambo
1140 1953 1214 2022 in
1245 1977 1446 2024 unam
1490 1977 1753 2023 carnem
1801 1966 1862 2023 et
1912 1952 1984 2022 in
2032 1977 2157 2023 ano
2205 1952 2448 2048 spiritu
2487 1949 2716 2045 (47).»
2751 1949 2917 2021 Item

680 2089 741 2138 s.
781 2062 1076 2166 Cyrillus
1126 2064 1296 2139 alex.
1359 2096 1394 2135 α
1428 2066 1771 2153 Christus,
1832 2066 2093 2165 inquit,
2152 2065 2304 2163 ipse
2352 2091 2506 2139 cum
2556 2063 2918 2163 discipulis

680 2179 825 2253 suis
876 2178 1198 2254 invitatus
1248 2181 1433 2254 venit
1488 2179 1631 2276 (ad
1684 2180 2037 2280 nuptias),
2097 2204 2231 2253 non
2283 2196 2415 2253 tam
2464 2178 2858 2278 epulaturus
2894 2237 2908 2264 ‚

680 2318 884 2392 quam
920 2311 997 2368 ut
1029 2294 1426 2369 miraculum
1476 2295 1758 2381 faceret,
1791 2320 1880 2380 ‚ac
1914 2310 2257 2394 praeterea
2302 2291 2754 2390 generationis
2789 2291 2920 2365 hu-

678 2433 918 2483 manae
968 2409 1378 2508 principium
1428 2409 1864 2508 sanctificaret
1882 2463 1900 2491 ,
1946 2406 2129 2507 quod
2166 2406 2251 2480 ad
2288 2431 2554 2480 carnem
2598 2405 2917 2479 nimirum

680 2524 936 2598 attinet.
982 2523 1438 2599 Conveniebat
1467 2523 1648 2598 enim
1669 2581 1686 2611 ,
1729 2539 1804 2597 ut
1837 2522 1953 2622 qui
1993 2539 2297 2597 naturam
2350 2522 2568 2622 ipsam
2618 2521 2917 2596 hominis

679 2652 1117 2711 renovaturus
1166 2655 1341 2724 erat,
1402 2663 1535 2712 non
1586 2638 1806 2712 solum
1857 2638 1975 2725 iis,
2014 2638 2134 2737 qui
2169 2638 2304 2712 iam
2340 2638 2409 2710 in
2443 2653 2662 2712 ortum
2698 2639 2915 2711 vocati

679 2765 870 2824 erant
889 2807 906 2833 .
962 2748 1495 2825 benedictionem
1546 2751 1999 2851 impertiretur
2022 2808 2038 2838 ‚
2096 2751 2217 2825 sed
2252 2768 2321 2825 et
2355 2751 2440 2824 iis
2476 2777 2747 2850 quoque
2791 2752 2910 2849 qui

679 2880 920 2965 postea·
976 2865 1302 2939 nascituri
1361 2881 1592 2940 essent
1651 2869 1941 2966 qratiam
2003 2867 2474 2965 praestitueret
2494 2923 2510 2954 ,
2569 2882 2636 2939 et
2683 2892 2915 2939 eorum

678 2996 898 3055 ortum
942 2996 1240 3054 sanctum
1276 2980 1571 3055 efficeret
1610 2983 1756 3078 (48)
1774 3039 1787 3052 .
1804 3012 1838 3051 ι»
1868 2981 1939 3052 S.
1972 2981 2388 3079 Augustinus
2427 2996 2768 3080 praeterea
2800 2980 2918 3053 ad·
2961 2965 2974 2980 ⁹

678 3095 816 3168 dit:
865 3126 900 3165 α
929 3096 1187 3169 Bonum
1240 3096 1626 3196 nuptiarum
1678 3121 1801 3196 per
1845 3121 2079 3170 omnes
2129 3111 2394 3192 gentes,
2436 3110 2639 3194 atque
2672 3119 2911 3168 omnes

679 3210 986 3285 homines
1040 3211 1109 3284 in
1159 3237 1368 3286 causa
1415 3210 1778 3309 generandi
1814 3227 1952 3297 est,
1993 3227 2060 3283 et
2094 3210 2164 3282 in
2199 3209 2334 3282 fide
2367 3210 2694 3284 castitatis
2729 3211 2911 3309 quod

678 3343 898 3401 autem
948 3327 1033 3401 ad
1086 3327 1408 3427 populum
1459 3327 1582 3401 Dei
1634 3326 1956 3426 pertinet,
2015 3327 2217 3400 etiam
2278 3325 2349 3397 in
2407 3327 2755 3398 sanctitate
2812 3351 2916 3398 sa-

677 3443 999 3516 cramenti
1033 3445 1208 3538 (49).
1230 3473 1265 3511 n

821 3557 1042 3631 Tertia
1106 3554 1350 3630 classis
1397 3582 1479 3628 ex
1530 3557 1614 3628 iis
1666 3556 1984 3629 coalescit
2046 3555 2382 3655 patrib'us,
2444 3556 2561 3653 qui
2629 3557 2912 3652 gratiam

678 3698 798 3772 per
847 3672 1234 3770 coniugium
1284 3670 1571 3744 conferri
1607 3687 1836 3770 aperte
1870 3671 2290 3769 significant,
2333 3684 2448 3744 aut
2481 3686 2896 3770 supponunt.

819 3920 923 3983 (4⁴)
953 3923 1030 3970 De
1050 3923 1240 3984 onam.
1264 3919 1442 3971 eccles.
1466 3919 1552 3969 lib.
1577 3922 1643 3970 n.
1665 3931 1775 3983 cap.
1802 3928 1876 3970 19.

820 4000 921 4062 (45)
955 4000 1063 4051 Alia
1084 4000 1243 4051 videri
1268 4001 1473 4065 possunt
1493 3999 1626 4063 apud
1651 4001 1782 4062 nug.
1806 4000 2092 4052 Menai-dum
2124 4000 2218 4049 loc.
2248 4001 2332 4050 att.

818 4078 920 4140 (48)
952 4079 1106 4143 Epist.
1128 4082 1256 4130 xtx.
1289 4079 1353 4130 ad
1377 4078 1524 4141 vigil.
1550 4078 1629 4129 ed.
1656 4080 1812 4129 Maur.
1836 4079 1933 4129 col.
1958 4081 2066 4128 84⁴.

821 4157 924 4221 (⁴7)
944 4162 999 4210 ln
1009 4158 1152 4223 epist.
1169 4158 1232 4209 ad
1247 4159 1475 4210 siricium
1483 4171 1660 4223 papam
1674 4172 1725 4208 n.
1740 4165 1787 4209 5.
1799 4157 1929 4221 apud
1939 4159 2194 4208 coustant.
2213 4160 2376 4221 Epist.
2387 4171 2518 4208 rom.
2529 4159 2675 4221 pont.
2688 4157 2785 4206 col.
2798 4161 2909 4210 67⁰.

819 4238 921 4301 (48)
953 4241 1235 4290 comment.
1266 4242 1323 4288 tn
1353 4242 1504 4290 Ioan.
1526 4239 1611 4289 lib.
1636 4241 1702 4289 11.
1725 4249 1836 4302 cap.
1867 4244 1912 4287 2.
1938 4249 1988 4285 v.
2017 4243 2059 4286 ι.
2086 4249 2200 4300 opp.
2225 4237 2304 4288 ed.
2332 4239 2486 4289 Paris.
2517 4244 2650 4288 1838.
2672 4239 2792 4287 tom.
2820 4240 2905 4286 lv.

709 4333 736 4367 a
774 4355 785 4368 .
821 4324 925 4368 155.

675 4332 708 4382 p
738 4333 769 4382 g
820 4397 923 4462 (48)
951 4400 1029 4506 ἱζο
1062 4396 1191 4448 bono
1213 4395 1482 4458 roumalt
1505 4410 1616 4459 cap.
1641 4396 1819 4447 xxiv.
1848 4406 1898 4444 n.
1928 4400 2004 4444 32.
