3276 5083
784 450 922 499 cu.
967 448 1060 500 ιιι.
1103 450 1184 499 ne
1220 448 1483 501 nram.
1530 447 1754 499 civius
1805 449 1984 499 taen.
2027 449 2167 498 Αιιτ.
2209 447 2256 497 ι.
2498 426 2632 496 293

572 567 706 641 Nec
765 582 869 641 est
915 565 1097 665 quod
1166 580 1472 661 regerant
1501 622 1519 651 ,
1576 591 1653 638 se
1701 591 1833 638 non
1895 565 2279 663 praecipere
2342 580 2416 635 ut
2480 565 2640 637 talia

421 684 608 754 cives
656 682 1055 755 contrahant
1102 680 1474 767 connubia,
1532 680 1655 753 sed
1708 680 2082 754 facultatem
2137 696 2389 753 tantum
2446 706 2638 778 prae-

428 794 615 881 bere,
673 812 745 869 ut
793 796 853 869 si
903 794 1110 869 velint
1156 794 1333 867 civili
1373 821 1448 868 se
1483 794 1700 868 solum
1751 794 2018 867 vinculo
2068 794 2376 889 iungant3
2421 820 2638 893 neque

431 927 780 1009 propterea
827 910 912 982 ad
967 936 1103 982 rem
1155 935 1307 983 esse
1354 910 1695 1007 exempla,
1753 934 1926 1008 quae
1976 909 2043 979 in
2097 908 2391 981 medium
2440 908 2638 982 allata

427 1042 587 1098 sunt
620 1025 705 1097 de
738 1026 1136 1124 imperatore
1161 1082 1176 1111 ‚
1218 1040 1336 1097 aut
1381 1024 1685 1111 ethnico,
1742 1040 1859 1097 aut
1907 1022 2221 1109 islamita,
2264 1039 2380 1096 aut
2413 1024 2640 1097 haere-

429 1140 594 1226 tico,
649 1140 767 1237 qui
810 1143 1087 1238 positive
1138 1139 1395 1238 aliquid
1448 1139 1894 1240 praecipiant,
1951 1138 2130 1237 quod
2182 1164 2223 1210 a
2273 1138 2640 1212 christiana

419 1252 524 1326 vel
567 1252 895 1328 catholica
935 1252 1291 1326 abhorreat
1326 1252 1643 1350 religione
1666 1310 1681 1339 ,
1721 1278 1872 1325 cum
1903 1252 1970 1323 in
1998 1277 2186 1338 casu,
2221 1252 2291 1322 in
2326 1278 2460 1351 quo
2492 1279 2639 1326 ver-

427 1393 691 1455 samur,
749 1368 835 1442 de
885 1369 1031 1442 sola
1079 1383 1315 1465 agatur
1355 1370 1819 1467 permissione,
1877 1367 2041 1466 quin
2094 1368 2432 1443 renovatio
2479 1394 2639 1443 con-

427 1497 679 1558 tractus
730 1484 799 1556 in
848 1484 1018 1558 facie
1065 1484 1391 1558 ecclesiae
1440 1483 1859 1558 excludatur.
1917 1530 1922 1539 ·

564 1597 650 1670 At
695 1623 870 1698 quae
919 1598 1208 1672 adducta
1258 1616 1417 1672 sunt
1465 1597 1770 1696 exempla
1804 1597 1872 1668 in
1916 1623 2068 1670 eum
2120 1598 2321 1670 finem
2375 1598 2640 1673 suerunt

424 1712 680 1812 prolata
705 1770 722 1801 ,
763 1731 837 1788 ut
871 1714 1357 1788 illustraremus
1401 1739 1602 1814 quam
1638 1712 1810 1787 futili
1851 1713 2175 1786 niteretur
2223 1712 2635 1791 distinctioni

422 1830 640 1904 calex
668 1889 685 1917 ,
725 1857 901 1929 quae
949 1830 1110 1903 dum
1160 1831 1598 1905 christianam
1651 1829 2040 1926 religionem
2092 1830 2406 1905 intactam
2456 1830 2638 1903 ineo-

421 1944 802 2043 lumemque
835 1972 1102 2019 servare
1137 1945 1506 2044 profitetur,
1543 1961 1764 2019 tamen
1798 1945 1884 2017 de
1915 1943 2303 2018 christianis
2338 1944 2621 2031 civibus,

424 2061 826 2155 prout,cives
870 2076 1062 2146 sunt,
1102 2085 1183 2132 ea
1216 2074 1571 2145 statueret,
1628 2084 1802 2158 quae
1838 2085 1878 2132 a
1913 2058 2279 2132 christiana
2316 2060 2634 2156 religione

422 2172 872 2257 dissentiunt;
912 2197 1337 2271 quocumque
1386 2173 1655 2246 tandem
1708 2173 1905 2248 modo
1954 2199 2063 2247 res
2114 2189 2445 2247 statuatur
2493 2175 2637 2248 sive

422 2286 899 2385 praecipiendo
946 2288 1089 2362 sive
1140 2288 1605 2386 permittendo.
1631 2288 1889 2362 Deinde
1922 2314 2078 2363 vero
2106 2289 2250 2364 sive
2285 2306 2519 2385 agatur
2551 2289 2636 2363 de

418 2426 491 2473 re
520 2426 641 2499 per
667 2399 879 2499 legem
916 2419 1270 2503 praecepta
1293 2460 1311 2490 ,
1353 2405 1495 2478 sive
1529 2402 1615 2476 de
1652 2429 1721 2475 re
1756 2429 1875 2504 per
1922 2403 2137 2500 legem
2191 2405 2522 2503 permissa
2559 2405 2627 2476 in

420 2514 596 2604 idem
648 2516 906 2591 recidit.
950 2517 1295 2617 Siquidem
1340 2534 1528 2592 actus
1576 2518 1891 2592 connubii
1938 2518 2154 2592 civilis
2190 2517 2276 2592 ad
2311 2516 2635 2592 ecclesiae

417 2631 902 2720 exclusionem,
935 2633 1022 2707 de
1046 2659 1184 2732 quo
1207 2650 1313 2707 est
1337 2659 1582 2722 sermo,
1623 2650 1730 2707 est
1761 2650 1949 2707 actus
1973 2691 1989 2720 ,
2031 2636 2148 2733 qui
2187 2660 2228 2706 a
2262 2634 2633 2708 christiano

420 2749 567 2821 viro
598 2747 785 2822 nulla
819 2749 1078 2824 ratione
1112 2750 1265 2849 poni
1296 2766 1514 2849 potest
1533 2807 1551 2835 ,
1581 2749 1836 2848 quique
1863 2775 1983 2848 per
2005 2775 2081 2823 se
2105 2749 2357 2823 nullius
2390 2766 2495 2823 est
2528 2777 2634 2824 ro-

418 2861 603 2935 boris
639 2863 1029 2964 nulliusque
1081 2864 1279 2964 plane
1329 2865 1575 2938 valoris
1600 2922 1615 2951 ,
1658 2864 1994 2964 quidquid
2041 2864 2307 2938 demum
2345 2864 2448 2938 lex
2486 2892 2636 2940 con-

420 2988 519 3048 tra
552 2978 903 3051 ecclesiam
943 2981 1336 3067 constituat3
1371 3006 1490 3053 seu
1518 2997 1622 3053 est
1647 2995 1863 3066 actus,
1889 2979 2006 3078 qui
2036 3004 2187 3051 cum
2219 2979 2635 3078 professione

420 3088 789 3190 christiana
822 3095 1190 3167 consistere
1225 3095 1491 3193 nequit,
1534 3120 1753 3192 neque
1786 3093 2132 3193 componi,
2174 3093 2478 3192 adeoque
2510 3093 2626 3166 ubi

418 3206 807 3301 agnoscitur
838 3207 1209 3281 christiana
1243 3234 1364 3282 seu
1389 3208 1724 3282 catholica
1748 3207 2006 3304 religio,
2040 3234 2162 3280 nec
2189 3209 2481 3306 praecipi
2509 3234 2633 3281 nec

417 3320 707 3416 permitti
741 3337 962 3419 potest
994 3348 1035 3394 a
1071 3321 1217 3418 lege
1251 3321 1402 3395 ideo
1435 3338 1691 3395 tantum
1716 3380 1732 3408 ,
1773 3322 1952 3420 quod
1988 3322 2156 3395 civis
2189 3348 2230 3393 a
2264 3321 2635 3395 christiano

417 3434 889 3532 distinguatur.
937 3438 1243 3537 Denique
1291 3463 1444 3511 cum
1480 3437 1810 3510 eiusmodi
1840 3438 2114 3537 nuptiae
2156 3463 2377 3510 coram
2422 3438 2632 3533 magi-

418 3565 631 3623 stratu
655 3551 839 3623 civili
857 3552 1228 3628 celebratae
1244 3552 1452 3629 semel
1472 3552 1744 3641 suerint,
1769 3552 2310 3653 pseudo—politici
2338 3578 2464 3627 sua
2489 3552 2633 3649 lege

419 3663 572 3736 illas
599 3666 873 3739 omnino
899 3670 1179 3766 positive
1217 3684 1486 3743 tuentur
1511 3684 1713 3768 atque
1738 3666 2128 3755 defendunt,
2160 3668 2252 3741 ita
2280 3682 2355 3740 ut
2379 3666 2466 3738 ab
2493 3666 2627 3738 illis

416 3778 676 3853 resilire
700 3806 835 3853 non
870 3782 1101 3871 liceat,
1136 3810 1216 3858 ac
1240 3785 1301 3858 si
1329 3785 1495 3857 alter
1518 3785 1878 3882 coniugum
1904 3782 1990 3855 ab
2016 3782 2152 3855 illis
2188 3810 2264 3857 se
2300 3782 2625 3870 retrahat,

416 3894 598 3969 hunc
622 3912 871 3992 cogunt
886 3913 960 3969 ut
978 3916 1389 3997 permaneat.
1408 3901 1537 3972 Lex
1562 3898 1813 3972 idcireo
1837 3898 2062 3997 quoad
2089 3913 2311 3972 actum
2337 3897 2632 3971 futurum

408 4013 802 4107 pemissiva
835 4012 1109 4110 quidem
1136 4029 1278 4099 est,
1311 4039 1390 4087 ac
1415 4012 1634 4086 solum
1663 4012 2041 4087 facultatem
2068 4014 2374 4113 praebet,
2408 4013 2630 4113 quoad

417 4143 638 4201 actum
661 4153 820 4202 vero
845 4145 1379 4203 consummatum
1407 4129 1697 4201 maxime
1714 4129 2004 4226 positiva
2019 4145 2147 4217 est,
2167 4129 2478 4228 cogitque
2502 4128 2632 4202 sub

418 4242 955 4318 interminatione
982 4269 1344 4344 poenarum
1367 4303 1383 4331 ‚
1417 4259 1492 4317 ut
1514 4259 1704 4318 actus
1730 4243 1986 4340 integer
2010 4258 2367 4343 sartusque
2392 4243 2635 4317 habea-

418 4374 525 4431 tur
546 4418 562 4445 ,
593 4386 672 4434 ac
708 4360 988 4459 proinde
1024 4361 1260 4434 iterum
1289 4360 1590 4460 apprime
1623 4357 1955 4459 quadrant
1980 4358 2267 4434 adducta
2292 4358 2621 4457 exempla.
