3276 5083
772 474 910 523 cir.
937 476 982 522 ι.
1014 473 1094 523 nn
1147 474 1408 525 uram.
1451 475 1675 525 cxvms
1709 475 1977 525 mrum.
2011 477 2155 525 Aur.
2189 477 2233 526 1.
2489 454 2617 526 211

405 596 636 667 binam
671 593 881 664 civili.
915 592 1037 665 Ast
1071 593 1319 692 optime
1369 611 1611 667 norunt
1660 593 1727 665 hi
1785 594 2385 693 pseudo-politici,
2443 598 2621 697 quod

403 710 464 782 si
520 705 920 805 simpliciter
957 723 1150 805 prout
1202 731 1277 778 se
1326 705 1527 779 habet
1577 733 1685 780 res
1737 707 2101 780 sancienda
2153 709 2422 782 nomine
2473 738 2628 808 pro-

406 821 557 919 prio
582 834 1085 920 proponeretur,
1113 820 1443 892 neminem
1471 820 2022 920 adstipulatorem
2050 824 2620 911 nanciscerentur,

407 934 597 1007 titulo
616 934 775 1006 hinc
797 933 1145 1006 immutato
1157 935 1559 1005 matrimonii
1578 936 1796 1007 civilis
1814 936 2312 1036 perversitatem
2338 939 2627 1010 incautis

403 1049 787 1149 propinant.
820 1049 993 1121 Sane
1039 1049 1098 1121 si
1141 1064 1335 1149 prout
1369 1048 1437 1120 in
1475 1075 1550 1122 se
1582 1064 1709 1136 est,
1751 1065 1818 1122 et
1850 1049 2109 1151 absque
2139 1052 2293 1125 salsi
2331 1054 2624 1127 nominis

403 1164 555 1237 fuco
606 1164 714 1235 lex
761 1163 840 1235 de
889 1163 1314 1262 fornicatione
1367 1164 1570 1262 leqali
1616 1164 2042 1263 probaretur,
2084 1165 2171 1238 ab
2205 1193 2286 1240 ea
2335 1166 2629 1267 populus

400 1277 791 1352 abhorreret
815 1334 831 1364 ,
871 1277 1422 1378 legislatoresque
1447 1305 1634 1365 suoS,
1675 1279 1794 1378 qui
1822 1280 2033 1378 impio
2056 1307 2227 1354 ausu
2264 1281 2333 1353 id
2369 1298 2630 1381 perten-

402 1408 619 1465 tarent
635 1449 651 1479 ,
685 1407 1155 1465 execrarentur
1174 1392 1378 1466 veluti
1407 1392 1715 1493 publicae
1739 1393 2109 1467 honestatis
2142 1420 2401 1469 osores.
2441 1397 2628 1471 Atta-

403 1534 560 1580 men
583 1533 689 1580 roe
717 1507 810 1579 ita
834 1522 961 1592 est;
984 1531 1226 1579 nomen
1254 1492 1659 1580 adscititium
1690 1507 1783 1580 rei
1812 1524 2113 1582 naturam
2136 1536 2267 1583 non
2287 1510 2619 1584 immutat.

548 1622 770 1707 Quum
836 1620 1041 1718 igitur
1071 1620 1206 1719 'qui
1258 1621 1351 1693 ita
1399 1622 1800 1696 contrahunt
1844 1649 2001 1697 vere
2049 1625 2508 1698 concubinarii
2558 1644 2625 1701 et

400 1737 676 1837 quidem
732 1735 983 1836 publici
1020 1736 1158 1810 sint
1180 1794 1195 1822 ,
1238 1753 1441 1836 atque
1480 1738 1576 1809 uti
1621 1737 1791 1811 tales
1825 1738 2111 1813 ecclesia
2158 1766 2275 1814 eos
2327 1758 2615 1842 spectet,

404 1852 660 1926 nullum
712 1868 817 1925 est
862 1851 1144 1924 dubium
1195 1852 1383 1950 ipsos
1434 1852 1504 1924 in
1549 1860 1671 1926 ‘eas
1722 1879 1971 1952 poenas
2022 1855 2396 1942 incurrere,
2450 1883 2624 1957 quas

404 1967 470 2040 in
522 1967 857 2042 eiusmodi
906 1965 1420 2040 concubinarios
1468 1967 1755 2041 ecclesia
1803 1969 2038 2041 statuit
2094 1970 2235 2044 sive
2292 1970 2380 2044 ob
2428 1970 2625 2045 habi-

401 2082 648 2156 tualem
682 2081 953 2155 lethalis
990 2082 1242 2181 peccati
1297 2096 1568 2170 statum,
1610 2082 1681 2153 in
1718 2109 1852 2182 quo
1884 2084 2121 2157 vivunt
2143 2140 2158 2170 ‚
2201 2085 2344 2158 sive
2376 2086 2463 2160 ob
2498 2114 2624 2185 pu-

400 2197 688 2284 blicum,
744 2197 922 2297 quod
974 2196 1061 2270 de
1112 2223 1186 2269 se
1235 2195 1556 2295 praebent
1597 2196 1989 2270 scandalum
2041 2197 2113 2269 in
2162 2224 2430 2294 gravem
2479 2201 2624 2272 ani-

403 2339 665 2386 marum
689 2313 1072 2412 perniciem.
1092 2312 1336 2411 Reipsa
1361 2311 1448 2383 ab
1471 2311 1969 2410 antiquissimis
1997 2314 2402 2413 temporibus
2429 2313 2622 2415 plura

403 2442 544 2500 tum
578 2426 1007 2526 particularia
1041 2442 1182 2499 tum
1215 2424 1551 2523 generalia
1600 2424 1884 2498 concilia
1930 2425 2154 2499 varias
2204 2452 2456 2527 poenas
2499 2427 2622 2501 ad-

401 2571 636 2619 versus
686 2543 1018 2648 eiusmodi
1071 2544 1376 2618 homines
1423 2543 1863 2617 decreverunt
1906 2546 2082 2640 (10).
2134 2546 2231 2617 Ne
2266 2571 2425 2619 vero
2475 2546 2620 2621 lon-

400 2661 617 2759 giores
668 2661 884 2734 simus
933 2661 1004 2732 in
1054 2660 1164 2732 his
1214 2658 1599 2746 afferendis,
1656 2658 1822 2732 satis
1858 2659 1985 2731 erit
2015 2659 2395 2734 describere
2444 2687 2625 2761 quae

402 2802 444 2851 a
490 2775 756 2849 duobus
804 2773 1248 2848 oecumenicis
1293 2773 1600 2847 conciliis
1650 2773 2007 2847 constituta
2056 2777 2237 2863 sunt,
2292 2803 2531 2877 nempe
2578 2803 2617 2851 a

402 2891 686 2966 concilio
735 2889 1141 2965 lateranensi
1189 2889 1264 2960 V.
1306 2904 1373 2962 et
1409 2888 1792 2962 tridentino.

545 3004 917 3080 Concilium
953 3004 1181 3104 itaque
1214 3001 1633 3077 lateranense
1668 3003 1763 3076 ita
1797 3005 2052 3077 sanxit:
2091 3034 2127 3074 α
2148 3004 2621 3079 Concubinarii.

401 3139 622 3197 autem
643 3180 660 3211 ,
703 3122 847 3196 sive
879 3120 1066 3207 laici,
1107 3119 1252 3193 sive
1283 3117 1506 3192 clerici
1541 3118 1822 3206 fuerint,¹
1854 3120 2234 3193 eorumdem
2287 3147 2615 3195 canonum

403 3239 637 3338 poenis
703 3233 1136 3321 mulctentur,
1195 3260 1413 3334 neque
1461 3233 1884 3332 superiorum
1954 3233 2343 3323 tolerantia,
2409 3263 2616 3335 prava

403 3351 815 3427 consuetudo
835 3408 850 3439 ,
905 3375 1081 3450 quae
1123 3348 1346 3448 potius
1396 3346 1774 3446 corruptela
1821 3347 2108 3421 dicenda
2141 3366 2278 3435 est,
2316 3375 2359 3421 a
2391 3348 2616 3422 multi-

402 3468 636 3542 tudine
683 3465 1101 3567 peccantium
1136 3522 1151 3551 ,
1207 3462 1423 3536 aliave
1464 3461 1803 3563 quaelibet
1848 3463 2187 3538 excusatio
2234 3463 2342 3537 eis
2386 3463 2617 3564 aliquo

405 3582 606 3656 modo
668 3582 1112 3679 suffragetur,
1169 3579 1290 3653 sed
1342 3579 1526 3651 iuxta
1575 3578 1742 3651 iuris
1793 3604 2147 3652 censuram
2194 3604 2426 3653 severe
2492 3605 2618 3678 pu-

404 3697 677 3771 niantur
705 3701 767 3793 (1
780 3701 881 3796 1).
898 3729 932 3767 »ι

545 3951 647 4016 (ιο)
675 3950 863 4001 concfl.
881 3949 1084 4001 toletan.
1103 3952 1140 3999 Ι.
1162 3961 1272 4013 cap.
1296 3955 1371 3999 12.
1391 3947 1579 3998 conell.
1595 3946 1931 3998 amelia-ense
1945 3949 2033 3997 m.
2053 3959 2162 4010 cap.
2177 3952 2224 3997 9.
2244 3945 2433 3997 concil.
2449 3949 2612 3997 mron.

403 4030 1470 4097 lv.oep.1o.conc.tnbudm⁸.1.oep..⁴o
1487 4027 1677 4078 concil.
1692 4040 1820 4078 rom.
1841 4026 2261 4079 eubNicolaolu.
2284 4034 2465 4091 capa.
2489 4029 2616 4078 Gon·

397 4112 479 4162 cil.
505 4111 766 4162 mediolan.
789 4114 853 4162 11.
873 4111 951 4162 tlt.
977 4118 1022 4162 1.
1037 4112 1242 4162 Decreto
1265 4117 1340 4161 29.
1362 4107 1550 4160 concil.
1574 4107 1865 4158 lateranens.
1880 4111 1943 4158 V.
1959 4120 2076 4158 sess.
2095 4114 2140 4158 9.
2163 4108 2213 4157 in
2229 4106 2369 4158 Bulla
2382 4105 2609 4169 Rosam.

402 4193 606 4253 σανίσι,
629 4193 760 4242 etex
789 4203 897 4254 cap.
910 4188 1174 4241 Auditae.
1200 4189 1316 4240 dist.
1342 4196 1419 4240 aa.
1444 4201 1551 4252 cap.
1576 4186 1908 4238 Gonwbtnae
1929 4188 2088 4237 causa
2120 4188 2612 4250 xxx11.quaoet.2.

399 4284 506 4336 etp.
536 4274 699 4323 Neruo
729 4268 1778 4337 ⁴.c·p.1›oeaeo.cauuxxx11.qu·oet.
1803 4270 1998 4331 ⁴-cop
2029 4266 2512 4321 cumdileeluszo.
2534 4269 2613 4317 De

403 4349 843 4402 amasionibus.
862 4352 984 4413 cap.
1002 4347 1396 4400 &concubinae
1421 4355 1496 4399 55.
1522 4348 1841 4398 Desentent.
1864 4360 2188 4398 acommnn.

546 4432 590 4497 (ί
604 4431 649 4493 ι)
680 4433 797 4482 ιω.
817 4430 903 4480 cit.
923 4427 1053 4494 apud
1070 4427 1288 4479 {luduin
1307 4430 1437 4479 Acta
1455 4427 1644 4480 concil.
1664 4429 1788 4480 tom.
1808 4429 1893 4479 lx.
1915 4427 2010 4479 ool.
2036 4430 2170 4480 1755.
2471 4505 2511 4548 *L
