3276 5083
594 486 739 537 mr.
782 479 879 537 m.
926 483 1004 534 en
1038 483 1358 535 mmsrno.
1404 481 1543 534 aar.
1587 483 1657 534 n.
1703 485 1936 536 iacun.
1982 485 2310 538 ramnes
2495 461 2583 537 83

364 627 621 690 nense,
675 617 742 677 et
793 602 1072 675 refertur
1114 601 1229 674 25.
1263 627 1380 702 qu.
1419 605 1485 675 3.
1528 626 1590 677 c.
1624 602 1842 677 Nulli.
1885 603 1997 676 Sic
2039 603 2393 677 concilium
2429 607 2591 681 late-

366 743 659 793 ranense
705 719 800 790 De
849 719 1128 790 simonia
1176 743 1236 790 c.
1275 719 1443 790 Cum
1483 719 1555 789 in
1605 719 1906 790 ecclesiae
1956 709 2234 816 corpore
2277 719 2387 792 Sic
2431 743 2594 795 con·-

364 834 598 909 cilium
638 833 1135 907 constantiense
1189 832 1323 906 sub
1366 832 1650 906 Martino
1691 833 1766 904 V.
1811 833 1879 904 in
1939 833 2071 906 fine
2129 825 2420 907 concilii.
2480 837 2589 909 Sic

366 948 676 1022 Clemens
726 947 823 1019 De
863 948 1179 1045 pn‘vileqf
1208 945 1545 1045 Beliqiosi.
1589 947 1700 1019 Sic
1743 945 2135 1020 Ambrosius
2185 946 2306 1019 lib.
2342 950 2394 1018 1.
2431 949 2592 1048 Epi*

366 1062 689 1136 stolarum
728 1086 834 1161 ep.
858 1051 1105 1159 [quae
1147 1058 1463 1132 scribitur
1498 1057 1582 1132 ad
1616 1053 1954 1157 vigilium.
2002 1061 2299 1147 Quorum
2334 1088 2458 1160 ego
2497 1078 2591 1136 te-

362 1176 681 1251 stimonia
721 1197 863 1249 nen
904 1165 1244 1262 adscribo,
1288 1199 1411 1248 neo
1442 1169 1771 1274 expendo.
1814 1233 1827 1247 .
1869 1233 1884 1249 .
1911 1177 2101 1249 Certe
2134 1178 2483 1251 Evaristus
2519 1179 2587 1250 in

365 1292 591 1392 Epist.
628 1310 904 1365 suorum
940 1288 1353 1364 decretorum
1389 1290 1886 1364 matrimonium
1919 1290 2407 1364 clandestinum
2441 1294 2592 1365 sine

365 1406 714 1481 sacerdote
736 1419 1172 1492 contractum,
1213 1419 1466 1477 tantum
1502 1404 1729 1493 abest,
1759 1421 1835 1481 ut
1857 1423 2345 1480 sacramentum
2379 1406 2590 1480 eccle-

367 1523 519 1596 siae
542 1522 821 1594 fateatur
838 1577 856 1607 ,
886 1533 961 1591 ut
988 1518 1439 1592 adulterinum
1465 1517 1666 1591 etiam
1692 1511 2194 1593 contubernium
2222 1511 2583 1620 appellet.»

513 1638 669 1710 Post
702 1632 872 1709 haec
906 1634 1182 1708 recurrit
1206 1634 1430 1706 Canus
1467 1635 1553 1707 ad
1589 1634 2123 1734 iurisperitorum
2160 1638 2581 1723 sententiam,

367 1777 651 1852 quorum
703 1749 1026 1822 iudicium
1075 1749 1203 1821 hac
1252 1749 1324 1821 in
1374 1764 1561 1848 parte
1610 1747 1900 1849 praefert
1925 1743 2199 1825 ‘iudicio
2237 1752 2590 1825 scholasti-

362 1887 592 1938 corum
615 1923 631 1950 ‚
670 1887 751 1937 eo
786 1863 968 1962 quod
1010 1860 1108 1934 illi
1153 1864 1540 1959 negaverint
1572 1853 2066 1938 matrimonium
2111 1865 2390 1962 gratiam
2426 1891 2588 1939 eon-

368 1981 570 2068 ferre3
594 1978 830 2078 «quod
882 1976 1174 2077 profecto
1200 2036 1215 2063 ‚
1268 1978 1366 2050 ait
1398 1978 1621 2052 Canus
1646 2037 1661 2064 ,
1720 1979 2096 2077 intelligunt
2130 1980 2216 2053 de
2250 1996 2587 2054 contractu

365 2095 578 2182 civili,
621 2117 818 2198 quem
854 2091 1055 2165 latius
1105 2108 1426 2191 usurpato
1467 2092 1792 2167 vocabulo
1835 2109 2321 2167 sacramentum
2367 2096 2588 2193 appel-

372 2210 541 2282 lant.
566 2209 649 2280 At
672 2234 817 2281 cum
845 2206 1337 2282 administratio
1364 2207 1792 2283 sacerdotalis
1818 2209 2077 2282 accedit
2099 2266 2114 2295 ,
2148 2231 2279 2281 non
2306 2209 2588 2283 obscure

374 2321 746 2423 iurisperiti
786 2323 1093 2410 tradunt,
1134 2349 1257 2423 per
1289 2335 1505 2395 actum
1543 2321 1904 2396 sacerdotis
1939 2323 2388 2396 consecrantis
2427 2349 2586 2396 con·-

373 2438 633 2534 iugium
683 2438 962 2535 gratiam
1012 2436 1340 2523 conferri,
1399 2435 1685 2535 ideoque
1733 2461 1868 2510 non
1915 2434 2115 2510 licere
2165 2463 2288 2537 pro
2336 2461 2418 2511 ee
2469 2461 2588 2538 pe-

364 2553 637 2628 cuniam
685 2553 1024 2652 accipere,
1078 2552 1241 2652 quia
1292 2566 1781 2626 sacramentum
1827 2551 2353 2626 ecclesiasticum
2404 2570 2581 2627 est.»

510 2667 1009 2767 subsequentes
1053 2683 1356 2742 auctores
1405 2667 1514 2739 his
1567 2667 1821 2740 addunt
1868 2667 2248 2742 testimonia
2283 2683 2578 2767 patrum,

369 2782 486 2883 qni
534 2797 925 2857 constanter
973 2783 1224 2880 gratiae
1271 2781 1712 2855 conferendae
1759 2780 1893 2854 vim
1941 2782 2338 2855 sacerdotali
2382 2782 2586 2855 bene-

369 2896 646 2970 dictioni
696 2895 1028 2983 tribuunt3
1069 2896 1459 2969 nominatim
1494 2919 1653 2969 vero
1687 2896 2028 2996 proferunt
2062 2897 2534 2971 Tertullianum
2564 2955 2579 2984 ,

370 3013 488 3111 qui
522 3011 645 3084 lib.
681 3014 767 3084 11.
799 3011 897 3083 Ad
930 3036 1122 3084 uxor.
1166 3012 1507 3111 cap.vl11.
1547 3011 1794 3084 «Unde
1838 3011 2287 3099 sufficiamus,
2330 3013 2578 3112 inquit,

369 3126 458 3199 ad
499 3127 942 3201 enarrandam
994 3126 1371 3201 felicitatem
1414 3126 1558 3201 eius
1598 3126 2043 3214 matrimonii,
2083 3128 2264 3226 quod
2300 3116 2585 3200 ecclesia

367 3243 714 3331 conciliat,
770 3258 836 3316 et
882 3242 1231 3315 confirmat
1290 3240 1578 3329 oblatio,
1635 3256 1701 3315 et
1747 3240 2045 3340 obsiqnat
2111 3242 2514 3313 benedictio?
2542 3271 2578 3310 n

375 3359 719 3431 Proierunt
752 3359 907 3431 item
933 3357 1337 3431 Clementem
1371 3350 1541 3430 alex.
1568 3358 1685 3457 qui
1715 3357 1831 3429 lib.
1856 3356 1943 3429 11.
1971 3360 2278 3429 Stromat.
2303 3358 2582 3455 loquens

368 3472 464 3545 de
496 3472 912 3547 matrimonio
944 3473 1277 3558 «Eorum,
1318 3472 1435 3571 qui
1471 3487 1622 3544 sunt
1653 3473 2072 3572 sanctificati,
2108 3473 2237 3558 ait,
2280 3486 2581 3543 sanctum

370 3610 673 3687 qnoque,
711 3604 785 3660 ut
819 3602 979 3686 puto
1002 3645 1017 3674 ‚
1060 3613 1287 3659 semen
1322 3602 1445 3660 est.
1481 3587 1574 3660 Ac
1626 3584 1818 3660 nobis
1868 3586 2140 3686 quidem
2192 3585 2388 3659 debet
2433 3610 2586 3659 esse

370 3703 859 3790 sanctificatuS,
909 3728 1043 3775 non
1100 3702 1312 3775 solum
1363 3703 1673 3802 spiritus,
1718 3703 1837 3776 sed
1885 3718 1952 3775 et
1999 3727 2254 3787 mores,
2297 3716 2361 3773 et
2392 3701 2575 3785 vita,

367 3834 436 3892 et
483 3844 727 3917 corpus
767 3821 944 3913 (1);»
979 3844 1100 3891 nec
1126 3844 1259 3890 non
1296 3844 1353 3889 s.
1382 3817 1803 3891 Ambrosium
1843 3819 2057 3918 Epist.
2091 3818 2261 3889 xlx.
2296 3817 2380 3889 ad
2405 3818 2585 3915 vigi-

368 3932 535 4007 lium
568 3934 1000 4008 scribentem:
1040 3933 1260 4007 «Cum
1297 3933 1517 4032 ipsum
1568 3935 1951 4031 coniugium
1999 3933 2329 4007 velamine
2364 3960 2582 4007 sacer-

368 4049 576 4123 dotali
613 4065 679 4122 et
719 4048 1184 4123 benedictione
1233 4048 1630 4122 sanctificari
1684 4064 2022 4147 oporteat,
2078 4049 2414 4148 quomodo
2466 4076 2583 4148 po—

370 4181 499 4239 test
538 4165 924 4263 coniugium
962 4163 1129 4251 dici,
1178 4162 1293 4236 ubi
1338 4188 1471 4237 non
1514 4179 1617 4237 est
1659 4162 1814 4236 fidei
1851 4164 2580 4261 concordiai'(2)»tum

519 4353 590 4416 (t)
622 4353 749 4404 mit.
770 4353 941 4403 venet.
965 4353 1165 4412 Potterii
1185 4354 1305 4404 tom.
1330 4355 1367 4404 1.
1388 4366 1497 4416 pag.
1522 4359 1629 4404 5³2.
1649 4351 1813 4403 collat.
1834 4352 1919 4403 lib.
1938 4352 2020 4402 lv.
2046 4352 2092 4416 §.
2118 4358 2190 4403 η.
2213 4364 2320 4415 Μ.
2344 4358 2453 4402 60².

512 4432 587 4496 (²)
618 4432 708 4483 nd.
733 4435 889 4484 Maur.
914 4434 1035 4484 tom.
1055 4434 1096 4483 1.
1121 4433 1215 4483 eol.
1237 4436 1322 4484 ⁸41
1347 4445 1450 4496 teq-
2441 4509 2482 4551 ἐκ
