3276 5083
625 450 766 500 cu.
802 451 864 497 v.
899 447 978 498 nt
1010 447 1245 499 mmsr.
1278 448 1593 500 courum.
1625 450 1769 500 aar.
1803 451 1897 500 111.
1932 451 2076 499 Aac.
2110 449 2339 500 rator..
2461 429 2597 498 155

377 590 559 666 quae
605 564 1088 639 recentioribus
1140 565 1552 664 temporibus
1603 591 1766 639 sese·
1791 592 2003 662 magis
2037 565 2412 640 clarissime
2445 593 2597 667 pro-

379 680 562 753 didit
609 679 678 752 in
726 679 1181 753 oecumenicis
1231 679 1536 754 conciliis
1562 738 1577 767 ,
1635 680 1705 751 in
1741 679 2148 779 apostolicae
2182 680 2367 754 sedis
2404 681 2599 756 factis

383 794 721 894 dictisque
746 851 762 881 ,
804 809 1005 894 atque
1038 794 1107 866 in
1145 795 1486 869 communi
1523 822 1729 869 sensu
1763 794 2090 868 ecclesiae
2115 795 2369 893 ipsine,
2403 822 2603 893 agen-

380 909 591 1009 dique
637 909 916 983 ratione.
962 909 1144 983 Haec
1195 909 1583 984 evolvamus
1637 909 2051 1007 singillatim.

524 1024 620 1097 Ac
669 1023 883 1124 primo
932 1024 1209 1123 quidem
1263 1039 1618 1098 occurrunt
1668 1024 1802 1097 duo
1850 1039 2362 1099 commemorata
2403 1049 2603 1098 oecu-

379 1137 642 1211 menica
692 1136 1017 1224 concilia,
1071 1138 1498 1212 florentinum
1548 1164 1628 1212 ac
1680 1138 2135 1212 tridentinum.

525 1250 934 1325 Florentium
985 1250 1056 1323 in
1091 1251 1526 1325 instructione
1559 1252 1718 1325 data
1751 1278 1871 1352 pro
1908 1251 2215 1326 iacobitis
2250 1252 2337 1325 ab
2383 1253 2601 1351 Euge·

381 1367 499 1439 nio
532 1366 636 1438 lv.
678 1365 747 1438 in
783 1365 1087 1439 eiusdem
1123 1367 1387 1440 concilii
1425 1368 1926 1441 continuatione
1950 1423 1966 1454 ,
2008 1394 2184 1467 quae
2219 1384 2371 1467 post
2409 1394 2603 1465 grae-

379 1505 610 1554 corum
636 1478 1012 1553 discessum
1035 1536 1050 1567 ‚
1086 1480 1453 1554 Florentiae
1483 1482 1773 1580 primum
1795 1539 1812 1568 ,
1846 1481 2092 1555 deinde
2116 1481 2597 1556 Romaelocum

379 1593 619 1667 habuit
652 1594 721 1666 in
757 1593 1157 1667 lateranensi
1192 1594 1478 1669 basilica
1510 1598 1690 1691 (33).
1720 1596 2131 1695 «Septimum
2158 1612 2261 1671 est
2284 1654 2300 1683 ,
2334 1597 2591 1697 inquit,

371 1723 868 1783 sacramentum
919 1709 1362 1798 matrimonii,
1419 1712 1600 1810 quod
1655 1727 1758 1784 est
1789 1713 2060 1810 signum
2106 1712 2597 1786 coniunctionis

373 1823 626 1898 Christi
677 1840 745 1897 et
792 1823 1150 1912 ecclesiae,
1209 1826 1580 1900 secundum
1632 1825 2026 1927 Apostolum
2077 1826 2429 1900 dicentem.
2472 1829 2599 1900 Sa-

371 1953 774 2012 cranoensum
809 1936 921 2011 Ιιοὸ
953 1965 1261 2038 maqnum
1297 1956 1391 2014 est
1423 1957 1553 2015 etc.
1600 1942 1820 2015 Causa
1862 1944 2152 2043 efficiens
2199 1944 2603 2015 matrimonii

375 2053 773 2150 regulariter
820 2070 923 2127 est
970 2068 1242 2128 mutuus
1291 2082 1662 2130 consensus
1716 2058 2086 2156 per-verba
2136 2057 2222 2130 de
2260 2057 2594 2155 praesenti

374 2193 739 2266 expressus
778 2170 1004 2264 (34).»
1029 2169 1097 2241 Si
1135 2167 1339 2266 igitur
1387 2197 1508 2271 per
1556 2170 1986 2243 florentinum
2038 2170 2399 2244 concilium
2449 2196 2597 2243 mu-

380 2296 544 2353 tuus
593 2306 954 2356 consensus
1004 2299 1108 2356 est
1156 2309 1361 2357 causa
1410 2283 1708 2356 efficiens
1767 2282 2205 2367 matrimonii,
2259 2282 2589 2381 profecto,

378 2396 499 2495 qui
539 2397 910 2496 exprimunt
943 2397 1126 2472 hunc
1157 2424 1560 2473 consensum
1591 2455 1607 2486 ,
1652 2399 1699 2470 ii
1737 2398 1938 2472 simul
1975 2398 2339 2473 conficiunt
2373 2424 2599 2472 sacra-

372 2526 710 2598 mentum3
752 2538 950 2612 porro
999 2538 1131 2587 non
1183 2513 1297 2587 alii
1349 2512 1531 2588 hunc
1566 2539 1971 2589 consensum
2008 2512 2419 2611 exprimunt,
2462 2513 2594 2588 nisi

372 2625 881 2714 contrahentes;
936 2653 1094 2724 ergo
1142 2627 1612 2703 contrahentes
1665 2655 1746 2702 ex
1795 2654 1983 2703 conc.
2025 2628 2380 2703 florentino
2438 2645 2599 2704 sunt

378 2730 781 2815 sacramenti
834 2744 1236 2818 matrimonii
1287 2746 1603 2818 ministri.

519 2857 769 2944 Unica,
827 2884 1002 2957 quae
1049 2884 1090 2931 a
1126 2857 1452 2956 theologis
1488 2860 1813 2934 adversae
1848 2861 2253 2948 sententiae,
2295 2861 2598 2960 exceptio

380 2971 526 3059 fiat,
579 2989 727 3060 est,
784 2974 965 3072 quod
1015 2974 1371 3048 concilium
1425 2975 1592 3049 haec
1641 2975 1988 3076 protulerit
2020 2977 2107 3050 de
2147 2979 2585 3060 matrimonio,

376 3112 509 3160 non
544 3105 768 3161 autem
804 3089 890 3160 de
920 3105 1343 3162 sacramento.
1388 3090 1471 3163 At
1500 3116 1659 3164 vero
1695 3091 1765 3163 id
1802 3091 1976 3164 serio
2004 3117 2123 3165 eos
2151 3092 2374 3164 dicere
2397 3116 2594 3164 nemo

379 3215 539 3298 puto
587 3201 721 3273 sibi
783 3202 1271 3300 persuadebit:
1344 3205 1681 3302 quomodo
1743 3205 1920 3278 enim
1982 3205 2196 3303 potuit
2256 3204 2442 3304 loqui
2508 3204 2594 3276 de

375 3340 583 3389 causa
629 3316 958 3390 efficiente
1006 3318 1499 3391 matrimonium
1550 3321 1719 3419 quin
1756 3320 2141 3417 significare
2171 3320 2455 3394 voluerit
2484 3345 2595 3391 sa·—

376 3445 810 3516 cramentam,
868 3457 1018 3505 cum
1080 3448 1295 3506 aetate
1346 3432 1461 3505 illa
1504 3434 1737 3531 ignota
1792 3434 2017 3507 adhuc
2081 3434 2280 3508 suerit
2336 3434 2594 3508 invecta

380 3558 613 3642 postea
659 3545 1001 3620 distinctio
1041 3546 1110 3619 in
1162 3547 1476 3644 coniugio
1534 3547 1905 3622 christiano
1966 3550 2141 3622 inter
2201 3563 2594 3622 contractum

377 3674 448 3731 et
492 3662 1008 3734 sacramentum?
1037 3661 1309 3737 Accedit
1343 3663 1521 3763 quod
1559 3680 1696 3737 tota
1733 3665 1899 3737 haec
1935 3664 2397 3738 instructionis
2434 3690 2591 3762 pars

376 3771 463 3844 de
512 3775 947 3849 sacramentis
996 3776 1346 3878 desumpta
1396 3791 1500 3850 est
1548 3777 1633 3849 ad
1684 3777 1959 3851 verbum
2010 3804 2090 3851 ex
2134 3777 2476 3878 Opusculo
2511 3778 2582 3850 V.

377 3913 436 3959 ε.
484 3886 811 3974 'rhomam
854 3888 984 3961 iam
1034 3915 1228 3976 vero,
1291 3905 1364 3962 ut
1414 3891 1615 3988 paulo
1665 3907 1823 3964 ante
1873 3892 2323 3980 ostendimus,
2372 3891 2593 3990 Ange-

363 4000 545 4075 'licus
595 4002 828 4076 doctor
875 4005 1252 4104 promiscue
1300 4021 1584 4103 usurpat
1633 4030 1833 4080 voces
1882 4011 2278 4080 sacramenti
2324 4033 2403 4082 ac
2450 4034 2591 4080 ma-

375 4118 669 4189 trimonii
710 4118 804 4191 uti
860 4120 1276 4218 synonimus.
1320 4119 1495 4193 Illud
1547 4136 1771 4194 autem
1819 4122 2238 4220 reqalariter,
2298 4140 2373 4198 ut
2421 4122 2589 4197 alias

510 4305 612 4367 (³3)
642 4306 783 4370 Apud
814 4308 1039 4359 Harduin
1064 4312 1193 4361 Acta
1220 4323 1359 4362 conc.
1388 4314 1508 4361 tom.
1530 4311 1612 4361 lx.
1636 4310 1736 4362 col.
1760 4315 1897 4363 10³4.

510 4388 612 4448 (³⁴)
643 4386 771 4437 nuta.
796 4388 893 4439 ωι.
924 4393 1033 4439 tto.
