3276 5083
628 415 716 484 85
1060 434 1181 483 m.
1217 433 1263 481 ι.
1304 431 1480 482 ποτ.
1522 432 1567 484 1.
1602 432 1682 482 nr
1716 432 1976 484 mutu.
2018 429 2452 484 sacmnmro.

625 566 925 628 sanctum
961 550 1257 624 efficeret
1292 552 1518 645 (13).»
1551 548 1922 623 Concilium
1971 574 2129 624 vero
2176 547 2551 644 carthagin.
2585 548 2689 620 lv.
2714 543 2850 622 sta-

628 668 753 741 tuit
797 691 945 768 cap.
986 665 1153 738 XVI.
1202 665 1557 764 «Sponsus
1593 680 1659 737 et
1693 691 1941 764 sponsa
1994 691 2146 740 cum
2198 662 2640 738 benedicendi
2692 680 2849 740 sunt

625 809 666 856 a
700 780 1075 865 sacerdote,
1105 805 1146 850 a
1180 776 1567 877 parentibus
1606 779 1749 852 suis
1783 777 1887 852 vel
1925 776 2414 878 paranymphis
2455 776 2844 851 offerantur.

629 895 759 981 Qui
791 921 941 968 cum
979 892 1512 968 benedictionem
1549 893 1966 992 acceperint,
2004 892 2239 968 eadem
2280 908 2474 967 nocte
2506 919 2631 992 pro
2663 919 2853 970 reae-

628 1012 845 1085 rentia
869 1010 1085 1108 ipsius
1108 1008 1603 1083 benedictionis
1637 1010 1708 1081 in
1729 1008 2113 1106 virginitate
2145 1024 2579 1108 permaneant
2611 1010 2758 1104 (14)
2776 1066 2791 1080 .
2809 1038 2843 1078 »

770 1125 999 1222 Neque
1047 1122 1161 1196 his
1208 1121 1494 1196 contenti
1519 1179 1535 1206 ‚
1576 1137 1815 1217 urgent
1846 1122 2186 1196 decretum
2231 1121 2359 1194 sub
2391 1121 2682 1200 Evaristi
2723 1147 2851 1196 no-

627 1239 807 1312 mine
838 1264 880 1309 a
915 1236 1230 1309 Gratiano
1258 1234 1599 1333 vulgatum
1632 1235 1831 1306 XXX.
1866 1262 1981 1334 qu.
2019 1238 2087 1306 5.
2123 1261 2182 1308 c.
2218 1237 2287 1306 1.
2321 1235 2548 1308 Aliter.
2585 1234 2853 1310 «Aliter

628 1351 997 1450 legitimum
1027 1376 1161 1423 nou
1187 1350 1275 1423 sit
1298 1348 1688 1445 coniugium
1713 1348 1872 1421 nisi.
1902 1407 1914 1420 .
1945 1406 1961 1420 .
1986 1375 2185 1422 ‚uxor
2222 1364 2486 1450 petatur
2505 1407 2521 1421 .
2548 1406 2563 1422 .
2589 1407 2606 1420 .
2626 1365 2692 1424 et
2724 1375 2854 1424 suo

628 1485 923 1566 tempore
961 1464 1493 1550 sacerdotaliter,
1535 1480 1611 1537 ut
1647 1489 1794 1538 mos
1832 1480 1969 1551 est,
2018 1487 2169 1538 cum
2221 1464 2536 1563 precibus
2569 1481 2636 1538 et
2669 1465 2853 1540 obla-

627 1582 927 1658 tionibus
974 1607 1015 1652 a
1064 1579 1411 1654 sacerdote
1457 1578 1915 1653 benedicatur.
1958 1637 1973 1650 .
2016 1637 2031 1651 .
2065 1581 2165 1652 lta
2207 1594 2513 1678 peracta,
2554 1579 2850 1677 legitima

631 1697 863 1769 scitote
915 1720 1069 1767 esse
1119 1693 1490 1767 connubia:
1550 1692 1745 1767 aliter
1789 1720 1946 1768 vero
1995 1710 2425 1794 praesumpta
2448 1751 2468 1781 ,
2508 1721 2643 1769 non
2692 1719 2854 1768 con-

636 1811 816 1907 iugia
862 1868 879 1896 ‚
949 1809 1068 1883 sed
1118 1807 1444 1883 adulteria
1478 1867 1493 1897 ,
1559 1808 1665 1883 vel
1713 1808 2188 1894 contubernia,
2239 1808 2345 1882 vel
2394 1824 2630 1909 stupra
2662 1866 2680 1898 ‚
2734 1827 2853 1884 aut

630 1925 1124 1998 fornicationes,
1162 1955 1198 1994 n
1238 1924 1419 1998 Licet
1461 1949 1618 1997 vem
1667 1923 1995 1997 eiusmodi
2045 1922 2382 1997 decretum
2433 1923 2708 1997 minime
2757 1924 2852 1998 sit

624 2039 1029 2137 genuinum,
1070 2038 1269 2112 refert
1304 2053 1523 2111 tamen
1573 2037 1892 2136 antiquae
1938 2036 2265 2110 ecclesiae
2312 2063 2621 2123 sensum,
2661 2036 2849 2114 illius

631 2181 871 2253 nempe
918 2154 1181 2240 aetatiS,
1224 2153 1293 2226 in
1326 2178 1464 2252 qua
1510 2151 1850 2227 decretum
1902 2152 2127 2252 ipsum
2178 2152 2604 2252 suppositum
2647 2168 2753 2228 est
2783 2169 2852 2226 et

626 2270 1009 2346 confictum.

773 2387 1021 2481 Urgent
1054 2399 1394 2483 praeterea
1427 2384 1846 2460 Theodorum
1881 2387 2208 2461 Studitam
2231 2445 2247 2472 ‚
2279 2386 2390 2460 cui
2414 2413 2568 2462 cum
2605 2412 2850 2486 propo—

626 2502 758 2575 sita
793 2515 973 2575 esset
1007 2525 1045 2572 a
1080 2500 1440 2573 Mancratio
1470 2501 1778 2598 quaestio
1818 2527 1976 2577 num
2011 2501 2261 2600 digami
2297 2499 2605 2577 benedici
2639 2517 2707 2577 et
2738 2527 2849 2578 co—

628 2616 847 2690 ronari
912 2630 1190 2712 possent
1231 2671 1245 2698 ‚
1312 2615 1662 2712 respondit
1708 2614 1993 2713 epistola
2042 2618 2116 2688 L.
2163 2647 2198 2687 α
2230 2616 2551 2702 Quaestio
2601 2634 2720 2693 tua
2765 2618 2850 2692 dc

628 2727 920 2823 digamis
973 2726 1134 2812 fuit,
1176 2727 1357 2825 quod
1408 2727 1492 2799 de
1542 2754 1769 2802 eorum
1820 2730 2290 2805 coniunctione
2332 2731 2710 2807 dubitatum
2745 2732 2848 2805 su-

630 2842 792 2926 erit,
823 2840 1213 2914 coronarine
1253 2841 1426 2915 sicut
1462 2843 1844 2940 monogami
1883 2843 2202 2931 debcant,
2244 2872 2334 2919 an
2367 2845 2551 2920 non?
2574 2848 2662 2920 Et
2683 2872 2852 2946 quo-

630 2982 783 3031 nam
836 2971 1065 3056 pacto,
1122 2956 1456 3055 siquidem
1506 2956 1635 3032 hoc
1694 2958 1850 3045 fiat,
1919 2960 2408 3057 coniungantur
2433 3018 2449 3048 ,
2508 2961 2851 3037 sacerdote

630 3071 780 3146 illos
815 3071 1091 3144 minime
1123 3070 1501 3170 copulante.
1527 3103 1561 3141 »
1585 3071 1752 3145 Cum
1787 3099 1944 3149 vero
1981 3073 2285 3173 pluribus
2337 3076 2705 3150 ostenderit
2736 3101 2849 3151 co-

631 3189 886 3273 ronari,
929 3214 1048 3260 scu
1085 3186 1395 3261 benedici
1423 3187 1607 3261 haud
1643 3187 1887 3262 debere
1928 3189 2274 3287 digamos,
2319 3190 2537 3289 pergit
2567 3190 2841 3265 dicens:

633 3322 667 3374 α’
701 3303 996 3389 Quaeres
1044 3302 1355 3375 forsitan:
1413 3302 1748 3401 quomodo
1781 3330 1938 3401 ergo
1970 3306 2488 3402 coniungantur,
2508 3334 2542 3375 n
2568 3329 2849 3402 respou-

626 3419 904 3519 detque:
928 3417 1292 3490 «Humanis
1311 3418 1545 3517 officinis
1571 3418 1748 3493 sicut
1769 3436 1838 3493 et
1861 3419 2151 3516 trigami,
2171 3420 2586 3521 etpolygami
2612 3422 2679 3515 (1
2691 3422 2761 3514 Β)
2778 3449 2842 3505 ,»

629 3559 871 3633 nempe
893 3532 1041 3606 sine
1072 3531 1468 3605 sacramenti
1504 3531 1858 3606 collatione
1892 3559 2141 3632 perque
2177 3534 2398 3609 solum
2430 3551 2845 3609 contractum

630 3647 1033 3734 naturalem,
1091 3662 1206 3720 aut
1238 3646 1523 3720 civilem.

770 3764 869 3834 Ex
903 3763 1011 3836 his
1048 3780 1267 3837 autem
1316 3760 1606 3860 aliisque
1649 3761 1985 3837 similibus
2019 3778 2279 3863 patrum
2302 3821 2320 3850 ,
2359 3763 2842 3848 conciliorum,

625 3876 1160 3977 scriptorumque
1184 3876 1788 3952 ecclesiasticorum
1816 3878 2233 3953 documentis
2257 3878 2602 3976 colligunt,
2643 3877 2850 3953 mani-

627 3991 864 4062 festum
890 3992 1161 4067 omnino
1187 4018 1339 4066 esse
1364 4019 1640 4067 sensum
1665 3993 1866 4067 totius
1894 3993 2310 4094 antiquitatis
2333 3994 2439 4068 vel
2460 3993 2546 4067 ab
2571 3994 2722 4096 ipsa
2745 4018 2851 4066 ae-

765 4192 865 4253 (13)
896 4191 1007 4241 Lib.
1029 4194 1092 4241 11.
1117 4193 1166 4242 in
1188 4197 1320 4244 toan.
1343 4209 1387 4245 c.
1406 4198 1444 4245 1.
1464 4209 1578 4259 opp.
1602 4197 1722 4246 tom.
1745 4197 1828 4245 lv.
1854 4209 1963 4260 pag.
1997 4203 2101 4248 185.
2124 4197 2204 4249 ed.
2227 4198 2381 4249 Paris.
2410 4205 2548 4251 teas.

767 4271 867 4332 (14)
899 4275 988 4320 An.
1013 4275 1119 4320 398.
1144 4272 1284 4335 Apud
1307 4273 1528 4324 fflrduin
1554 4276 1734 4325 tom.1.
1755 4275 1849 4325 col.
1871 4282 1982 4327 980.

769 4352 868 4414 (ts)
895 4350 1036 4414 Apud
1059 4350 1391 4416 Sirmondum,
1410 4368 1524 4418 opp.
1546 4355 1627 4406 cd.
1649 4356 1804 4406 Paris.
1833 4362 1966 4408 1696.
1988 4358 2107 4409 tom.
2134 4360 2193 4408 v.
2221 4371 2327 4422 pag.
2354 4364 2578 4411 8520355.
