3276 5083
662 444 797 514 114
1073 464 1194 513 us.
1236 464 1279 513 1.
1324 463 1494 513 secr.
1548 464 1596 511 1.
1622 463 1702 512 ns
1737 464 1993 514 mrum.
2020 463 2442 515 sAcaAnssn'ro.
2627 411 2691 444 N

662 580 791 651 ritu
841 605 1081 676 nempe
1131 602 1321 653 sacro
1354 606 1430 652 ac
1467 581 1763 678 legitima
1795 579 2069 652 ratione.
2113 579 2245 652 Nec
2280 578 2371 650 ibi
2408 578 2605 652 etiam
2643 605 2864 655 sermo

657 710 759 768 est
823 694 909 766 de
972 693 1430 767 benedictione
1498 694 1877 769 necessaria
1933 693 2019 766 ad
2087 693 2568 766 conficiendum
2636 720 2866 768 sacra-

656 824 979 881 mentum.

800 920 976 1007 Quid
1044 922 1244 1019 igitur
1293 921 1422 995 sibi
1474 921 1705 997 volunt
1759 919 2085 995 eiusmodi
2153 936 2415 1020 patrum
2477 922 2864 996 testimonia

656 1039 972 1133 eoeeqetice
1007 1063 1048 1109 a
1082 1036 1349 1109 doctore
1384 1036 1548 1132 Berg
1581 1035 1925 1134 expensa?
1959 1034 2136 1106 Nihil
2173 1031 2397 1122 aliud,
2438 1061 2637 1135 quam
2674 1035 2860 1135 quod

652 1152 942 1226 diximus
970 1209 985 1236 ,
1032 1151 1411 1248 coniugium
1464 1150 1718 1225 scilicet
1753 1150 2048 1222 fidelium
2083 1149 2447 1224 sacerdotis
2481 1151 2863 1248 praesentia

650 1280 716 1338 et
763 1264 1225 1338 benedictione
1286 1260 1706 1338 cohonestari
1767 1263 2124 1349 debuisse,
2182 1289 2265 1336 ne
2311 1263 2566 1337 occulte
2613 1263 2854 1350 fieret,

652 1404 782 1452 non
832 1396 1049 1451 autem
1099 1379 1280 1479 quod
1332 1378 1461 1452 sibi
1512 1375 1947 1451 evincendum
2009 1377 2357 1477 proposuit
2403 1377 2515 1452 hic
2570 1377 2801 1454 doctor
2834 1436 2851 1465 ,

650 1493 1055 1568 sacerdotem
1103 1518 1256 1565 esse
1304 1492 1700 1566 sacramenti
1759 1491 1964 1564 huius
2017 1491 2418 1564 ministrum.

792 1602 1366 1679 Idem·serendum
1410 1603 1733 1679 iudicium
1768 1605 1853 1679 de
1896 1604 2198 1681 formulis
2249 1605 2611 1680 identidem
2665 1632 2707 1680 a
2747 1635 2865 1708 pa-

648 1720 859 1793 tribus
894 1721 1269 1819 usurpatis:
1303 1720 1749 1792 Benedictione
1781 1722 2007 1819 iuqum
2030 1721 2302 1818 imponi,
2336 1721 2717 1818 coniugium
2743 1723 2859 1794 ob-

643 1837 935 1933 siqnari,
974 1830 1387 1932 sanctificari
1406 1848 1740 1933 oportere,
1781 1832 2066 1933 aliisque
2099 1833 2463 1921 eiusmodi,
2506 1835 2566 1907 si
2600 1836 2747 1909 suis
2782 1836 2854 1908 in

648 1948 1063 2024 contextibus
1087 1948 1570 2047 expendantur.
1594 1947 1761 2020 Cum
1789 1973 1946 2021 vero
1972 1945 2388 2034 Tertulliani,
2417 1948 2636 2020 Siricii
2654 2004 2670 2033 ,
2701 1949 2862 2021 Am-

647 2062 889 2151 brosii,
920 2056 987 2136 et
1007 2059 1270 2137 concilii
1296 2060 1851 2158 carthaginiensis
1878 2061 1982 2132 lv.
2005 2061 2381 2135 testimonia
2415 2061 2699 2135 examini
2724 2063 2856 2135 cri-

642 2181 771 2254 tico
787 2196 854 2253 et
871 2178 1201 2276 exegetico
1226 2178 1359 2250 iam
1380 2175 1886 2263 subiecerimus,
1909 2191 2115 2250 restat
2128 2191 2206 2249 ut
2229 2204 2288 2251 s.
2303 2176 2558 2265 Basilii,
2573 2193 2640 2250 et
2657 2176 2855 2278 s'.Cy-

640 2294 767 2366 rilli
820 2287 1233 2368 alexandrini
1273 2307 1560 2365 mentem
1610 2291 1680 2362 in
1730 2289 2020 2364 obiectis
2058 2290 2343 2364 textibus
2394 2290 2839 2389 exploremus.

782 2412 922 2482 lam
972 2435 1131 2482 vero
1193 2435 1252 2482 s.
1303 2407 1588 2481 Basilius
1638 2406 1765 2479 loc.
1818 2407 1929 2479 cit.
1989 2431 2121 2479 non
2171 2404 2464 2505 loquitur
2510 2406 2595 2480 de
2642 2407 2852 2479 beness

636 2525 927 2598 dictione
962 2523 1393 2611 sacerdotali,
1435 2521 1521 2605 de
1553 2547 1689 2622 qua
1722 2547 1805 2593 ne
1830 2520 2104 2600 verbum
2139 2521 2408 2621 quidem
2442 2520 2680 2609 habet,
2722 2522 2844 2596 sed

634 2627 872 2711 alludit
897 2637 981 2710 ad
1008 2636 1535 2710 benedictionem
1563 2663 1604 2709 a
1627 2640 1767 2711 Deo
1794 2635 2369 2736 protoparentibus
2395 2636 2619 2709 datam
2639 2693 2655 2722 ,
2689 2660 2842 2708 cum

636 2752 922 2850 primum
940 2742 1321 2823 'institutum
1347 2750 1434 2823 ab
1458 2777 1537 2824 eo
1559 2751 1784 2824 fuitne
1809 2750 2225 2824 benedictum
2251 2751 2630 2847 coniugium
2657 2751 2803 2845 (21)
2821 2806 2836 2820 .

775 2864 844 2935 S.
901 2862 1194 2962 Cyrillus
1242 2862 1414 2937 alex.
1472 2891 1556 2936 ne
1603 2864 1878 2937 verbum
1930 2865 2175 2963 pariter
2235 2865 2464 2951 habet,
2523 2865 2700 2963 quod
2747 2863 2836 2937 ad

633 2978 1103 3054 sacerdotalem
1152 2979 1677 3055 benedictionem
1729 2978 2079 3067 reseratur,
2121 2979 2239 3053 sed
2273 2979 2412 3075 agit
2443 2980 2528 3052 de
2561 2979 2676 3051 illa
2721 2978 2843 3053 be—

631 3093 1030 3181 nedictione,
1056 3084 1191 3193 qua
1226 3093 1509 3192 ipsemet
1541 3090 1846 3167 Christus
1883 3093 2176 3193 nuptias,
2217 3093 2463 3192 quibus
2496 3093 2795 3167 interfuit
2815 3151 2833 3180 ‚

630 3202 1104 3297 sanctificavit,
1135 3225 1202 3282 et
1226 3209 1294 3280 in
1324 3208 1458 3281 illis
1484 3209 1753 3308 nuptias
1777 3234 2007 3283 omnes
2034 3208 2289 3282 futuras
2315 3209 2486 3283 inter
2510 3207 2842 3300 Christia-

610 3314 788 3413 nos,
829 3323 1009 3423 quod
1045 3316 1238 3397 nemo
1272 3347 1588 3421 umquam
1624 3321 1958 3396 inficiatus
1993 3337 2094 3397 est
2127 3322 2196 3394 in
2233 3346 2649 3421 quacumque
2683 3346 2844 3395 sen·-

626 3443 852 3516 tentia.

770 3556 958 3643 Quae
1003 3545 1368 3633 afferuntur
1399 3581 1480 3629 ex
1514 3555 1861 3629 Theodoro
1894 3556 2142 3629 studita
2172 3554 2567 3628 contrarium
2604 3552 2840 3650 potius

625 3662 951 3746 evincunt
983 3671 1080 3750 ab·
1116 3697 1195 3745 eo
1243 3671 1420 3770 quod
1472 3671 1675 3743 huius
1727 3671 2088 3744 sententiae
2121 3670 2380 3769 patroni
2415 3667 2549 3741 sibi
2582 3654 2835 3766 propo-

766 3920 866 3983 (21>
901 3923 1106 3974 Disserit
1125 3935 1165 3973 s.
1182 3923 1363 3972 Doctor
1386 3920 1437 3970 in
1456 3921 1548 3970 hac
1569 3919 1772 3970 homilia
1795 3919 1858 3969 de
1877 3918 2130 3982 reptilibus
2145 3955 2161 3980 ,
2181 3931 2391 3981 quornm
2423 3915 2666 3966 diversam
2690 3913 2827 3965 indo·

622 4000 717 4051 iem
734 4036 751 4064 ,
769 3998 1053 4066 instinctus,
1070 4015 1229 4053 mores
1247 4003 1463 4064 enarrat,
1483 4014 1541 4051 ac
1555 3998 1733 4050 deinde
1752 3999 1802 4051 in
1822 4011 1965 4049 sensu
1984 3997 2222 4049 moi-aliea
2238 3998 2344 4060 ipsa
2356 3995 2418 4045 ad
2434 3996 2656 4045 homines
2670 3996 2833 4045 trans·

620 4079 736 4141 fert,
763 4079 909 4142 atque
927 4079 1141 4133 indidem
1164 4082 1307 4131 nacta
1326 4080 1602 4142 occasione,
1626 4091 1711 4129 eos
1732 4077 1955 4127 hortatur
1972 4076 2034 4126 ad
2054 4075 2325 4126 animorum
2344 4075 2571 4124 unionem
2586 4074 2639 4122 in
2656 4072 2836 4123 coniu—

618 4159 698 4224 gio
732 4158 1049 4220 servandam,
1079 4172 1147 4211 ω
1163 4160 1297 4224 quod
1318 4160 1596 4223 coniugium
1624 4159 1693 4207 sit
1717 4159 1920 4207 naturae
1946 4156 2225 4219 vinculum,
2244 4157 2296 4206 et
2304 4167 2406 4219 per
2425 4152 2834 4205 benedictionem

615 4241 712 4291 Dei
733 4238 898 4302 iugum
920 4238 1038 4302 ipsis
1057 4239 1354 4302 impositum.
1366 4243 1437 4291 En
1456 4240 1561 4290 eius
1574 4239 1722 4289 verba
1739 4257 1750 4286 ε
1767 4257 1793 4281 «ι
1804 4237 2038 4294 Quamvis
2053 4235 2239 4287 externi
2259 4234 2384 4284 iuter
2396 4246 2484 4283 vos
2505 4231 2639 4294 sitis,
2662 4234 2835 4282 men

618 4321 668 4370 in
699 4317 912 4382 coniugii
946 4318 1226 4369 societatem
1257 4320 1578 4371 convenistis:
1620 4318 1714 4367 hoc
1745 4317 1948 4366 naturae
1977 4315 2225 4368 vinculum
2239 4352 2253 4377 ,
2274 4313 2371 4365 hoc
2387 4314 2559 4377 iugum
2577 4311 2831 4377 perum·

616 4399 877 4452 dictionem
915 4397 1222 4464 impositum,
1247 4398 1533 4450 distantium
1553 4396 1619 4448 sit
1638 4395 1967 4447 coniunctio.»
