3276 5083
831 456 969 506 cu.
998 455 1046 506 1.
1079 455 1159 505 ns
1193 453 1456 505 mma.
1489 452 1725 504 emus.
1747 450 2018 504 mrum.
2050 453 2193 504 ur.
2213 451 2286 503 11.
2528 430 2666 503 223

434 594 649 652 ratum
702 573 936 648 haberi
988 572 1207 671 possit
1250 596 1474 646 coram
1524 569 1936 646 conscientia
1991 568 2361 665 (nimirum
2411 566 2668 645 adulte-

430 695 606 764 rium
656 691 836 763 iuxta
888 687 1498 786 interpretationem
1567 684 2081 786 protestantium
2106 687 2177 780 );
2233 701 2343 758 ast
2399 710 2481 758 ex
2539 685 2670 760 hoc

432 832 800 906 numquam
849 805 1195 904 quispiam
1245 802 1494 877 inferre
1535 801 1781 902 poterit
1824 799 2122 874 voluisse
2164 797 2510 873 Christum
2562 827 2668 874 rev

431 923 655 1021 gulam
685 922 920 1018 figere,
954 946 1036 992 ac
1061 919 1420 992 decernere
1454 942 1813 1018 quousque
1848 917 2017 1013 leqes
2050 915 2275 989 civiles
2307 915 2665 989 divortium

430 1038 696 1135 possint
738 1036 1136 1136 permittere.
1182 1032 1745 1132 Quandoquidem
1797 1031 1989 1117 ratio,
2030 1056 2166 1130 qua
2199 1030 2348 1130 ipse
2396 1030 2670 1130 exponit

427 1150 918 1249 legislationem
947 1149 1309 1222 mosaicam
1338 1147 1571 1221 Matth.
1595 1148 1770 1219 XIX.
1801 1149 1840 1217 8
1869 1171 2063 1245 seqq.
2090 1145 2411 1219 iustificat
2445 1145 2661 1243 legem

429 1267 717 1353 civilem,
764 1291 940 1365 quae
983 1264 1199 1362 magis
1233 1262 1777 1339 accommodatur
1808 1261 2180 1358 exigentiae
2214 1260 2497 1335 actualis
2530 1279 2667 1335 sta-

431 1398 540 1453 tus
576 1379 847 1452 moralis
869 1436 884 1465 ‚
928 1405 1130 1478 quam
1165 1378 1349 1478 quod
1381 1392 1840 1477 expectaretur
1874 1402 1916 1448 a
1948 1375 2349 1473 coniugibus
2385 1375 2472 1448 ad
2509 1402 2663 1475 per-

428 1494 673 1567 fectum
723 1494 1099 1567 officiorum
1142 1493 1663 1567 christianorum
1697 1491 2254 1588 complementum
2274 1547 2290 1578 ,
2346 1516 2665 1590 quaeque

427 1609 603 1706 exigi
650 1626 988 1708 nequeunt
1036 1608 1395 1683 violentiae
1433 1634 1560 1706 ope
1601 1608 1832 1702 (28).»

573 1725 837 1798 Scilicet
883 1750 964 1796 ex
1010 1723 1139 1798 hoc
1189 1723 1702 1822 protestantium
1752 1719 2023 1796 oraculo
2073 1720 2244 1794 bene
2294 1735 2515 1819 potest
2564 1720 2661 1794 le-

423 1837 690 1937 gislatio
740 1838 959 1913 civilis
987 1896 1003 1924 ,
1059 1837 1370 1938 quamvis
1415 1836 1728 1923 Christus
1764 1861 1886 1934 pro
1920 1833 2207 1909 ecclesia
2242 1861 2366 1908 sua
2399 1850 2662 1909 contra-

427 1956 598 2029 rium
620 1956 902 2030 edixerit
923 2011 939 2041 ,
974 1954 1352 2053 permittere
1379 1952 1669 2026 divortia
1692 1977 1734 2024 a
1759 1951 2028 2025 Christo
2062 1950 2403 2049 abrogata.
2447 1951 2659 2026 Immo

424 2070 580 2143 licet
617 2070 734 2167 qui
783 2068 1061 2141 dimittit
1105 2094 1379 2142 uxorem
1432 2094 1625 2142 suam
1662 2067 1749 2140 ad
1787 2067 1991 2140 aliam
2039 2066 2445 2153 ducendam,
2504 2093 2659 2140 reus

427 2185 545 2256 fiat
591 2182 905 2255 adulterii
955 2207 1178 2255 coram
1226 2183 1366 2256 Deo
1392 2240 1408 2268 ,
1465 2198 1688 2281 potest
1743 2197 1965 2256 tamen
2029 2180 2247 2256 civilis
2314 2180 2651 2278 legislatio

421 2295 707 2371 divortia
756 2296 1122 2370 concedere
1155 2313 1223 2369 et
1255 2296 1727 2384 cohonestare,
1766 2322 1858 2368 ne
1886 2296 2194 2369 videatur
2225 2296 2363 2369 vim
2407 2293 2655 2368 inferre

421 2411 873 2486 conscientiae
924 2411 1109 2484 illius
1131 2470 1146 2499 ‚
1190 2412 1306 2511 qui
1343 2413 1605 2485 frenum
1640 2411 1973 2485 eiusmodi
2009 2411 2270 2485 mordet
2293 2469 2308 2498 ,
2351 2437 2474 2484 nec
2507 2409 2655 2483 vult

419 2555 495 2602 se
544 2527 796 2602 Christi
845 2526 976 2625 legi
1030 2526 1444 2602 submittere.
1491 2528 1704 2628 quue
1740 2526 1869 2601 sub
1903 2541 2284 2627 praetextu,
2331 2526 2511 2628 quod
2548 2553 2652 2599 re-

417 2642 687 2741 ligionis
724 2641 998 2742 quidem
1033 2643 1125 2715 sit
1159 2643 1510 2717 interiores
1545 2643 1832 2716 affectus
1866 2642 2222 2732 moderari,
2255 2642 2339 2715 ad
2377 2641 2651 2741 legisla-

418 2760 661 2834 tionem
698 2784 856 2832 vero
891 2774 1150 2857 spectet
1186 2758 1453 2833 civilem
1488 2759 1880 2859 prospicere
1914 2759 2174 2833 actibus
2208 2758 2651 2833 exterioribus

420 2874 837 2947 subditorum
877 2873 966 2946 ad
999 2874 1249 2947 bonum
1285 2875 1652 2948 societatis.
1694 2874 1913 2974 Atque
1944 2874 2275 2950 eiusmodi
2319 2891 2479 2949 sunt
2527 2900 2651 2973 pa-

420 2987 667 3061 radoxa
692 3045 708 3075 ,
764 3014 938 3087 quae
989 2988 1171 3089 apud
1218 2989 1446 3088 plures
1497 2990 1568 3060 in
1619 2990 2001 3088 praesentia
2049 2990 2388 3077 obtinent,
2446 3017 2647 3090 quae·

419 3127 551 3200 que
598 3101 860 3198 legibus
909 3103 1280 3177 condendis
1333 3102 1632 3203 regulam
1684 3105 2034 3203 praebent.

562 3216 767 3291 Nobis
813 3243 969 3291 vero
1035 3217 1233 3291 liceat
1282 3244 1364 3292 ex
1412 3219 1740 3293 hactenus
1809 3220 1952 3295 sive
2014 3219 2374 3294 theoretice
2417 3277 2432 3306 ‚
2499 3219 2646 3293 sive

417 3330 710 3429 practice
741 3331 1125 3404 constitutis
1159 3330 1556 3406 concludere
1576 3389 1592 3419 ,
1626 3361 1748 3432 per
1772 3334 2002 3408 civilia
2033 3334 2348 3432 coniugia
2370 3332 2646 3410 mnnino

415 3443 718 3541 derogari
772 3445 1069 3519 firmitati
1110 3445 1491 3533 absolutae,
1548 3474 1672 3524 seu
1722 3448 2297 3523 indissolubilitati
2346 3448 2646 3546 coniugii

414 3557 807 3645 christiani,
862 3559 1131 3659 qualem
1182 3586 1424 3661 nempe
1470 3560 1683 3636 voluit
1731 3561 2043 3637 Christus
2079 3563 2149 3635 in
2182 3562 2470 3637 ecclesia
2519 3588 2645 3636 sua

412 3698 566 3747 esse
615 3690 1027 3773 perpetuam.
1065 3676 1205 3751 Hoc
1244 3676 1543 3777 profecto
1576 3704 1712 3752 non
1748 3678 2095 3775 ignorant,
2137 3679 2254 3779 qui
2289 3678 2471 3754 omni
2506 3704 2644 3779 qua

410 3804 695 3888 possunt
714 3789 1046 3865 industria
1066 3808 1132 3866 et
1155 3792 1411 3868 ratione
1444 3819 1834 3893 promovere
1866 3811 2185 3895 satagunt
2217 3796 2430 3894 legem
2466 3795 2638 3869 adeo

409 3906 856 4003 perniciosam
898 3907 984 3980 de
1031 3909 1453 3984 matrimonio
1505 3911 1730 3996 civili,
1771 3929 1837 3985 et
1872 3912 2119 3986 nedum
2170 3911 2256 3984 ab
2306 3911 2640 3986 eiusmodi

407 4022 823 4095 consectario
872 4021 1002 4121 legi
1054 4024 1186 4121 ipsi
1238 4025 1443 4101 insito
1493 4053 1627 4101 non
1677 4026 2077 4116 abhorrent,
2140 4053 2373 4101 verum
2436 4029 2638 4101 etiam

406 4162 556 4209 eam
624 4137 838 4235 legem
904 4154 1245 4239 tamquam
1309 4143 1826 4218 instrumentum
1893 4142 2273 4243 provehunt
2320 4143 2405 4217 ad
2458 4143 2641 4218 hunc

551 4326 654 4389 (2⁸)
687 4330 742 4377 ιιι
765 4330 2255 4400 op.goemuioe.1>rtnetptammcanontctcamotffcorum
2275 4336 2329 4386 ee
2343 4336 2638 4399 promean

410 4404 545 4455 tium
562 4406 620 4455 tn
643 4409 924 4461 Germanta
945 4423 1057 4476 cup.
1082 4411 1146 4460 11.
