3276 5083
616 391 752 462 248
1022 412 1143 462 un.
1185 413 1231 461 1.
1274 411 1444 461 sacr.
1488 410 1750 460 Αιηιυ.
1794 409 1873 459 ns
1909 408 2168 458 uranu.
2200 406 2425 458 civm.

612 530 994 603 destruatur
1024 553 1224 626 quam
1262 526 1571 626 publicae
1607 525 1983 599 auctoritati
2022 523 2335 597 conciliat
2367 522 2625 619 religio.
2651 523 2811 595 Nam

613 646 754 718 sive
803 645 920 743 qui
974 642 1187 739 legem
1238 641 1573 727 condunt,
1615 666 1751 739 qua
1783 640 2218 726 dissocietur,
2258 655 2376 710 aut
2409 637 2644 709 saltem
2679 637 2817 709 dis-

613 759 855 831 sociari
889 758 1104 857 possit
1136 758 1302 829 ratio
1336 758 1732 830 sacramenti
1779 781 1819 828 a
1862 754 2044 829 civili
2086 768 2427 827 contractu
2453 809 2469 838 ,
2510 752 2655 826 sive
2700 752 2815 850 qui

612 871 744 968 legi
798 872 889 943 ita
936 868 1427 968 obsequuntur,
1476 885 1551 941 ut
1599 868 1796 940 nihili
1852 868 2100 941 faciant
2149 879 2637 940 sacramentum
2669 922 2686 951 ,
2741 890 2820 937 ac

614 1010 889 1084 prorsus
940 981 1281 1080 negligant
1330 997 1396 1055 et
1441 983 1830 1070 excludant,
1888 981 2118 1082 procul
2176 980 2383 1054 dubio
2433 978 2817 1076 religionem

615 1101 831 1199 ipsam
881 1124 1003 1171 suo
1045 1124 1245 1197 opere
1278 1097 1684 1195 proculcant.
1728 1099 1940 1170 Erunt
1983 1123 2067 1170 ne
2097 1121 2253 1170 vero
2288 1093 2670 1168 istiusmodi
2705 1093 2823 1166 ho-

615 1213 831 1285 mines
875 1210 1144 1285 solliciti
1178 1211 1264 1283 de
1297 1210 1740 1285 auscultanda
1775 1211 2127 1307 religione,
2175 1235 2326 1282 cum
2360 1208 2461 1281 eis
2497 1208 2823 1307 praecipit

612 1326 893 1426 obsequi
947 1325 1368 1424 principibus
1403 1350 1483 1398 ac
1515 1326 2042 1423 magistratibus,
2084 1325 2321 1423 eisque
2356 1323 2662 1408 subesse,
2713 1322 2823 1395 ob-

616 1458 986 1537 temperare
1007 1496 1022 1525 ,
1055 1465 1135 1511 ac
1161 1466 1276 1512 eos
1303 1439 1680 1512 honorare?
1722 1442 1927 1513 Nemo
1962 1464 2171 1513 sanus
2206 1437 2498 1536 profecto
2539 1436 2814 1521 dixerit;

617 1580 771 1626 nam
806 1554 923 1650 qui
961 1554 1174 1625 Deum
1224 1578 1357 1625 non
1401 1555 1611 1639 timet,
1669 1579 1792 1627 nec
1833 1580 2052 1650 regem
2103 1551 2537 1637 honorificat3
2579 1549 2724 1624 sola
2754 1550 2821 1623 vi

617 1669 686 1739 in
741 1666 965 1738 officio
1017 1666 1430 1752 continetur;
1490 1666 1754 1738 interim
1806 1666 2034 1752 inviti,
2090 1666 2207 1765 qui
2250 1665 2416 1738 tales
2467 1679 2655 1750 sunt,
2695 1663 2824 1735 fre-

617 1795 851 1866 munt,
909 1804 989 1852 ac
1038 1779 1301 1876 legibus
1361 1780 1846 1868 subiiciuntur,
1912 1782 2077 1880 quia
2123 1797 2354 1854 contra
2399 1777 2582 1876 leges
2630 1803 2825 1876 agere

619 1917 978 2002 nequeunt.
1014 1900 1143 1974 Sed
1178 1901 1377 1975 simul
1411 1926 1492 1975 ac
1523 1903 1626 1976 eis
1661 1902 1888 2002 aliqua
1920 1929 2076 2001 spes
2103 1901 2400 1999 affulget,
2433 1915 2548 1973 aut
2579 1898 2829 1972 scintil-

617 2017 795 2105 lula,
846 2016 1031 2115 quod
1082 2016 1348 2090 tandem
1399 2018 1780 2117 praevalere
1828 2019 2140 2116 possint,
2199 2041 2278 2089 ac
2324 2017 2460 2089 vim
2509 2016 2577 2087 vi
2621 2014 2828 2113 repel-

617 2132 753 2205 lere
784 2188 799 2218 ,
850 2131 1029 2205 illico
1063 2132 1427 2229 agitantur,
1468 2149 1534 2208 et
1573 2159 1816 2207 causas
1852 2133 2248 2206 insimulant
2280 2128 2671 2227 insurgendi
2707 2129 2828 2202 ad·

617 2272 854 2320 versus
913 2271 1028 2320 eos
1052 2304 1068 2333 ‚
1122 2272 1293 2345 quos
1345 2236 1472 2321 nec*
1523 2265 1751 2322 amant
1798 2274 1920 2321 nec
1967 2262 2297 2321 verentur.
2358 2247 2459 2320 lta
2513 2243 2825 2317 nimirum

621 2359 949 2458 legislatio
982 2418 998 2447 ,
1065 2387 1239 2460 quae
1288 2362 1614 2436 ecclesiae
1663 2362 2139 2436 auctoritatem
2171 2359 2551 2460 proculcat,
2611 2357 2826 2458 ipsius

619 2475 820 2549 etiam
871 2474 1180 2574 politicae
1227 2477 1634 2552 auctoritatis
1679 2475 1882 2551 robur
1931 2476 2235 2574 infringit
2273 2477 2450 2572 (50).

757 2643 856 2706 (50)
878 2645 989 2693 Huc
1008 2643 1228 2706 apprime
1247 2643 1493 2705 quadrant
1506 2655 1633 2706 quae
1656 2643 1785 2694 idem
1803 2645 1975 2696 auctor
1992 2647 2114 2706 Aug.
2126 2643 2338 2705 moola,
2355 2643 2405 2692 in
2425 2655 2508 2705 op.
2529 2641 2614 2692 cit.
2633 2642 2700 2691 Le
2712 2653 2827 2704 pro·

622 2725 944 2773 meantum
957 2725 1050 2772 etc.
1060 2725 1172 2785 post
1182 2723 1417 2773 nonnulla
1431 2726 1659 2786 excerpta
1677 2737 1739 2773 ex
1752 2723 1951 2786 Aloyslo
1958 2725 2127 2785 Blanc,
2137 2723 2401 2774 concludit:
2417 2724 2517 2772 *La
2536 2720 2828 2780 revolution,

619 2799 694 2850 dit
712 2799 757 2848 le
773 2798 963 2849 celebre
982 2800 1225 2850 socialiste
1245 2801 1263 2859 (
1281 2803 1349 2850 Le
1360 2801 1508 2851 Blanc
1521 2801 1559 2864 ),
1575 2800 1663 2864 qui
1675 2801 1907 2864 preparee
1924 2814 2011 2864 par
2031 2802 2102 2852 les
2120 2800 2448 2864 philosophas,
2471 2797 2727 2850 continues
2743 2809 2832 2860 par

625 2879 674 2928 la
691 2877 930 2941 polithue
944 2889 1006 2926 nc
1023 2878 1356 2941 s’accomplira
1376 2890 1473 2941 que
1487 2891 1573 2942 par
1592 2878 1638 2928 le
1656 2878 1947 2941 socialisme,
1959 2878 2123 2929 devait
2140 2878 2510 2929 naturellement
2523 2887 2828 2926 commcnccr

623 2969 712 3020 pu·
731 2956 780 3005 la
800 2956 1082 3019 theologie„
1098 2959 1165 3007 Le
1182 2956 1405 3008 seiziemc
1422 2957 1570 3008 siecle
1587 2958 1664 3008 sut
1685 2958 1730 3008 le
1751 2957 1898 3008 siecle
1915 2957 1979 3008 de
1997 2957 2336 3020 l'intelligence
2351 2969 2414 3008 en
2435 2955 2646 3018 revoltc,
2670 2955 2708 3006 il
2725 2952 2831 3018 pre·

620 3048 765 3099 pars,
787 3046 849 3085 en
869 3037 1204 3098 commoneant
1223 3049 1313 3100 par
1331 3036 1530 3101 l’eglise,
1553 3037 1602 3087 la
1621 3038 1761 3087 ruine
1786 3036 1850 3088 de
1870 3038 1981 3088 tous
2002 3038 2073 3088 les
2099 3037 2296 3087 snclcns
2318 3036 2579 3099 pouvoirs,
2614 3031 2746 3084 voils
2770 3044 2829 3082 cc

623 3114 714 3178 qui
740 3114 789 3164 lc
819 3114 1126 3165 cuncterise.
1146 3140 1166 3153 ·
1186 3117 1255 3165 Le
1274 3129 1399 3179 pape
1426 3116 1547 3180 qu’il
1578 3117 1722 3179 s’agit
1741 3116 1803 3167 de
1822 3129 2097 3177 renvcrser,
2120 3115 2240 3166 c'oet
2257 3128 2324 3165 un
2345 3115 2417 3165 roi
2435 3114 2683 3178 spirituel,
2703 3113 2829 3163 mais

622 3193 750 3244 enfin
780 3193 900 3244 c'est
930 3206 997 3242 un
1025 3193 1116 3243 roi.
1140 3193 1352 3244 celui-la
1368 3207 1457 3258 par
1478 3195 1630 3257 terre,
1656 3195 1726 3245 les
1742 3198 1906 3246 autres
1922 3196 2169 3257 suivront3
2188 3206 2272 3244 car
2289 3194 2392 3245 s’en
2408 3195 2484 3245 est
2500 3193 2591 3244 fait
2606 3192 2676 3242 du
2698 3193 2828 3256 prin·

621 3274 729 3336 cipe
753 3272 1037 3334 d’sutorite,
1072 3287 1196 3337 pour
1233 3287 1328 3337 peu
1364 3275 1515 3337 qu’on
1552 3275 1794 3338 l’atteignc
1813 3275 1936 3326 dans
1955 3289 2010 3325 ss
2032 3275 2188 3325 forme
2208 3274 2259 3324 la
2276 3273 2388 3338 plus
2408 3273 2680 3336 respectes,
2708 3272 2833 3322 dans

623 3365 714 3402 son
734 3352 1062 3416 representant
1081 3351 1128 3402 le
1148 3353 1264 3416 plus
1282 3355 1509 3417 auguste;
1537 3355 1586 3403 et
1602 3356 1713 3405 tout
1732 3354 1913 3405 Luther
1946 3354 2178 3417 religieux
2212 3353 2402 3417 appelle
2434 3352 2831 3403 invinciblement

622 3444 691 3481 un
724 3431 908 3482 Luther
929 3432 1170 3495 polithue
1191 3432 1210 3496 <
1231 3446 1279 3496 p.
1304 3437 1409 3485 140.
1430 3432 1500 3495 ).»

767 3513 830 3562 Et
849 3511 1015 3574 paullo
1036 3513 1172 3575 post:
1201 3532 1225 3555 ι
1248 3515 1340 3563 Les
1360 3513 1694 3565 souvralnctss
1725 3514 2031 3576 tempor-elles
2068 3513 2233 3563 iurent
2271 3513 2538 3576 respectees
2563 3512 2630 3562 du
2670 3512 2831 3563 moins

625 3590 688 3642 ‹lc
706 3590 811 3641 salt.
836 3592 913 3640 On
932 3590 1005 3640 les
1022 3587 1212 3652 croyait
1228 3591 1611 3654 invulneratum,
1625 3594 1678 3643 et
1695 3593 1825 3643 alors
1847 3593 1893 3643 lc
1912 3593 2162 3656 croyalent
2178 3591 2557 3643 elles-memes...
2571 3593 2640 3642 cc
2653 3591 2739 3655 qui
2762 3592 2832 3641 les

623 3671 886 3734 treugis...
899 3670 1074 3721 c’ctsit
1086 3684 1173 3722 sur
1192 3672 1302 3722 tout
1322 3672 1526 3735 qu’clles
1543 3673 1796 3735 croysient
1815 3673 1982 3736 queis
1998 3672 2298 3723 destruction
2319 3672 2383 3723 de
2404 3672 2588 3735 l’eglise
2603 3671 2710 3723 leur
2722 3685 2830 3735 pro·

623 3748 805 3801 sternit
822 3762 885 3800 en
900 3750 973 3800 les
986 3749 1361 3801 sttranchisssnt
1378 3750 1442 3802 de
1459 3763 1549 3801 son
1563 3751 1698 3814 ᾖσας.
1720 3776 1738 3788 -
1756 3754 1848 3802 Les
1863 3751 2196 3802 scurrainetes
2213 3751 2396 3802 etaient
2420 3752 2668 3804 tellement
2688 3763 2831 3801 που·

626 3828 1041 3893 guen....qu’eues
1070 3829 1405 3881 descendirent
1425 3830 1547 3881 dans
1576 3831 1682 3881 leur
1716 3844 1834 3895 tang
1861 3830 1985 3894 (des
2004 3830 2351 3895 philosopha)
2381 3843 2505 3895 pour
2535 3832 2698 3895 portet
2727 3830 2835 3880 leur

627 3908 760 3957 main
781 3908 943 3971 roynlc
962 3922 1050 3960 sur
1066 3910 1194 3960 cette
1210 3909 1358 3974 eglise
1372 3945 1388 3973 ,
1409 3910 1495 3973 qul
1516 3910 1638 3961 etait
1656 3911 1927 3974 cepcndant
1957 3912 2007 3962 la
2030 3910 2330 3974 sauvegarde
2362 3911 2425 3962 de
2458 3911 2564 3962 leur
2594 3909 2804 3961 autorite
2817 3944 2835 3969 ,

623 3988 795 4037 nutant
814 3988 994 4050 qu’clle
1009 3989 1163 4040 l’ctait
1179 3989 1243 4040 ‹lc
1262 3989 1310 4041 ls
1327 4002 1441 4053 suge
1455 3989 1626 4041 liberte
1644 3991 1731 4042 des
1750 3990 2230 4055 peuploe(png.1s7.
2249 3991 2317 4053 ).»

772 4065 989 4118 Tandem
1022 4080 1121 4118 non
1149 4071 1312 4120 minus
1328 4082 1446 4120 vera
1461 4071 1602 4132 sunt,
1624 4083 1752 4134 quae
1771 4083 1832 4121 ex
1851 4069 2023 4122 ecdem
2047 4071 2396 4123 exscribimus:
2426 4091 2451 4117 ιι
2472 4071 2726 4122 L'homme
2754 4068 2834 4119 n’s

629 4159 717 4210 pas
738 4146 1108 4197 ustiurellement
1125 4148 1369 4200 l’sutorits
1387 4149 1734 4200 surl'hommc.
1758 4149 2022 4201 L’autorite
2043 4151 2168 4202 n’est
2186 4152 2331 4216 qu’en
2353 4150 2496 4202 Dieu.
2516 4174 2533 4187 ·
2552 4152 2623 4200 La
2639 4147 2840 4199 soumis·

623 4228 732 4277 sion
751 4226 782 4276 lt
800 4225 981 4276 l’ordre
1001 4229 1272 4279 sumaturcl
1295 4231 1371 4280 est
1388 4229 1512 4280 ainsi
1534 4230 1677 4281 l’ame
1694 4229 1756 4280 de
1774 4231 1911 4280 toute
1933 4231 2242 4283 soumission.
2275 4231 2411 4282 Ainsi
2428 4267 2446 4292 ,
2476 4229 2553 4280 dit
2581 4228 2834 4280 sxoellem·

626 4307 758 4356 ment
788 4307 855 4356 Μ.
876 4305 1075 4367 Guium,
1115 4305 1201 4356 des
1233 4318 1331 4369 que
1372 4307 1601 4358 l’homme
1630 4320 1764 4359 cesse
1799 4307 1863 4358 de
1902 4309 2057 4361 croire
2082 4310 2112 4359 a
2139 4309 2316 4360 l'ordre
2344 4308 2619 4359 sumatur-cl
2632 4344 2648 4368 ,
2685 4309 2735 4359 ct
2771 4305 2835 4354 de
