<?xml version="1.0" encoding="UTF-8"?>
<!DOCTYPE html PUBLIC "-//W3C//DTD XHTML 1.0 Transitional//EN"
    "http://www.w3.org/TR/xhtml1/DTD/xhtml1-transitional.dtd">
<html xmlns="http://www.w3.org/1999/xhtml" xml:lang="en" lang="en">
 <head>
  <title>
</title>
<meta http-equiv="Content-Type" content="text/html;charset=utf-8" />
  <meta name='ocr-system' content='tesseract 3.04.00' />
  <meta name='ocr-capabilities' content='ocr_page ocr_carea ocr_par ocr_line ocrx_word'/>
</head>
<body>
  <div class='ocr_page' id='page_1' title='image "./dematrimoniochr04perrgoog_0232.png"; bbox 0 0 3276 5083; ppageno 0'>
   <div class='ocr_carea' id='block_1_1' title="bbox 660 391 2470 466">
    <p class='ocr_par' dir='ltr' id='par_1_1' title="bbox 660 391 2470 466">
     <span class='ocr_line' id='line_1_1' title="bbox 660 391 2470 466; baseline 0 -5"><span class='ocrx_word' id='word_1_1' title='bbox 660 391 796 462; x_wconf 80' lang='lat'>2⁰8</span> <span class='ocrx_word' id='word_1_2' title='bbox 1042 412 1165 465; x_wconf 74' lang='grc' dir='ltr'>ιω.</span> <span class='ocrx_word' id='word_1_3' title='bbox 1206 414 1254 464; x_wconf 91' lang='lat'>1.</span> <span class='ocrx_word' id='word_1_4' title='bbox 1294 414 1466 464; x_wconf 76' lang='lat' dir='ltr'>secr.</span> <span class='ocrx_word' id='word_1_5' title='bbox 1509 415 1772 465; x_wconf 67' lang='lat' dir='ltr'>Auem.</span> <span class='ocrx_word' id='word_1_6' title='bbox 1815 415 1909 465; x_wconf 19' lang='lat' dir='ltr'>ner</span> <span class='ocrx_word' id='word_1_7' title='bbox 1948 414 2210 466; x_wconf 63' lang='lat' dir='ltr'>uirmu.</span> <span class='ocrx_word' id='word_1_8' title='bbox 2256 414 2470 465; x_wconf 77' lang='lat' dir='ltr'>cmm.</span> 
     </span>
    </p>
   </div>
   <div class='ocr_carea' id='block_1_2' title="bbox 654 529 2900 3286">
    <p class='ocr_par' dir='ltr' id='par_1_2' title="bbox 654 529 2891 1990">
     <span class='ocr_line' id='line_1_2' title="bbox 797 529 2882 632; baseline 0.001 -28"><span class='ocrx_word' id='word_1_9' title='bbox 797 530 882 604; x_wconf 87' lang='lat' dir='ltr'>Et</span> <span class='ocrx_word' id='word_1_10' title='bbox 914 556 1077 605; x_wconf 81' lang='lat' dir='ltr'>sane</span> <span class='ocrx_word' id='word_1_11' title='bbox 1110 532 1171 607; x_wconf 81' lang='lat' dir='ltr'>si</span> <span class='ocrx_word' id='word_1_12' title='bbox 1206 558 1289 605; x_wconf 88' lang='lat' dir='ltr'>ex</span> <span class='ocrx_word' id='word_1_13' title='bbox 1318 531 1542 606; x_wconf 79' lang='lat' dir='ltr'>verbis</span> <span class='ocrx_word' id='word_1_14' title='bbox 1581 532 1918 632; x_wconf 80' lang='lat' dir='ltr'>pontificis</span> <span class='ocrx_word' id='word_1_15' title='bbox 1944 589 1961 618; x_wconf 89' lang='lat'>‚</span> <span class='ocrx_word' id='word_1_16' title='bbox 2015 549 2084 605; x_wconf 91' lang='lat' dir='ltr'>et</span> <span class='ocrx_word' id='word_1_17' title='bbox 2130 557 2213 604; x_wconf 86' lang='lat' dir='ltr'>ex</span> <span class='ocrx_word' id='word_1_18' title='bbox 2262 531 2384 618; x_wconf 84' lang='lat' dir='ltr'>iis,</span> <span class='ocrx_word' id='word_1_19' title='bbox 2442 553 2622 630; x_wconf 83' lang='lat' dir='ltr'>quae</span> <span class='ocrx_word' id='word_1_20' title='bbox 2663 529 2882 606; x_wconf 86' lang='lat' dir='ltr'>hacte-</span> 
     </span>
     <span class='ocr_line' id='line_1_3' title="bbox 655 646 2882 734; baseline 0 -14"><span class='ocrx_word' id='word_1_21' title='bbox 655 674 785 723; x_wconf 82' lang='lat' dir='ltr'>nus</span> <span class='ocrx_word' id='word_1_22' title='bbox 830 673 876 720; x_wconf 87' lang='lat' dir='ltr'>a</span> <span class='ocrx_word' id='word_1_23' title='bbox 926 647 1124 722; x_wconf 79' lang='lat' dir='ltr'>nobie</span> <span class='ocrx_word' id='word_1_24' title='bbox 1183 648 1636 723; x_wconf 80' lang='lat' dir='ltr'>demonstrata</span> <span class='ocrx_word' id='word_1_25' title='bbox 1685 664 1754 722; x_wconf 90' lang='lat' dir='ltr'>et</span> <span class='ocrx_word' id='word_1_26' title='bbox 1796 647 2140 722; x_wconf 81' lang='lat' dir='ltr'>vindicata</span> <span class='ocrx_word' id='word_1_27' title='bbox 2195 661 2393 734; x_wconf 80' lang='lat' dir='ltr'>eunt,</span> <span class='ocrx_word' id='word_1_28' title='bbox 2448 646 2637 720; x_wconf 88' lang='lat' dir='ltr'>nulla</span> <span class='ocrx_word' id='word_1_29' title='bbox 2686 647 2882 722; x_wconf 85' lang='lat' dir='ltr'>datur</span> 
     </span>
     <span class='ocr_line' id='line_1_4' title="bbox 654 761 2885 839; baseline 0.001 -5"><span class='ocrx_word' id='word_1_30' title='bbox 654 762 724 835; x_wconf 92' lang='lat' dir='ltr'>in</span> <span class='ocrx_word' id='word_1_31' title='bbox 775 762 1131 837; x_wconf 85' lang='lat' dir='ltr'>connubiis</span> <span class='ocrx_word' id='word_1_32' title='bbox 1178 764 1562 839; x_wconf 81' lang='lat' dir='ltr'>christianis</span> <span class='ocrx_word' id='word_1_33' title='bbox 1615 762 1818 837; x_wconf 84' lang='lat' dir='ltr'>realis</span> <span class='ocrx_word' id='word_1_34' title='bbox 1866 761 2213 837; x_wconf 83' lang='lat' dir='ltr'>distinctio</span> <span class='ocrx_word' id='word_1_35' title='bbox 2247 761 2422 836; x_wconf 87' lang='lat' dir='ltr'>inter</span> <span class='ocrx_word' id='word_1_36' title='bbox 2467 778 2885 836; x_wconf 65' lang='lat' dir='ltr'>contractum</span> 
     </span>
     <span class='ocr_line' id='line_1_5' title="bbox 654 876 2890 977; baseline 0 -27"><span class='ocrx_word' id='word_1_37' title='bbox 654 892 723 950; x_wconf 93' lang='lat' dir='ltr'>et</span> <span class='ocrx_word' id='word_1_38' title='bbox 770 893 1296 955; x_wconf 82' lang='lat' dir='ltr'>sacramentum:</span> <span class='ocrx_word' id='word_1_39' title='bbox 1355 877 1415 952; x_wconf 85' lang='lat' dir='ltr'>si</span> <span class='ocrx_word' id='word_1_40' title='bbox 1467 894 1813 977; x_wconf 88' lang='lat' dir='ltr'>praeterea</span> <span class='ocrx_word' id='word_1_41' title='bbox 1858 876 2086 950; x_wconf 82' lang='lat' dir='ltr'>nullus</span> <span class='ocrx_word' id='word_1_42' title='bbox 2137 893 2242 950; x_wconf 82' lang='lat' dir='ltr'>est</span> <span class='ocrx_word' id='word_1_43' title='bbox 2285 876 2624 973; x_wconf 79' lang='lat' dir='ltr'>legitimus</span> <span class='ocrx_word' id='word_1_44' title='bbox 2659 878 2890 951; x_wconf 88' lang='lat' dir='ltr'>coniu-</span> 
     </span>
     <span class='ocr_line' id='line_1_6' title="bbox 655 991 2889 1090; baseline 0 -24"><span class='ocrx_word' id='word_1_45' title='bbox 655 991 826 1090; x_wconf 80' lang='lat' dir='ltr'>galis</span> <span class='ocrx_word' id='word_1_46' title='bbox 895 1007 1275 1068; x_wconf 79' lang='lat' dir='ltr'>contractus</span> <span class='ocrx_word' id='word_1_47' title='bbox 1325 993 1475 1067; x_wconf 80' lang='lat' dir='ltr'>eine</span> <span class='ocrx_word' id='word_1_48' title='bbox 1523 1008 1980 1067; x_wconf 82' lang='lat' dir='ltr'>sacramento:</span> <span class='ocrx_word' id='word_1_49' title='bbox 2036 991 2280 1067; x_wconf 83' lang='lat' dir='ltr'>exinde</span> <span class='ocrx_word' id='word_1_50' title='bbox 2337 992 2549 1065; x_wconf 87' lang='lat' dir='ltr'>fluere</span> <span class='ocrx_word' id='word_1_51' title='bbox 2607 1018 2889 1066; x_wconf 74' lang='lat' dir='ltr'>necesse</span> 
     </span>
     <span class='ocr_line' id='line_1_7' title="bbox 659 1107 2891 1207; baseline -0 -25"><span class='ocrx_word' id='word_1_52' title='bbox 659 1123 797 1195; x_wconf 80' lang='lat' dir='ltr'>est,</span> <span class='ocrx_word' id='word_1_53' title='bbox 838 1107 1025 1181; x_wconf 87' lang='lat' dir='ltr'>nulla</span> <span class='ocrx_word' id='word_1_54' title='bbox 1072 1134 1227 1183; x_wconf 81' lang='lat' dir='ltr'>esse</span> <span class='ocrx_word' id='word_1_55' title='bbox 1275 1108 1701 1182; x_wconf 89' lang='lat' dir='ltr'>matrimonia</span> <span class='ocrx_word' id='word_1_56' title='bbox 1733 1110 1833 1182; x_wconf 80' lang='lat' dir='ltr'>eis</span> <span class='ocrx_word' id='word_1_57' title='bbox 1869 1109 1939 1182; x_wconf 92' lang='lat' dir='ltr'>in</span> <span class='ocrx_word' id='word_1_58' title='bbox 1975 1107 2167 1195; x_wconf 72' lang='lat' dir='ltr'>lociS,</span> <span class='ocrx_word' id='word_1_59' title='bbox 2217 1109 2287 1181; x_wconf 92' lang='lat' dir='ltr'>in</span> <span class='ocrx_word' id='word_1_60' title='bbox 2337 1107 2588 1207; x_wconf 82' lang='lat' dir='ltr'>quibus</span> <span class='ocrx_word' id='word_1_61' title='bbox 2638 1108 2891 1181; x_wconf 84' lang='lat' dir='ltr'>triden-</span> 
     </span>
     <span class='ocr_line' id='line_1_8' title="bbox 659 1222 2889 1325; baseline -0 -28"><span class='ocrx_word' id='word_1_62' title='bbox 659 1223 870 1297; x_wconf 87' lang='lat' dir='ltr'>tinum</span> <span class='ocrx_word' id='word_1_63' title='bbox 921 1222 1261 1298; x_wconf 88' lang='lat' dir='ltr'>decretum</span> <span class='ocrx_word' id='word_1_64' title='bbox 1311 1223 1724 1323; x_wconf 88' lang='lat' dir='ltr'>publicatum</span> <span class='ocrx_word' id='word_1_65' title='bbox 1773 1241 1912 1312; x_wconf 81' lang='lat' dir='ltr'>est,</span> <span class='ocrx_word' id='word_1_66' title='bbox 1968 1250 2278 1325; x_wconf 89' lang='lat' dir='ltr'>quaeque</span> <span class='ocrx_word' id='word_1_67' title='bbox 2302 1224 2391 1296; x_wconf 86' lang='lat' dir='ltr'>ad</span> <span class='ocrx_word' id='word_1_68' title='bbox 2416 1224 2630 1297; x_wconf 84' lang='lat' dir='ltr'>solam</span> <span class='ocrx_word' id='word_1_69' title='bbox 2654 1222 2889 1321; x_wconf 76' lang='lat' dir='ltr'>=legum</span> 
     </span>
     <span class='ocr_line' id='line_1_9' title="bbox 658 1339 2887 1439; baseline -0.001 -27"><span class='ocrx_word' id='word_1_70' title='bbox 658 1339 957 1414; x_wconf 85' lang='lat' dir='ltr'>civilium</span> <span class='ocrx_word' id='word_1_71' title='bbox 1005 1366 1305 1414; x_wconf 88' lang='lat' dir='ltr'>normam</span> <span class='ocrx_word' id='word_1_72' title='bbox 1356 1340 1601 1413; x_wconf 81' lang='lat' dir='ltr'>fuerint</span> <span class='ocrx_word' id='word_1_73' title='bbox 1647 1339 2004 1413; x_wconf 84' lang='lat' dir='ltr'>celebrata.</span> <span class='ocrx_word' id='word_1_74' title='bbox 2062 1340 2486 1439; x_wconf 81' lang='lat' dir='ltr'>Quapropter</span> <span class='ocrx_word' id='word_1_75' title='bbox 2524 1365 2682 1412; x_wconf 90' lang='lat' dir='ltr'>cum</span> <span class='ocrx_word' id='word_1_76' title='bbox 2719 1339 2887 1410; x_wconf 89' lang='lat' dir='ltr'>nihil</span> 
     </span>
     <span class='ocr_line' id='line_1_10' title="bbox 658 1453 2888 1552; baseline 0 -27"><span class='ocrx_word' id='word_1_77' title='bbox 658 1454 1026 1528; x_wconf 90' lang='lat' dir='ltr'>intercedat</span> <span class='ocrx_word' id='word_1_78' title='bbox 1071 1455 1247 1528; x_wconf 84' lang='lat' dir='ltr'>inter</span> <span class='ocrx_word' id='word_1_79' title='bbox 1291 1453 1712 1552; x_wconf 81' lang='lat' dir='ltr'>coniugalem</span> <span class='ocrx_word' id='word_1_80' title='bbox 1761 1454 2298 1545; x_wconf 77' lang='lat' dir='ltr'>coniunctionem</span> <span class='ocrx_word' id='word_1_81' title='bbox 2329 1471 2398 1527; x_wconf 91' lang='lat' dir='ltr'>et</span> <span class='ocrx_word' id='word_1_82' title='bbox 2429 1471 2693 1552; x_wconf 85' lang='lat' dir='ltr'>turpem</span> <span class='ocrx_word' id='word_1_83' title='bbox 2736 1481 2888 1528; x_wconf 90' lang='lat' dir='ltr'>con-</span> 
     </span>
     <span class='ocr_line' id='line_1_11' title="bbox 658 1567 2891 1668; baseline -0 -25"><span class='ocrx_word' id='word_1_84' title='bbox 658 1567 1073 1655; x_wconf 86' lang='lat' dir='ltr'>cubinatum,</span> <span class='ocrx_word' id='word_1_85' title='bbox 1104 1569 1483 1642; x_wconf 81' lang='lat' dir='ltr'>necessario</span> <span class='ocrx_word' id='word_1_86' title='bbox 1521 1568 1861 1666; x_wconf 84' lang='lat' dir='ltr'>provenit,</span> <span class='ocrx_word' id='word_1_87' title='bbox 1904 1584 2337 1668; x_wconf 83' lang='lat' dir='ltr'>praesumpta</span> <span class='ocrx_word' id='word_1_88' title='bbox 2370 1568 2720 1665; x_wconf 82' lang='lat' dir='ltr'>coniugia,</span> <span class='ocrx_word' id='word_1_89' title='bbox 2769 1595 2891 1642; x_wconf 82' lang='lat' dir='ltr'>seu</span> 
     </span>
     <span class='ocr_line' id='line_1_12' title="bbox 658 1682 2890 1783; baseline -0 -26"><span class='ocrx_word' id='word_1_90' title='bbox 658 1697 1038 1757; x_wconf 84' lang='lat' dir='ltr'>contractus</span> <span class='ocrx_word' id='word_1_91' title='bbox 1067 1708 1250 1757; x_wconf 89' lang='lat' dir='ltr'>mere</span> <span class='ocrx_word' id='word_1_92' title='bbox 1274 1682 1505 1756; x_wconf 80' lang='lat' dir='ltr'>civiles</span> <span class='ocrx_word' id='word_1_93' title='bbox 1533 1708 1667 1757; x_wconf 90' lang='lat' dir='ltr'>non</span> <span class='ocrx_word' id='word_1_94' title='bbox 1693 1683 1882 1756; x_wconf 91' lang='lat' dir='ltr'>aliud</span> <span class='ocrx_word' id='word_1_95' title='bbox 1917 1711 2070 1758; x_wconf 80' lang='lat' dir='ltr'>esse</span> <span class='ocrx_word' id='word_1_96' title='bbox 2110 1709 2315 1783; x_wconf 89' lang='lat' dir='ltr'>quam</span> <span class='ocrx_word' id='word_1_97' title='bbox 2354 1699 2616 1783; x_wconf 84' lang='lat' dir='ltr'>turpem</span> <span class='ocrx_word' id='word_1_98' title='bbox 2654 1684 2890 1756; x_wconf 86' lang='lat' dir='ltr'>exitia-</span> 
     </span>
     <span class='ocr_line' id='line_1_13' title="bbox 658 1797 2888 1899; baseline 0.001 -28"><span class='ocrx_word' id='word_1_99' title='bbox 658 1797 925 1899; x_wconf 90' lang='lat' dir='ltr'>lemque</span> <span class='ocrx_word' id='word_1_100' title='bbox 958 1798 1520 1884; x_wconf 84' lang='lat' dir='ltr'>coniunctionem,</span> <span class='ocrx_word' id='word_1_101' title='bbox 1553 1825 1677 1873; x_wconf 84' lang='lat' dir='ltr'>seu</span> <span class='ocrx_word' id='word_1_102' title='bbox 1701 1799 2218 1874; x_wconf 88' lang='lat' dir='ltr'>concubinatum</span> <span class='ocrx_word' id='word_1_103' title='bbox 2253 1826 2480 1875; x_wconf 88' lang='lat' dir='ltr'>coram</span> <span class='ocrx_word' id='word_1_104' title='bbox 2500 1800 2636 1874; x_wconf 86' lang='lat' dir='ltr'>Deo</span> <span class='ocrx_word' id='word_1_105' title='bbox 2668 1816 2736 1873; x_wconf 90' lang='lat' dir='ltr'>et</span> <span class='ocrx_word' id='word_1_106' title='bbox 2767 1825 2888 1873; x_wconf 91' lang='lat' dir='ltr'>co-</span> 
     </span>
     <span class='ocr_line' id='line_1_14' title="bbox 661 1914 1167 1990; baseline -0.006 -1"><span class='ocrx_word' id='word_1_107' title='bbox 661 1941 806 1990; x_wconf 89' lang='lat' dir='ltr'>ram</span> <span class='ocrx_word' id='word_1_108' title='bbox 855 1914 1167 1990; x_wconf 78' lang='lat' dir='ltr'>ecclesia.</span> 
     </span>
    </p>

    <p class='ocr_par' dir='ltr' id='par_1_3' title="bbox 660 2030 2897 2795">
     <span class='ocr_line' id='line_1_15' title="bbox 810 2030 2890 2132; baseline -0 -29"><span class='ocrx_word' id='word_1_109' title='bbox 810 2033 1064 2132; x_wconf 86' lang='lat' dir='ltr'>Nempe</span> <span class='ocrx_word' id='word_1_110' title='bbox 1079 2088 1095 2119; x_wconf 92' lang='lat'>,</span> <span class='ocrx_word' id='word_1_111' title='bbox 1130 2057 1264 2106; x_wconf 87' lang='lat' dir='ltr'>non</span> <span class='ocrx_word' id='word_1_112' title='bbox 1295 2030 1722 2106; x_wconf 76' lang='lat' dir='ltr'><strong>obstantibus</strong></span> <span class='ocrx_word' id='word_1_113' title='bbox 1761 2030 2023 2130; x_wconf 79' lang='lat' dir='ltr'>legibue</span> <span class='ocrx_word' id='word_1_114' title='bbox 2060 2032 2405 2106; x_wconf 88' lang='lat' dir='ltr'>hominum</span> <span class='ocrx_word' id='word_1_115' title='bbox 2446 2031 2890 2131; x_wconf 80' lang='lat' dir='ltr'>quibuscum—</span> 
     </span>
     <span class='ocr_line' id='line_1_16' title="bbox 662 2148 2896 2249; baseline -0 -29"><span class='ocrx_word' id='word_1_116' title='bbox 662 2173 820 2248; x_wconf 88' lang='lat' dir='ltr'>que,</span> <span class='ocrx_word' id='word_1_117' title='bbox 853 2148 997 2223; x_wconf 89' lang='lat' dir='ltr'>fieri</span> <span class='ocrx_word' id='word_1_118' title='bbox 1023 2173 1390 2249; x_wconf 84' lang='lat' dir='ltr'>numquam</span> <span class='ocrx_word' id='word_1_119' title='bbox 1421 2163 1672 2248; x_wconf 85' lang='lat' dir='ltr'>potest,</span> <span class='ocrx_word' id='word_1_120' title='bbox 1706 2165 1783 2222; x_wconf 90' lang='lat' dir='ltr'>ut</span> <span class='ocrx_word' id='word_1_121' title='bbox 1805 2148 1988 2247; x_wconf 89' lang='lat' dir='ltr'>quod</span> <span class='ocrx_word' id='word_1_122' title='bbox 2024 2164 2219 2247; x_wconf 84' lang='lat' dir='ltr'>turpe</span> <span class='ocrx_word' id='word_1_123' title='bbox 2251 2164 2356 2222; x_wconf 78' lang='lat' dir='ltr'>eet</span> <span class='ocrx_word' id='word_1_124' title='bbox 2389 2162 2630 2222; x_wconf 89' lang='lat' dir='ltr'>natura</span> <span class='ocrx_word' id='word_1_125' title='bbox 2664 2172 2793 2219; x_wconf 80' lang='lat' dir='ltr'>sua</span> <span class='ocrx_word' id='word_1_126' title='bbox 2828 2163 2896 2219; x_wconf 88' lang='lat' dir='ltr'>et</span> 
     </span>
     <span class='ocr_line' id='line_1_17' title="bbox 660 2262 2896 2363; baseline -0.002 -24"><span class='ocrx_word' id='word_1_127' title='bbox 660 2286 887 2339; x_wconf 87' lang='lat' dir='ltr'>coram</span> <span class='ocrx_word' id='word_1_128' title='bbox 901 2265 1065 2351; x_wconf 87' lang='lat' dir='ltr'>Dec,</span> <span class='ocrx_word' id='word_1_129' title='bbox 1088 2264 1205 2337; x_wconf 86' lang='lat' dir='ltr'>fiat</span> <span class='ocrx_word' id='word_1_130' title='bbox 1228 2263 1611 2339; x_wconf 81' lang='lat' dir='ltr'>honestum.</span> <span class='ocrx_word' id='word_1_131' title='bbox 1629 2265 1847 2363; x_wconf 80' lang='lat' dir='ltr'>Atque</span> <span class='ocrx_word' id='word_1_132' title='bbox 1872 2264 2006 2336; x_wconf 90' lang='lat' dir='ltr'>huc</span> <span class='ocrx_word' id='word_1_133' title='bbox 2030 2262 2205 2337; x_wconf 89' lang='lat' dir='ltr'>bene</span> <span class='ocrx_word' id='word_1_134' title='bbox 2229 2264 2607 2337; x_wconf 78' lang='lat' dir='ltr'>referuntur</span> <span class='ocrx_word' id='word_1_135' title='bbox 2632 2278 2896 2362; x_wconf 88' lang='lat' dir='ltr'>patrum</span> 
     </span>
     <span class='ocr_line' id='line_1_18' title="bbox 661 2376 2892 2480; baseline -0.002 -26"><span class='ocrx_word' id='word_1_136' title='bbox 661 2380 862 2455; x_wconf 79' lang='lat' dir='ltr'>effata</span> <span class='ocrx_word' id='word_1_137' title='bbox 891 2436 908 2465; x_wconf 90' lang='lat'>‚</span> <span class='ocrx_word' id='word_1_138' title='bbox 965 2379 1214 2480; x_wconf 87' lang='lat' dir='ltr'>quibus</span> <span class='ocrx_word' id='word_1_139' title='bbox 1264 2379 1398 2479; x_wconf 87' lang='lat' dir='ltr'>ipsi</span> <span class='ocrx_word' id='word_1_140' title='bbox 1450 2379 1684 2453; x_wconf 82' lang='lat' dir='ltr'>fideles</span> <span class='ocrx_word' id='word_1_141' title='bbox 1735 2379 2134 2453; x_wconf 82' lang='lat' dir='ltr'>amovebant</span> <span class='ocrx_word' id='word_1_142' title='bbox 2181 2377 2746 2477; x_wconf 88' lang='lat' dir='ltr'>deterrebantque</span> <span class='ocrx_word' id='word_1_143' title='bbox 2802 2376 2892 2450; x_wconf 89' lang='lat' dir='ltr'>ab</span> 
     </span>
     <span class='ocr_line' id='line_1_19' title="bbox 664 2492 2897 2593; baseline -0 -27"><span class='ocrx_word' id='word_1_144' title='bbox 664 2495 979 2570; x_wconf 80' lang='lat' dir='ltr'>ineundis</span> <span class='ocrx_word' id='word_1_145' title='bbox 1029 2495 1364 2593; x_wconf 80' lang='lat' dir='ltr'>coniugiis</span> <span class='ocrx_word' id='word_1_146' title='bbox 1397 2493 1486 2568; x_wconf 93' lang='lat' dir='ltr'>ab</span> <span class='ocrx_word' id='word_1_147' title='bbox 1519 2494 1845 2569; x_wconf 82' lang='lat' dir='ltr'>ecelesiae</span> <span class='ocrx_word' id='word_1_148' title='bbox 1879 2492 2140 2591; x_wconf 80' lang='lat' dir='ltr'>legibus</span> <span class='ocrx_word' id='word_1_149' title='bbox 2176 2492 2546 2579; x_wconf 69' lang='lat' dir='ltr'>damnatio,</span> <span class='ocrx_word' id='word_1_150' title='bbox 2574 2516 2897 2592; x_wconf 86' lang='lat' dir='ltr'>quaeque</span> 
     </span>
     <span class='ocr_line' id='line_1_20' title="bbox 662 2606 2897 2708; baseline -0 -27"><span class='ocrx_word' id='word_1_151' title='bbox 662 2625 908 2683; x_wconf 89' lang='lat' dir='ltr'>temere</span> <span class='ocrx_word' id='word_1_152' title='bbox 930 2609 1210 2707; x_wconf 88' lang='lat' dir='ltr'>quidam</span> <span class='ocrx_word' id='word_1_153' title='bbox 1235 2608 1701 2708; x_wconf 88' lang='lat' dir='ltr'>pertentabant</span> <span class='ocrx_word' id='word_1_154' title='bbox 1725 2607 1875 2682; x_wconf 78' lang='lat' dir='ltr'>freti</span> <span class='ocrx_word' id='word_1_155' title='bbox 1903 2608 2376 2708; x_wconf 81' lang='lat' dir='ltr'>imperatorum</span> <span class='ocrx_word' id='word_1_156' title='bbox 2401 2606 2689 2704; x_wconf 75' lang='lat' dir='ltr'>legibue,</span> <span class='ocrx_word' id='word_1_157' title='bbox 2717 2631 2897 2705; x_wconf 73' lang='lat' dir='ltr'>quae</span> 
     </span>
     <span class='ocr_line' id='line_1_21' title="bbox 666 2721 1310 2795; baseline 0.002 -2"><span class='ocrx_word' id='word_1_158' title='bbox 666 2721 783 2795; x_wconf 91' lang='lat' dir='ltr'>illa</span> <span class='ocrx_word' id='word_1_159' title='bbox 831 2721 1310 2795; x_wconf 77' lang='lat' dir='ltr'>concedebant.</span> 
     </span>
    </p>

    <p class='ocr_par' dir='ltr' id='par_1_4' title="bbox 663 2836 2900 3286">
     <span class='ocr_line' id='line_1_22' title="bbox 811 2836 2890 2939; baseline 0.002 -32"><span class='ocrx_word' id='word_1_160' title='bbox 811 2837 1013 2910; x_wconf 87' lang='lat' dir='ltr'>Porro</span> <span class='ocrx_word' id='word_1_161' title='bbox 1063 2836 1234 2910; x_wconf 86' lang='lat' dir='ltr'>inter</span> <span class='ocrx_word' id='word_1_162' title='bbox 1274 2852 1533 2912; x_wconf 82' lang='lat' dir='ltr'>ceteros</span> <span class='ocrx_word' id='word_1_163' title='bbox 1575 2864 1635 2912; x_wconf 81' lang='lat' dir='ltr'>s.</span> <span class='ocrx_word' id='word_1_164' title='bbox 1673 2838 1770 2912; x_wconf 88' lang='lat' dir='ltr'>Io.</span> <span class='ocrx_word' id='word_1_165' title='bbox 1805 2837 2325 2939; x_wconf 78' lang='lat' dir='ltr'>Chrysostomue</span> <span class='ocrx_word' id='word_1_166' title='bbox 2374 2865 2583 2937; x_wconf 81' lang='lat' dir='ltr'>agens</span> <span class='ocrx_word' id='word_1_167' title='bbox 2632 2837 2720 2912; x_wconf 93' lang='lat' dir='ltr'>de</span> <span class='ocrx_word' id='word_1_168' title='bbox 2770 2838 2890 2922; x_wconf 75' lang='lat' dir='ltr'>iis,</span> 
     </span>
     <span class='ocr_line' id='line_1_23' title="bbox 664 2951 2895 3054; baseline -0 -28"><span class='ocrx_word' id='word_1_169' title='bbox 664 2952 783 3052; x_wconf 90' lang='lat' dir='ltr'>qui</span> <span class='ocrx_word' id='word_1_170' title='bbox 808 2951 996 3025; x_wconf 87' lang='lat' dir='ltr'>iuxta</span> <span class='ocrx_word' id='word_1_171' title='bbox 1021 2951 1205 3050; x_wconf 80' lang='lat' dir='ltr'>leges</span> <span class='ocrx_word' id='word_1_172' title='bbox 1233 2952 1570 3027; x_wconf 87' lang='lat' dir='ltr'>humanas</span> <span class='ocrx_word' id='word_1_173' title='bbox 1619 2953 2042 3029; x_wconf 80' lang='lat' dir='ltr'>dimittebant</span> <span class='ocrx_word' id='word_1_174' title='bbox 2076 2981 2196 3054; x_wconf 88' lang='lat' dir='ltr'>per</span> <span class='ocrx_word' id='word_1_175' title='bbox 2235 2955 2592 3054; x_wconf 86' lang='lat' dir='ltr'>repudium</span> <span class='ocrx_word' id='word_1_176' title='bbox 2620 2979 2895 3029; x_wconf 86' lang='lat' dir='ltr'>uxorem</span> 
     </span>
     <span class='ocr_line' id='line_1_24' title="bbox 665 3067 2899 3170; baseline -0.001 -25"><span class='ocrx_word' id='word_1_177' title='bbox 665 3094 857 3145; x_wconf 80' lang='lat' dir='ltr'>suam</span> <span class='ocrx_word' id='word_1_178' title='bbox 906 3067 1246 3170; x_wconf 86' lang='lat' dir='ltr'>aliamque</span> <span class='ocrx_word' id='word_1_179' title='bbox 1277 3069 1615 3144; x_wconf 76' lang='lat' dir='ltr'>ducebant</span> <span class='ocrx_word' id='word_1_180' title='bbox 1634 3128 1653 3158; x_wconf 89' lang='lat'>,</span> <span class='ocrx_word' id='word_1_181' title='bbox 1694 3070 1797 3144; x_wconf 83' lang='lat' dir='ltr'>sic</span> <span class='ocrx_word' id='word_1_182' title='bbox 1826 3097 1946 3145; x_wconf 82' lang='lat' dir='ltr'>eos</span> <span class='ocrx_word' id='word_1_183' title='bbox 1983 3070 2524 3170; x_wconf 80' lang='lat' dir='ltr'>interpellabat.«</span> <span class='ocrx_word' id='word_1_184' title='bbox 2555 3072 2691 3145; x_wconf 89' lang='lat' dir='ltr'>Nec</span> <span class='ocrx_word' id='word_1_185' title='bbox 2732 3070 2899 3142; x_wconf 84' lang='lat' dir='ltr'>mihi</span> 
     </span>
     <span class='ocr_line' id='line_1_25' title="bbox 663 3182 2900 3286; baseline 0.001 -30"><span class='ocrx_word' id='word_1_186' title='bbox 663 3182 847 3283; x_wconf 81' lang='lat' dir='ltr'>leges</span> <span class='ocrx_word' id='word_1_187' title='bbox 881 3184 969 3259; x_wconf 91' lang='lat' dir='ltr'>ab</span> <span class='ocrx_word' id='word_1_188' title='bbox 1002 3186 1246 3260; x_wconf 84' lang='lat' dir='ltr'>exteris</span> <span class='ocrx_word' id='word_1_189' title='bbox 1287 3186 1594 3262; x_wconf 77' lang='lat' dir='ltr'>conditas</span> <span class='ocrx_word' id='word_1_190' title='bbox 1628 3186 1817 3284; x_wconf 77' lang='lat' dir='ltr'>legas</span> <span class='ocrx_word' id='word_1_191' title='bbox 1863 3186 2352 3286; x_wconf 79' lang='lat' dir='ltr'>praecipientes</span> <span class='ocrx_word' id='word_1_192' title='bbox 2403 3186 2547 3259; x_wconf 90' lang='lat' dir='ltr'>dari</span> <span class='ocrx_word' id='word_1_193' title='bbox 2599 3183 2900 3260; x_wconf 89' lang='lat' dir='ltr'>libellum</span> 
     </span>
    </p>
   </div>
   <div class='ocr_carea' id='block_1_3' title="bbox 662 3416 2911 4358">
    <p class='ocr_par' dir='ltr' id='par_1_5' title="bbox 662 3416 2911 4358">
     <span class='ocr_line' id='line_1_26' title="bbox 667 3416 2904 3484; baseline -0.002 -14"><span class='ocrx_word' id='word_1_194' title='bbox 667 3417 868 3470; x_wconf 74' lang='lat' dir='ltr'>viduam</span> <span class='ocrx_word' id='word_1_195' title='bbox 897 3419 1032 3470; x_wconf 77' lang='lat' dir='ltr'>vitae</span> <span class='ocrx_word' id='word_1_196' title='bbox 1063 3419 1466 3471; x_wconf 72' lang='lat' dir='ltr'>consuetudinem</span> <span class='ocrx_word' id='word_1_197' title='bbox 1498 3421 1755 3472; x_wconf 76' lang='lat' dir='ltr'>continens</span> <span class='ocrx_word' id='word_1_198' title='bbox 1772 3420 1820 3484; x_wconf 80' lang='lat'>§-</span> <span class='ocrx_word' id='word_1_199' title='bbox 1840 3422 1896 3471; x_wconf 78' lang='lat'>1..</span> <span class='ocrx_word' id='word_1_200' title='bbox 1920 3420 2036 3471; x_wconf 76' lang='lat' dir='ltr'>inst.</span> <span class='ocrx_word' id='word_1_201' title='bbox 2057 3419 2120 3470; x_wconf 88' lang='lat' dir='ltr'>de</span> <span class='ocrx_word' id='word_1_202' title='bbox 2138 3420 2265 3483; x_wconf 80' lang='lat' dir='ltr'>patr.</span> <span class='ocrx_word' id='word_1_203' title='bbox 2285 3421 2460 3482; x_wconf 69' lang='lat' dir='ltr'>potest.</span> <span class='ocrx_word' id='word_1_204' title='bbox 2483 3419 2600 3468; x_wconf 63' lang='lat' dir='ltr'>unte</span> <span class='ocrx_word' id='word_1_205' title='bbox 2626 3416 2801 3467; x_wconf 75' lang='lat' dir='ltr'>oculos</span> <span class='ocrx_word' id='word_1_206' title='bbox 2820 3418 2904 3466; x_wconf 70' lang='lat' dir='ltr'>lia-</span> 
     </span>
     <span class='ocr_line' id='line_1_27' title="bbox 668 3499 2905 3563; baseline -0.001 -13"><span class='ocrx_word' id='word_1_207' title='bbox 668 3500 906 3563; x_wconf 85' lang='lat' dir='ltr'>buerunt;</span> <span class='ocrx_word' id='word_1_208' title='bbox 930 3515 1020 3552; x_wconf 88' lang='lat' dir='ltr'>nec</span> <span class='ocrx_word' id='word_1_209' title='bbox 1039 3501 1372 3552; x_wconf 77' lang='lat' dir='ltr'>definitionem</span> <span class='ocrx_word' id='word_1_210' title='bbox 1406 3502 1549 3552; x_wconf 74' lang='lat' dir='ltr'>istam</span> <span class='ocrx_word' id='word_1_211' title='bbox 1593 3502 1780 3553; x_wconf 85' lang='lat' dir='ltr'>iamdlu</span> <span class='ocrx_word' id='word_1_212' title='bbox 1804 3502 2113 3552; x_wconf 82' lang='lat' dir='ltr'>obliteratam</span> <span class='ocrx_word' id='word_1_213' title='bbox 2130 3515 2188 3550; x_wconf 72' lang='lat' dir='ltr'>ac</span> <span class='ocrx_word' id='word_1_214' title='bbox 2207 3500 2398 3550; x_wconf 73' lang='lat' dir='ltr'>iuribus</span> <span class='ocrx_word' id='word_1_215' title='bbox 2421 3499 2738 3561; x_wconf 79' lang='lat' dir='ltr'>moribusque</span> <span class='ocrx_word' id='word_1_216' title='bbox 2760 3499 2905 3562; x_wconf 75' lang='lat' dir='ltr'>plane</span> 
     </span>
     <span class='ocr_line' id='line_1_28' title="bbox 665 3577 2904 3644; baseline -0.003 -13"><span class='ocrx_word' id='word_1_217' title='bbox 665 3592 766 3631; x_wconf 86' lang='lat' dir='ltr'>non</span> <span class='ocrx_word' id='word_1_218' title='bbox 803 3579 1068 3631; x_wconf 79' lang='lat' dir='ltr'>convenire</span> <span class='ocrx_word' id='word_1_219' title='bbox 1102 3581 1528 3643; x_wconf 73' lang='lat' dir='ltr'>cogitemnt....At</span> <span class='ocrx_word' id='word_1_220' title='bbox 1556 3593 1615 3631; x_wconf 77' lang='lat' dir='ltr'>ea</span> <span class='ocrx_word' id='word_1_221' title='bbox 1648 3593 1726 3632; x_wconf 74' lang='lat' dir='ltr'>ree</span> <span class='ocrx_word' id='word_1_222' title='bbox 1759 3583 1929 3644; x_wconf 66' lang='lat' dir='ltr'>postea</span> <span class='ocrx_word' id='word_1_223' title='bbox 1967 3580 2207 3642; x_wconf 72' lang='lat' dir='ltr'>insignem</span> <span class='ocrx_word' id='word_1_224' title='bbox 2243 3580 2565 3628; x_wconf 68' lang='lat' dir='ltr'>mutationem</span> <span class='ocrx_word' id='word_1_225' title='bbox 2597 3590 2741 3641; x_wconf 67' lang='lat' dir='ltr'>passe</span> <span class='ocrx_word' id='word_1_226' title='bbox 2778 3577 2904 3638; x_wconf 80' lang='lat' dir='ltr'>tuit,</span> 
     </span>
     <span class='ocr_line' id='line_1_29' title="bbox 667 3658 2907 3724; baseline -0.003 -12"><span class='ocrx_word' id='word_1_227' title='bbox 667 3664 928 3724; x_wconf 75' lang='lat' dir='ltr'>postquam</span> <span class='ocrx_word' id='word_1_228' title='bbox 951 3660 1248 3713; x_wconf 65' lang='lat' dir='ltr'>chrismatis</span> <span class='ocrx_word' id='word_1_229' title='bbox 1267 3659 1860 3714; x_wconf 69' lang='lat' dir='ltr'>orbis...Benedictienem</span> <span class='ocrx_word' id='word_1_230' title='bbox 1884 3659 2238 3712; x_wconf 70' lang='lat' dir='ltr'>sacerdotalem</span> <span class='ocrx_word' id='word_1_231' title='bbox 2258 3658 2319 3710; x_wconf 73' lang='lat' dir='ltr'>ad</span> <span class='ocrx_word' id='word_1_232' title='bbox 2343 3658 2600 3709; x_wconf 64' lang='lat' dir='ltr'>mentium</span> <span class='ocrx_word' id='word_1_233' title='bbox 2622 3658 2907 3721; x_wconf 74' lang='lat' dir='ltr'>nuptiarum</span> 
     </span>
     <span class='ocr_line' id='line_1_30' title="bbox 665 3735 2904 3805; baseline -0.001 -17"><span class='ocrx_word' id='word_1_234' title='bbox 665 3741 911 3802; x_wconf 81' lang='lat' dir='ltr'>requirere</span> <span class='ocrx_word' id='word_1_235' title='bbox 933 3742 1110 3805; x_wconf 84' lang='lat' dir='ltr'>caepit.</span> <span class='ocrx_word' id='word_1_236' title='bbox 1131 3744 1200 3790; x_wconf 81' lang='lat' dir='ltr'>Ex</span> <span class='ocrx_word' id='word_1_237' title='bbox 1225 3741 1322 3790; x_wconf 88' lang='lat' dir='ltr'>hoc</span> <span class='ocrx_word' id='word_1_238' title='bbox 1346 3742 1494 3805; x_wconf 81' lang='lat' dir='ltr'>igitur</span> <span class='ocrx_word' id='word_1_239' title='bbox 1515 3745 1735 3805; x_wconf 86' lang='lat' dir='ltr'>tempore</span> <span class='ocrx_word' id='word_1_240' title='bbox 1764 3745 1902 3792; x_wconf 76' lang='lat' dir='ltr'>vetus</span> <span class='ocrx_word' id='word_1_241' title='bbox 1922 3740 2007 3790; x_wconf 86' lang='lat' dir='ltr'>illa</span> <span class='ocrx_word' id='word_1_242' title='bbox 2031 3740 2316 3803; x_wconf 80' lang='lat' dir='ltr'>nuptiarum</span> <span class='ocrx_word' id='word_1_243' title='bbox 2355 3738 2577 3788; x_wconf 80' lang='lat' dir='ltr'>delinitio</span> <span class='ocrx_word' id='word_1_244' title='bbox 2606 3736 2787 3787; x_wconf 78' lang='lat' dir='ltr'>mutari</span> <span class='ocrx_word' id='word_1_245' title='bbox 2822 3735 2904 3785; x_wconf 88' lang='lat' dir='ltr'>de·</span> 
     </span>
     <span class='ocr_line' id='line_1_31' title="bbox 669 3817 2910 3882; baseline -0.002 -16"><span class='ocrx_word' id='word_1_246' title='bbox 669 3817 878 3881; x_wconf 72' lang='lat' dir='ltr'>bulseet,</span> <span class='ocrx_word' id='word_1_247' title='bbox 915 3824 1062 3882; x_wconf 75' lang='lat' dir='ltr'>atque</span> <span class='ocrx_word' id='word_1_248' title='bbox 1101 3821 1227 3869; x_wconf 77' lang='lat' dir='ltr'>male</span> <span class='ocrx_word' id='word_1_249' title='bbox 1256 3834 1286 3869; x_wconf 82' lang='lat' dir='ltr'>a</span> <span class='ocrx_word' id='word_1_250' title='bbox 1317 3820 1676 3870; x_wconf 73' lang='lat' dir='ltr'>iurisconsultis</span> <span class='ocrx_word' id='word_1_251' title='bbox 1710 3819 1892 3870; x_wconf 75' lang='lat' dir='ltr'>nostrie</span> <span class='ocrx_word' id='word_1_252' title='bbox 1923 3822 1971 3868; x_wconf 85' lang='lat' dir='ltr'>et</span> <span class='ocrx_word' id='word_1_253' title='bbox 2004 3831 2090 3882; x_wconf 86' lang='lat' dir='ltr'>per</span> <span class='ocrx_word' id='word_1_254' title='bbox 2122 3817 2434 3867; x_wconf 73' lang='lat' dir='ltr'>manifestum</span> <span class='ocrx_word' id='word_1_255' title='bbox 2474 3829 2685 3866; x_wconf 82' lang='lat' dir='ltr'>errorem</span> <span class='ocrx_word' id='word_1_256' title='bbox 2721 3817 2910 3862; x_wconf 76' lang='lat' dir='ltr'>retenta</span> 
     </span>
     <span class='ocr_line' id='line_1_32' title="bbox 666 3891 2911 3957; baseline -0.002 -12"><span class='ocrx_word' id='word_1_257' title='bbox 666 3898 757 3946; x_wconf 74' lang='lat' dir='ltr'>eet.</span> <span class='ocrx_word' id='word_1_258' title='bbox 795 3897 941 3947; x_wconf 75' lang='lat' dir='ltr'>Solus</span> <span class='ocrx_word' id='word_1_259' title='bbox 956 3897 1018 3957; x_wconf 80' lang='lat' dir='ltr'>de</span> <span class='ocrx_word' id='word_1_260' title='bbox 1038 3897 1295 3948; x_wconf 78' lang='lat' dir='ltr'>individua</span> <span class='ocrx_word' id='word_1_261' title='bbox 1322 3898 1451 3949; x_wconf 71' lang='lat' dir='ltr'>vitae</span> <span class='ocrx_word' id='word_1_262' title='bbox 1471 3898 1707 3948; x_wconf 76' lang='lat' dir='ltr'>societate</span> <span class='ocrx_word' id='word_1_263' title='bbox 1731 3899 1860 3947; x_wconf 80' lang='lat' dir='ltr'>inter</span> <span class='ocrx_word' id='word_1_264' title='bbox 1883 3899 2045 3948; x_wconf 80' lang='lat' dir='ltr'>virum</span> <span class='ocrx_word' id='word_1_265' title='bbox 2065 3899 2116 3945; x_wconf 87' lang='lat' dir='ltr'>et</span> <span class='ocrx_word' id='word_1_266' title='bbox 2132 3908 2336 3947; x_wconf 79' lang='lat' dir='ltr'>uxorem</span> <span class='ocrx_word' id='word_1_267' title='bbox 2359 3908 2654 3955; x_wconf 71' lang='lat' dir='ltr'>comenses,</span> <span class='ocrx_word' id='word_1_268' title='bbox 2677 3891 2911 3955; x_wconf 72' lang='lat' dir='ltr'>quamvis</span> 
     </span>
     <span class='ocr_line' id='line_1_33' title="bbox 665 3967 2909 4039; baseline -0.003 -16"><span class='ocrx_word' id='word_1_269' title='bbox 665 3975 717 4023; x_wconf 91' lang='lat' dir='ltr'>in</span> <span class='ocrx_word' id='word_1_270' title='bbox 738 3977 903 4024; x_wconf 80' lang='lat' dir='ltr'>actum</span> <span class='ocrx_word' id='word_1_271' title='bbox 927 3974 1196 4038; x_wconf 69' lang='lat' dir='ltr'>deductuS,</span> <span class='ocrx_word' id='word_1_272' title='bbox 1222 3976 1417 4039; x_wconf 72' lang='lat' dir='ltr'>nuptias</span> <span class='ocrx_word' id='word_1_273' title='bbox 1439 3980 1487 4026; x_wconf 87' lang='lat' dir='ltr'>et</span> <span class='ocrx_word' id='word_1_274' title='bbox 1511 3976 1781 4039; x_wconf 85' lang='lat' dir='ltr'>legitimum</span> <span class='ocrx_word' id='word_1_275' title='bbox 1808 3975 2171 4024; x_wconf 84' lang='lat' dir='ltr'>matrimonium</span> <span class='ocrx_word' id='word_1_276' title='bbox 2194 3974 2339 4024; x_wconf 78' lang='lat' dir='ltr'>hodie</span> <span class='ocrx_word' id='word_1_277' title='bbox 2359 3987 2456 4022; x_wconf 89' lang='lat' dir='ltr'>non</span> <span class='ocrx_word' id='word_1_278' title='bbox 2480 3973 2623 4033; x_wconf 76' lang='lat' dir='ltr'>facit,</span> <span class='ocrx_word' id='word_1_279' title='bbox 2649 3967 2909 4036; x_wconf 75' lang='lat' dir='ltr'>quamdiu</span> 
     </span>
     <span class='ocr_line' id='line_1_34' title="bbox 667 4051 2910 4116; baseline -0.003 -12"><span class='ocrx_word' id='word_1_280' title='bbox 667 4053 954 4104; x_wconf 68' lang='lat' dir='ltr'>benedictio</span> <span class='ocrx_word' id='word_1_281' title='bbox 984 4055 1329 4106; x_wconf 71' lang='lat' dir='ltr'>sacerdotalis</span> <span class='ocrx_word' id='word_1_282' title='bbox 1366 4069 1470 4106; x_wconf 83' lang='lat' dir='ltr'>non</span> <span class='ocrx_word' id='word_1_283' title='bbox 1506 4056 1736 4116; x_wconf 71' lang='lat' dir='ltr'>accedit,</span> <span class='ocrx_word' id='word_1_284' title='bbox 1766 4068 1945 4106; x_wconf 72' lang='lat' dir='ltr'>mem</span> <span class='ocrx_word' id='word_1_285' title='bbox 1974 4054 2358 4104; x_wconf 76' lang='lat' dir='ltr'>concubinatus</span> <span class='ocrx_word' id='word_1_286' title='bbox 2380 4055 2473 4102; x_wconf 75' lang='lat' dir='ltr'>cst.</span> <span class='ocrx_word' id='word_1_287' title='bbox 2495 4051 2763 4112; x_wconf 81' lang='lat' dir='ltr'>Pleraeque</span> <span class='ocrx_word' id='word_1_288' title='bbox 2794 4061 2910 4098; x_wconf 86' lang='lat' dir='ltr'>con·</span> 
     </span>
     <span class='ocr_line' id='line_1_35' title="bbox 665 4129 2908 4200; baseline -0.002 -19"><span class='ocrx_word' id='word_1_289' title='bbox 665 4132 872 4183; x_wconf 80' lang='lat' dir='ltr'>cubinae</span> <span class='ocrx_word' id='word_1_290' title='bbox 891 4132 1039 4185; x_wconf 80' lang='lat' dir='ltr'>hodie</span> <span class='ocrx_word' id='word_1_291' title='bbox 1061 4149 1121 4185; x_wconf 88' lang='lat' dir='ltr'>eo</span> <span class='ocrx_word' id='word_1_292' title='bbox 1141 4136 1309 4187; x_wconf 77' lang='lat' dir='ltr'>animo</span> <span class='ocrx_word' id='word_1_293' title='bbox 1323 4172 1341 4199; x_wconf 83' lang='lat'>‚</span> <span class='ocrx_word' id='word_1_294' title='bbox 1366 4149 1524 4199; x_wconf 86' lang='lat' dir='ltr'>eoque</span> <span class='ocrx_word' id='word_1_295' title='bbox 1540 4141 1685 4200; x_wconf 78' lang='lat' dir='ltr'>pecto</span> <span class='ocrx_word' id='word_1_296' title='bbox 1702 4135 2035 4199; x_wconf 80' lang='lat' dir='ltr'>accipiuntur,</span> <span class='ocrx_word' id='word_1_297' title='bbox 2056 4137 2113 4184; x_wconf 87' lang='lat' dir='ltr'>ut</span> <span class='ocrx_word' id='word_1_298' title='bbox 2131 4135 2363 4196; x_wconf 64' lang='lat' dir='ltr'>perpetim</span> <span class='ocrx_word' id='word_1_299' title='bbox 2385 4144 2501 4181; x_wconf 85' lang='lat' dir='ltr'>cum</span> <span class='ocrx_word' id='word_1_300' title='bbox 2521 4129 2628 4181; x_wconf 82' lang='lat' dir='ltr'>illie</span> <span class='ocrx_word' id='word_1_301' title='bbox 2645 4130 2779 4180; x_wconf 72' lang='lat' dir='ltr'>vitae</span> <span class='ocrx_word' id='word_1_302' title='bbox 2794 4140 2908 4177; x_wconf 89' lang='lat' dir='ltr'>con·</span> 
     </span>
     <span class='ocr_line' id='line_1_36' title="bbox 666 4209 2908 4279; baseline -0.003 -16"><span class='ocrx_word' id='word_1_303' title='bbox 666 4214 876 4264; x_wconf 81' lang='lat' dir='ltr'>suetudo</span> <span class='ocrx_word' id='word_1_304' title='bbox 907 4215 999 4275; x_wconf 78' lang='lat' dir='ltr'>sit,</span> <span class='ocrx_word' id='word_1_305' title='bbox 1036 4216 1090 4265; x_wconf 87' lang='lat' dir='ltr'>at</span> <span class='ocrx_word' id='word_1_306' title='bbox 1129 4219 1382 4279; x_wconf 78' lang='lat' dir='ltr'>propterea</span> <span class='ocrx_word' id='word_1_307' title='bbox 1416 4229 1597 4268; x_wconf 77' lang='lat' dir='ltr'>uxores</span> <span class='ocrx_word' id='word_1_308' title='bbox 1632 4229 1733 4266; x_wconf 91' lang='lat' dir='ltr'>non</span> <span class='ocrx_word' id='word_1_309' title='bbox 1771 4214 2321 4265; x_wconf 71' lang='lat' dir='ltr'>efficiuntur...Maneut</span> <span class='ocrx_word' id='word_1_310' title='bbox 2339 4212 2432 4260; x_wconf 79' lang='lat' dir='ltr'>hae</span> <span class='ocrx_word' id='word_1_311' title='bbox 2448 4209 2771 4261; x_wconf 74' lang='lat' dir='ltr'>mulierculae</span> <span class='ocrx_word' id='word_1_312' title='bbox 2793 4219 2908 4257; x_wconf 88' lang='lat' dir='ltr'>con·</span> 
     </span>
     <span class='ocr_line' id='line_1_37' title="bbox 662 4287 2908 4358; baseline -0.004 -13"><span class='ocrx_word' id='word_1_313' title='bbox 662 4293 890 4353; x_wconf 74' lang='lat' dir='ltr'>cubinae,</span> <span class='ocrx_word' id='word_1_314' title='bbox 933 4294 1171 4357; x_wconf 77' lang='lat' dir='ltr'>quoniam</span> <span class='ocrx_word' id='word_1_315' title='bbox 1216 4308 1324 4358; x_wconf 76' lang='lat' dir='ltr'>cap.</span> <span class='ocrx_word' id='word_1_316' title='bbox 1354 4298 1391 4345; x_wconf 85' lang='lat' dir='ltr'>l.</span> <span class='ocrx_word' id='word_1_317' title='bbox 1417 4310 1539 4347; x_wconf 77' lang='lat' dir='ltr'>ecee.</span> <span class='ocrx_word' id='word_1_318' title='bbox 1561 4301 1640 4347; x_wconf 70' lang='lat'>24.</span> <span class='ocrx_word' id='word_1_319' title='bbox 1668 4299 1746 4347; x_wconf 81' lang='lat' dir='ltr'>De</span> <span class='ocrx_word' id='word_1_320' title='bbox 1781 4293 1999 4355; x_wconf 62' lang='lat' dir='ltr'>reform</span> <span class='ocrx_word' id='word_1_321' title='bbox 2039 4296 2274 4344; x_wconf 77' lang='lat' dir='ltr'>macrim.</span> <span class='ocrx_word' id='word_1_322' title='bbox 2299 4291 2348 4340; x_wconf 85' lang='lat' dir='ltr'>in</span> <span class='ocrx_word' id='word_1_323' title='bbox 2387 4290 2601 4342; x_wconf 83' lang='lat' dir='ltr'>concillo</span> <span class='ocrx_word' id='word_1_324' title='bbox 2638 4287 2908 4341; x_wconf 82' lang='lat' dir='ltr'>tridentino</span> 
     </span>
    </p>
   </div>
   <div class='ocr_carea' id='block_1_4' title="bbox 669 4373 2477 4438">
    <p class='ocr_par' dir='ltr' id='par_1_6' title="bbox 669 4373 2477 4438">
     <span class='ocr_line' id='line_1_38' title="bbox 669 4373 2477 4438; baseline -0.002 -14"><span class='ocrx_word' id='word_1_325' title='bbox 669 4373 1075 4427; x_wconf 71' lang='lat' dir='ltr'>benedictionem</span> <span class='ocrx_word' id='word_1_326' title='bbox 1097 4375 1479 4428; x_wconf 73' lang='lat' dir='ltr'>sacerdotalem</span> <span class='ocrx_word' id='word_1_327' title='bbox 1505 4375 1577 4427; x_wconf 76' lang='lat' dir='ltr'>ad</span> <span class='ocrx_word' id='word_1_328' title='bbox 1588 4375 1831 4438; x_wconf 72' lang='lat' dir='ltr'>sermm</span> <span class='ocrx_word' id='word_1_329' title='bbox 1850 4376 2178 4426; x_wconf 53' lang='lat' dir='ltr'>matrimonii</span> <span class='ocrx_word' id='word_1_330' title='bbox 2202 4373 2477 4438; x_wconf 62' lang='lat' dir='ltr'>requirit.-</span> 
     </span>
    </p>
   </div>
  </div>
 </body>
</html>
