3276 5083
552 365 689 443 196
951 386 1075 437 m.
1118 387 1166 436 ι.
1209 385 1381 438 sacr.
1424 386 1472 435 1.
1515 384 1595 436 ns
1631 383 1896 437 urant.
1940 382 2371 437 snmusuro.

547 505 696 603 ipse
742 518 1123 579 contractus
1171 501 1545 600 coniugalis
1602 501 1801 602 plene
1849 527 1930 576 ac
1977 503 2269 602 perfecte
2317 502 2389 574 in
2440 526 2568 576 suo
2616 529 2772 579 esse

545 618 947 693 constitutus
968 675 985 706 ‚
1024 617 1133 692 cui
1169 617 1418 692 deinde
1449 616 1796 692 accederet
1840 616 2044 690 veluti
2095 617 2392 717 qualitas
2435 618 2774 717 quaedam

545 731 926 806 extrinseca
971 733 1138 808 ratio
1188 731 1640 806 sacramenti?
1696 732 1883 805 Idem
1931 757 2088 805 vero
2133 731 2493 806 concilium
2542 734 2778 808 matri—

546 847 843 921 monium
885 847 1110 947 ipsum
1142 847 1405 922 vocavit
1438 863 1965 933 sacramentum3
1998 872 2156 944 ergo
2189 847 2547 922 concilium
2582 849 2781 946 igno-

550 961 721 1036 ravit
768 960 1100 1037 eiusmodi
1135 961 1632 1037 distinctionem
1658 1018 1675 1049 ,
1716 978 1786 1035 et
1817 960 1935 1061 qui
1970 986 2119 1034 eam
2152 960 2586 1039 introducunt
2601 1021 2617 1052 ‚
2659 964 2786 1038 ad-

547 1093 903 1152 versantur
949 1077 1150 1176 plane
1198 1076 1541 1151 doctrinae
1589 1076 1895 1150 eiusdem
1944 1076 2241 1151 concilii.

678 1193 863 1268 Haec
886 1208 1107 1267 autem
1131 1192 1396 1267 concilii
1420 1217 1612 1266 mens
1637 1191 1888 1266 clarius
1912 1191 2327 1290 dignoscitur
2341 1219 2425 1267 ex
2442 1194 2774 1283 doctrina,

550 1333 756 1407 quam
805 1308 1179 1382 canonibus
1231 1308 1378 1381 suis
1437 1306 1811 1406 praemisit.
1862 1307 2124 1380 Etenim
2177 1308 2531 1382 concilium
2587 1309 2783 1385 docet

551 1421 892 1495 Christum
926 1420 1392 1495 sanctificasse
1423 1421 1641 1520 gratia
1675 1446 1802 1494 sua
1835 1445 2129 1497 amorem
2156 1422 2557 1510 naturalem,
2591 1439 2659 1497 et
2681 1425 2786 1497 in—

551 1535 1019 1612 dissolubilem
1060 1536 1385 1610 unitatem
1421 1535 1741 1610 connubii
1777 1535 2260 1625 confirmasse3
2291 1564 2373 1611 ex
2395 1564 2533 1638 qno
2560 1539 2786 1614 intulit

551 1649 1048 1724 matrimonium
1095 1650 1166 1722 in
1214 1649 1363 1746 lege
1409 1648 1796 1747 evangelica
1845 1650 2186 1725 veteribus
2247 1652 2604 1727 connubiis
2663 1680 2785 1754 per

553 1764 895 1839 Christum
962 1782 1303 1864 praestare
1334 1821 1350 1852 ,
1425 1780 1630 1864 atque
1697 1764 1949 1839 idcirco
1998 1766 2235 1840 merito
2282 1768 2783 1842 matrimonium

554 1880 728 1953 inter
753 1904 989 1952 ,novae
1036 1877 1206 1975 legis
1258 1895 1681 1953 sacramenta
1721 1880 2210 1952 connumerari.
2255 1879 2453 1966 Quod
2486 1881 2779 1980 profecto

553 2022 974 2096 consequens
1009 2021 1145 2069 non
1178 2012 1399 2083 esset,
1440 1995 1501 2069 si
1536 2013 2026 2070 sacramentum
2076 2012 2259 2070 esset
2307 2023 2417 2071 res
2467 1997 2780 2072 distincta

556 2112 644 2187 ab
677 2112 829 2212 ipso
865 2111 1287 2187 matrimonio
1306 2168 1322 2199 ,
1364 2138 1486 2185 seu
1521 2137 1563 2184 a
1595 2116 1937 2186 contractu
1979 2111 2314 2209 coniugali
2350 2138 2473 2213 per
2510 2138 2589 2187 se
2619 2112 2784 2187 sub-

557 2229 862 2303 sistente.

707 2347 777 2420 2.
837 2344 1165 2420 Probatur
1196 2372 1278 2420 ex
1310 2347 1698 2441 eorumdem
1737 2362 2166 2445 patronorum
2202 2344 2575 2419 sententiae
2615 2343 2783 2418 Cani

556 2476 789 2560 aperta
814 2459 1141 2535 doctrina.
1169 2461 1308 2561 Ipsi
1336 2461 1516 2534 enim
1552 2487 1871 2560 expresse
1904 2460 2292 2534 inficiantur
2322 2460 2483 2534 oriri
2510 2486 2592 2533 ex
2616 2459 2779 2533 Cani

556 2576 877 2675 opinione
901 2633 917 2663 ,
959 2592 1077 2650 aut
1110 2577 1482 2651 subsistere
1516 2577 1849 2650 eiusmodi
1900 2577 2399 2651 distinctionem
2436 2595 2593 2677 post
2624 2602 2785 2651 con-

556 2690 800 2765 fectum
835 2717 956 2788 per
988 2691 1355 2764 sacerdotis
1389 2691 1923 2765 benedictionem
1972 2689 2489 2766 sacramentum.
2530 2694 2787 2772 Docent

556 2803 842 2904 proinde
891 2803 1191 2878 unanimi
1242 2830 1578 2879 consensu
1629 2823 2121 2880 sacramentum
2173 2808 2579 2883 matrimonii
2629 2833 2785 2882 oon·-

559 2919 798 2994 sistere
823 2916 894 2991 in
923 2917 1074 3017 ipso
1099 2918 1367 2993 vinculo
1395 2919 1664 2994 unionis
1691 2919 2093 3018 coniugalis,
2124 2938 2192 2994 et
2214 2948 2337 3021 per
2359 2948 2783 3023 consequens

557 3034 798 3109 docent
830 3033 1325 3108 matrimonium
1362 3034 1545 3109 aliud
1581 3060 1717 3108 non
1751 3061 1907 3110 esse
1940 3036 2075 3109 nisi
2109 3053 2522 3111 contractum
2557 3039 2785 3138 ipsum

558 3149 643 3224 ad
694 3150 1093 3224 sacramenti
1145 3148 1540 3247 dignitatem
1590 3167 1892 3224 evectum
1918 3208 1934 3238 ‚
1976 3151 2041 3225 vi
2077 3152 2270 3226 cuius
2307 3153 2384 3225 fit
2415 3153 2585 3227 haec
2625 3155 2788 3228 unio

560 3265 828 3363 signum
880 3266 1242 3366 mysticum
1293 3265 1782 3340 coniunctionis
1819 3265 2068 3341 Christi
2104 3292 2257 3340 cum
2306 3267 2595 3342 ecclesia
2619 3327 2635 3356 ,
2675 3269 2787 3343 cui

558 3379 754 3478 signo
802 3407 844 3453 a
878 3378 1145 3454 Christo
1194 3379 1457 3454 adnexa
1504 3394 1606 3453 est
1655 3379 1955 3454 efficacia
2006 3380 2418 3480 producendi
2468 3382 2780 3479 gratiam.

705 3496 804 3569 Ita
854 3495 1120 3595 Sylvius
1144 3552 1160 3583 ,
1215 3496 1336 3594 qui
1386 3494 1660 3568 scribit:
1709 3525 1743 3563 c<
1776 3496 1861 3569 Ut
1890 3511 2117 3568 autem
2152 3497 2650 3570 matrimonium
2684 3515 2789 3572 est

560 3626 1050 3685 sacramentum
1086 3636 1297 3684 novae
1330 3608 1536 3707 legis,
1573 3609 1668 3683 ita
1703 3626 1924 3709 potest
1956 3610 2257 3683 definiri:
2289 3613 2786 3687 matrimonium

559 3741 663 3797 est
700 3725 1217 3800 christianorum
1251 3726 1377 3801 viri
1407 3742 1474 3798 et
1499 3725 1831 3799 foeminae
1867 3752 2305 3825 personarum
2340 3726 2782 3825 legitimarum

559 3841 936 3917 coniunctio
963 3900 979 3928 ,
1034 3841 1140 3915 vel
1190 3856 1570 3915 contractus
1625 3840 1955 3915 maritalis
2006 3842 2090 3914 ad
2143 3842 2563 3916 individuam
2610 3843 2783 3916 vitae

560 3955 943 4032 societatem
993 3957 1410 4031 retinendam
1446 3956 1793 4031 institutus
1818 4015 1834 4044 ,
1866 3974 1932 4029 et
1962 3957 2245 4054 gratiam
2281 3958 2603 4057 coniuges
2637 3984 2788 4033 san-

559 4069 961 4145 ctificantem
1013 4072 1398 4146 conferendi
1448 4072 1585 4145 vim
1637 4071 1897 4146 habens
1938 4073 2169 4168 (18).»

713 4325 814 4385 (18)
848 4323 1038 4372 comm.
1063 4321 1115 4372 in
1137 4326 1299 4386 quart.
1325 4326 1494 4374 XLVI.
1516 4321 1702 4387 suppl.
1724 4323 1817 4370 art.
1846 4327 1890 4371 3.
