3276 5083
691 447 829 496 mr.
859 448 960 497 w.
1003 449 1085 497 nt
1122 449 1322 498 mser.
1365 447 1590 499 coma.
1640 450 1714 497 ar
1750 449 1925 499 saca.
1970 449 2111 498 aar.
2152 450 2198 499 1.
2442 425 2581 497 1⁹1

347 564 696 640 formalem
730 588 813 637 ac
843 563 1169 651 validum,
1221 566 1336 664 qui
1382 591 1517 640 non
1552 566 1644 639 sit
1679 578 2191 638 sacramentum.
2225 564 2367 641 Hac
2400 565 2581 641 enim

345 683 418 753 in
455 677 818 780 hypothesi
854 678 940 751 ad
975 690 1311 753 summum
1363 679 1685 777 coniuges
1734 680 2157 778 privarentur
2188 680 2405 778 gratia
2428 694 2585 755 'tan-

350 813 501 871 tum
563 794 1067 882 sacramentali,
1123 795 1231 868 vel
1282 810 1634 894 peccarent
1683 795 1777 869 ita
1824 794 2291 870 contrahentes
2354 810 2582 871 contra

354 907 685 984 ecclesiae
735 925 1162 1008 praeceptum
1189 968 1205 995 ‚
1263 910 1384 983 sed
1432 926 1811 984 contractus
1864 911 1933 982 in
1984 935 2107 984 suo
2158 909 2395 987 robore
2416 921 2585 1008 'per-

351 1040 699 1111 maneret,
757 1049 838 1097 ac
887 1023 987 1096 illi
1036 1050 1193 1098 vere
1242 1025 1561 1122 coniuges
1622 1042 1872 1100 essent.
1939 1027 2243 1100 Attamen
2300 1024 2587 1100 ecclesia

348 1139 448 1213 uti
499 1137 727 1211 nullas
775 1153 1160 1212 constanter
1205 1137 1444 1212 habuit
1473 1156 1540 1213 et
1571 1140 1778 1214 habet
1804 1140 2137 1214 eiusmodi
2172 1140 2586 1215 coniunctio-

354 1278 504 1328 nes.
542 1253 955 1351 Argumento
991 1254 1197 1350 igitur
1230 1254 1640 1329 ineluctabili
1675 1271 1816 1341 est,
1859 1280 1991 1328 non
2026 1255 2401 1330 subsistere
2431 1280 2584 1329 con-

351 1386 639 1444 tractum
664 1426 684 1456 ‚
738 1369 799 1442 si
843 1395 977 1443 non
1027 1370 1423 1443 interveniat
1472 1386 1962 1443 sacramentum
1990 1428 2005 1458 ,
2048 1396 2168 1443 seu
2202 1370 2582 1470 verins'qui

355 1494 496 1559 non
545 1484 636 1558 sit
659 1501 1199 1559 sacramentum.

484 1598 665 1673 Idem
696 1600 1120 1698 apertissime
1142 1598 1478 1697 colligitur
1497 1627 1578 1690 ex
1595 1600 1824 1674 Allocu
1833 1601 2035 1687 tione,
2067 1626 2269 1700 quam
2286 1602 2446 1675 Pius
2462 1601 2581 1674 lx.-

357 1713 597 1788 habuit
627 1714 717 1787 ad
754 1730 980 1812 patres
1015 1713 1389 1788 cardinales
1421 1714 1535 1788 die
1571 1716 1687 1787 27.
1723 1715 2058 1815 Septemb.
2099 1718 2309 1791 1852.
2345 1718 2586 1815 inaqua
2686 1764 2695 1775 ·

356 1846 588 1905 contra
638 1829 853 1927 legem
903 1830 989 1904 de
1037 1830 1463 1904 matrimonio
1516 1829 1698 1905 civili
1758 1831 1827 1903 in
1880 1831 2433 1929 Neo-granatensi
2487 1857 2593 1904 re—

359 1943 632 2043 publica
700 1945 1116 2044 propositam
1159 2003 1173 2030 ,
1239 1944 1333 2019 ita
1392 1945 1761 2021 catholicae
1830 1945 2156 2020 ecclesiae
2220 1947 2593 2020 doctrinam

355 2058 701 2159 exposuit:
740 2057 981 2131 «Nihil
1031 2058 1320 2133 dicimus
1382 2060 1467 2133 de
1515 2060 1649 2132 alio
1708 2059 1824 2134 illo
1883 2060 2149 2135 decreto
2179 2117 2194 2145 ,
2262 2084 2400 2160 quo
2448 2085 2595 2133 ma-

357 2172 656 2246 trimonii
688 2173 1084 2248 sacramenti
1124 2174 1475 2272 mysterio,
1517 2173 1872 2269 dignitate,
1916 2173 2270 2248 sanctitate
2317 2172 2590 2246 omnino

357 2288 683 2386 despecta
706 2288 1030 2386 ,eiusque
1056 2287 1474 2361 institutione
1501 2346 1516 2375 ‚
1557 2305 1624 2360 et
1656 2304 1896 2361 natura
1932 2312 2211 2386 prorsus
2243 2287 2550 2386 ignorata
2570 2343 2587 2373 ‚

360 2418 430 2477 et
470 2426 740 2492 eversa,
785 2418 988 2502 atque
1038 2403 1363 2477 ecclesiae
1403 2405 1473 2475 in
1514 2419 2007 2477 sacramentum
2051 2402 2229 2475 idem
2266 2416 2593 2501 potestate

363 2518 640 2619 penitus
671 2535 927 2618 spreta,
970 2518 1468 2618 proponebatur
1515 2519 1699 2592 iuxta
1734 2518 1868 2592 iam
1903 2517 2258 2594 damnatos
2294 2516 2598 2593 ‘haereti-

363 2659 597 2707 eorum
649 2659 909 2707 errores
936 2692 952 2720 ,
992 2649 1194 2733 atque
1228 2633 1552 2708 adversus
1589 2634 1962 2708 catholicae
1994 2632 2320 2708 ecclesiae
2361 2633 2601 2707 doctri-

363 2775 558 2837 nam,
597 2765 675 2822 ut
708 2748 1206 2823 matrimonium
1261 2766 1597 2849 tamquam
1652 2749 1873 2823 civilis
1928 2765 2181 2823 tantum
2215 2765 2596 2824 contractus

364 2864 766 2952 haberetur,
807 2879 876 2937 et
924 2865 991 2935 in
1026 2865 1235 2938 variis
1287 2865 1559 2939 casibus
1611 2865 1969 2940 divortium
2021 2865 2295 2965 proprie
2343 2865 2596 2939 dictum

362 2980 741 3054 sanciretur
766 3037 781 3065 ‚
837 3004 1207 3079 omnesque
1255 2979 1782 3054 matrimoniales
1825 3006 2072 3055 causae
2121 2981 2208 3054 ad
2259 2980 2436 3054 laica
2483 2980 2602 3054 de.—

367 3095 699 3169 l'errentur
746 3092 1109 3167 tribunalia
1133 3153 1148 3181 ‚
1205 3111 1274 3168 et
1319 3094 1408 3168 ab
1458 3094 1595 3169 illis
1649 3095 2145 3180 iudicarentur;
2202 3121 2355 3169 cum
2398 3120 2602 3168 nemo

365 3235 446 3282 ex
469 3207 824 3284 catholicis
851 3209 1149 3306 ignoret,
1179 3226 1295 3283 aut
1319 3210 1625 3307 ignorare
1652 3211 1893 3310 possit,
1924 3211 2422 3304 matrimonium
2448 3234 2602 3282 esse

367 3348 546 3410 vere,
587 3341 656 3398 et
689 3323 960 3423 proprie
1010 3350 1220 3398 unum
1253 3350 1335 3398 ex
1369 3341 1624 3424 septem
1675 3326 2103 3423 evangelicae
2153 3325 2322 3422 legis
2374 3337 2601 3399 sacra-

365 3439 618 3514 mentis
661 3465 703 3513 a
754 3438 1020 3513 Christo
1067 3441 1353 3513 Domino
1415 3441 1829 3527 institutum,
1886 3467 1967 3514 ac
2017 3449 2365 3540 propterea
2430 3441 2599 3511 inter

367 3552 1141 3651 fidolermatrimoninm
1202 3556 1358 3628 dari
1403 3584 1531 3628 non
1569 3583 1758 3655 posse
1788 3613 1806 3640 ,
1876 3559 2037 3656 quin
2074 3584 2212 3629 uno
2261 3556 2600 3652 eodemque

375 3684 651 3766 tempore
700 3673 788 3742 sit
835 3687 1352 3755 sacramentum,
1412 3688 1612 3771 atque
1681 3672 1935 3745 idcirco
1984 3670 2354 3770 quamlibet
2402 3670 2604 3742 aliam

374 3785 552 3855 inter
584 3784 988 3859 christianos
1016 3787 1142 3858 viri
1180 3803 1246 3859 et
1278 3785 1602 3871 mulieris,
1627 3801 1893 3885 praeter
1916 3801 2412 3870 sacramentum,
2447 3811 2607 3859 con-

369 3901 782 3974 iunctionem
808 3959 823 3988 ,
884 3903 1370 4001 cuiuscumque
1420 3903 1620 3974 etiam
1672 3902 1891 3975 civilis
1941 3902 2110 3999 legis
2169 3902 2235 3973 vi
2296 3901 2540 3975 factam
2583 3959 2598 3984 ,

377 4014 544 4087 nihil
613 4016 797 4090 aliud
850 4043 1044 4105 esse,
1102 4018 1231 4090 nisi
1296 4031 1545 4117 turpem
1595 4031 1786 4117 atque
1838 4018 2175 4091 exitialem
2225 4018 2607 4089 concubina-

375 4147 510 4203 tum
559 4132 648 4205 ab
697 4131 985 4206 ecclesia
1035 4149 1381 4232 tantopere
1432 4133 1854 4219 damnatum,
1911 4160 1987 4206 ac
2040 4133 2322 4234 proinde
2368 4158 2409 4208 a
2460 4115 2611 4206 con-

379 4245 582 4343 iugali
637 4245 905 4319 foedere
956 4264 1444 4323 sacramentum
1491 4248 1788 4346 separari
1843 4273 2195 4346 numquam
2243 4273 2486 4348 posse,
2544 4260 2611 4316 et

377 4361 650 4432 omnino
699 4379 1007 4460 spectare
1055 4363 1138 4434 ad
1191 4362 1515 4438 ecclesiae
1568 4380 1960 4461 potestatem
1996 4391 2076 4437 ea
2111 4362 2336 4452 omnia
2379 4361 2611 4448 decer-
