3276 5083
733 491 869 540 cu.
912 491 959 539 1.
1001 490 1079 540 ns
1123 490 1386 540 nram.
1428 490 1655 539 civms
1704 489 1974 539 mrum.
2017 491 2158 540 Αιιτ.
2199 492 2263 539 v.
2471 466 2600 536 251

396 608 737 692 inficiant,
774 630 1049 679 necesse
1081 622 1207 678 est.
1244 604 1407 677 Cum
1445 603 1653 678 semel
1681 605 1812 677 sibi
1840 605 2246 703 persuaserit
2288 604 2486 678 civile
2519 631 2615 677 re-

395 723 662 819 gimen,
728 720 1131 794 connubium
1187 719 1467 819 perinde
1517 722 1625 792 ac*
1656 736 2032 793 contractus
2099 735 2352 793 ceteros
2403 720 2489 793 ab
2538 746 2617 794 se

396 836 668 911 omnino
708 853 910 935 atque
962 837 1157 908 unice
1217 834 1511 933 pendere
1535 893 1550 920 ,
1611 833 1941 933 pleneque
2001 835 2070 905 in
2122 860 2245 907 sua
2293 860 2445 907 esse
2495 859 2614 933 po-

398 966 670 1034 testate,
710 976 791 1023 ea
829 965 1105 1035 statuet,
1147 974 1322 1048 quae
1357 949 1487 1046 ipsi
1526 948 1825 1034 libuerit,
1867 947 2050 1021 nulla
2086 949 2339 1021 ratione
2387 947 2613 1021 habita

395 1064 1020 1164 impedimentorum
1049 1063 1191 1135 sive
1219 1063 1730 1162 impedientium
1761 1062 1903 1135 sive
1930 1062 2409 1148 dirimentium,
2440 1088 2613 1162 quae

396 1193 552 1252 sunt
589 1179 674 1251 ab
717 1178 1001 1251 ecclesia
1051 1178 1435 1251 constituta.
1480 1179 1577 1249 Ex
1612 1178 1742 1250 hac
1781 1203 1941 1250 vero
1976 1177 2140 1250 iuris
2173 1176 2612 1250 ecclesiastici

397 1317 477 1364 ac
509 1292 728 1366 civilis
764 1316 989 1390 pugna
1038 1307 1434 1364 enascantur
1471 1306 1708 1392 sponte
1745 1291 1946 1365 veluti
2002 1315 2125 1363 sua
2175 1290 2617 1390 perturbatio-

400 1433 521 1479 nes
555 1464 571 1491 ,
626 1406 1051 1481 difficultates
1101 1408 1431 1507 practicae
1456 1464 1471 1493 ,
1531 1432 1784 1505 eaeque
1831 1405 2292 1502 gravissimae.
2335 1407 2500 1477 Nam
2555 1404 2612 1478 si

398 1523 515 1619 qui
550 1522 879 1595 voluerint
929 1522 1192 1595 tandem
1230 1522 1596 1621 aliquando
1637 1520 2091 1594 conscientiae
2115 1545 2194 1593 ac
2220 1519 2416 1593 saluti
2453 1545 2616 1593 suae

399 1635 745 1710 consulere
795 1663 915 1735 per
963 1638 1459 1711 renovationem
1510 1661 1884 1709 consensus
1927 1635 1992 1706 in
2045 1635 2215 1707 facie
2261 1634 2617 1720 ecclesiae,-

398 1766 470 1823 ut
503 1766 879 1824 contractus
930 1751 1305 1849 coniugalis
1327 1809 1343 1840 ,
1375 1751 1491 1851 qui
1528 1751 1855 1824 hactenus
1891 1750 2117 1822 irritus
2153 1750 2400 1834 suerat,
2433 1766 2613 1822 ratus

399 1865 548 1952 fiat,
592 1866 786 1940 facile
825 1893 900 1940 se
942 1868 1274 1966 reperient
1310 1866 1668 1939 dirimente
1712 1866 1937 1965 aliquo
1981 1866 2456 1963 impedimento
2505 1865 2617 1937 de-

398 1995 651 2067 tentos,
706 2006 840 2080 quo
876 2008 915 2053 a
951 1982 1066 2054 tali
1120 1981 1546 2055 renovatione
1593 1996 1967 2053 arceantur.
2027 1981 2094 2052 Si
2138 1981 2254 2080 qui
2289 1980 2459 2078 legis
2496 1980 2617 2052 ob-

402 2109 584 2166 tentu
608 2094 963 2168 divortium
988 2096 1264 2169 fecerint
1290 2122 1328 2169 a
1357 2097 1572 2196 prima
1599 2154 1613 2181 ,
1657 2094 1953 2168 secunda
1976 2153 1990 2181 ,
2034 2111 2149 2167 aut
2180 2096 2373 2168 tertia
2408 2121 2616 2193 quan·

401 2206 621 2306 doque
655 2235 858 2282 uxore
883 2267 898 2296 ,
938 2236 1139 2309 quam
1175 2226 1326 2311 post
1360 2211 1548 2308 prius
1588 2210 1946 2284 divortium
1990 2212 2571 2311 superinduxerint
2593 2266 2608 2295 ,

402 2322 534 2393 iam
586 2324 873 2423 quisque
921 2325 1136 2423 primo
1183 2325 1412 2399 obtutu
1465 2326 1677 2399 cernit
1728 2326 1795 2397 in
1845 2342 2007 2425 quot
2060 2352 2134 2400 se
2184 2325 2613 2398 difficultates

402 2438 804 2511 coniecerint
835 2496 850 2525 ,
907 2440 1025 2539 qui
1076 2440 1176 2513 sic
1225 2439 1402 2513 civili
1454 2455 1710 2513 tantum
1771 2440 2026 2514 ratione
2082 2440 2369 2539 copulati
2429 2455 2606 2513 sunt.

401 2555 645 2627 Poterit
677 2556 853 2627 enim
880 2581 960 2628 ex
985 2557 1310 2630 ecclesiae
1359 2581 1479 2630 seu
1530 2558 1751 2656 potius
1784 2558 1905 2630 Dei
1939 2558 2151 2656 ipsius
2197 2556 2343 2654 lege
2381 2582 2614 2631 omnes

402 2668 725 2742 foeminas
786 2670 876 2743 ita
927 2671 1316 2745 coniunctas
1365 2672 1676 2745 deserere
1704 2731 1719 2759 ‚
1761 2690 1827 2745 et
1876 2672 2076 2745 aliam
2129 2696 2617 2772 quamcumque

402 2786 468 2855 in
531 2811 803 2858 uxorem
863 2786 1107 2884 eligere
1129 2845 1143 2873 ,
1204 2786 1583 2884 coniugium
1629 2814 1825 2861 suum
1878 2787 2277 2862 celebrando
2327 2789 2396 2860 in
2448 2788 2618 2861 facie

399 2897 762 2985 ecclesiae;
805 2901 1045 3001 poterit
1093 2901 1327 3002 utique
1361 2901 1558 2974 etiam
1595 2928 1800 2974 unam
1837 2929 1917 2976 ex
1955 2902 2295 3000 prioribus
2335 2903 2610 2990 ducere,

403 3013 801 3113 quandoque
834 3016 1032 3088 etiam
1076 3015 1403 3089 tenebitur
1433 3015 1536 3089 vel
1580 3032 1856 3116 propter
1904 3016 2149 3090 liberos
2193 3016 2298 3090 vel
2345 3034 2617 3116 propter

405 3123 572 3199 alias
621 3128 1156 3204 circumstantias
1204 3131 1539 3204 secundae
1587 3131 1690 3205 vel
1736 3132 2006 3218 tertiae,
2071 3132 2286 3232 prima
2330 3132 2607 3217 relicta,

405 3239 788 3316 adhaerere.
814 3245 1058 3329 ‚Verum
1099 3245 1375 3319 obsistet
1409 3246 1838 3343 gubernium,
1874 3247 2053 3346 quod
2091 3247 2343 3347 primas
2379 3245 2612 3320 saltem

404 3357 670 3453 nuptias
717 3360 814 3432 uti
865 3375 1042 3433 ratas
1093 3386 1172 3433 ac
1222 3359 1553 3457 legitimas
1604 3360 1831 3433 habet.
1895 3361 2070 3447 Quid
2123 3360 2280 3434 fiet?
2331 3361 2460 3448 Qui
2515 3362 2615 3435 sic

403 3469 473 3539 in
506 3469 676 3545 facie
706 3473 1027 3547 eeclesiae
1051 3475 1451 3549 contraxerit
1482 3475 1889 3573 coniugium,
1920 3502 2001 3549 ex
2028 3477 2434 3550 conscientia
2458 3476 2616 3549 huic

403 3582 767 3658 adhaerere
814 3588 1177 3676 tenebitur,
1234 3606 1461 3663 contra
1511 3616 1667 3664 vero
1716 3591 2147 3688 magistratus
2196 3591 2415 3665 civilis
2463 3617 2613 3664 eum

402 3716 592 3796 coget
639 3700 943 3777 deserere
992 3705 1352 3779 secundam
1393 3722 1459 3778 et
1506 3705 1872 3779 adhaerere
1923 3707 2161 3805 priori,
2222 3706 2612 3807 praesertim

402 3815 460 3886 si
486 3839 566 3886 ex
595 3813 798 3912 priori
832 3818 1079 3917 prolem
1113 3820 1436 3918 genuerit.
1481 3821 1579 3892 En
1617 3820 2076 3914 detestabilem
2114 3847 2407 3920 pugnam
2445 3825 2617 3895 inter

400 3929 877 4002 conscientiam
903 3947 969 4004 et
993 3932 1202 4031 legem
1226 3993 1241 4021 ‚
1275 3935 1448 4006 inter
1480 3934 1832 4009 ecclesiam
1873 3951 1939 4008 et
1978 3935 2399 4034 gubernium.
2437 3936 2611 4022 Quid

401 4045 458 4116 si
510 4044 663 4144 quis
722 4048 1118 4121 contraxerit
1151 4050 1477 4151 „nuptiale
1538 4051 1771 4125 foedus
1832 4077 2052 4126 coram
2113 4051 2400 4127 ecclesia
2461 4076 2613 4125 cum

399 4159 666 4258 aliqua,
716 4177 1069 4260 postquam
1117 4164 1558 4264 deprehendit
1602 4192 1676 4238 se
1717 4191 1866 4239 cum
1906 4166 2041 4248 illa,
2082 4194 2281 4267 quam
2333 4167 2618 4241 civiliter

400 4274 700 4362 duxerat,
743 4300 873 4349 non
911 4300 1110 4374 posse
1150 4302 1537 4374 permanere
1568 4306 1671 4366 eo,
1716 4282 1893 4381 quod
1930 4280 2149 4379 vigeat
2183 4281 2617 4382 impedimen·

401 4403 538 4458 tum
573 4389 896 4463 dirimens
933 4448 946 4474 ,
1005 4416 1224 4488 neque
1271 4418 1418 4466 cum
1457 4395 1570 4468 ina
1607 4421 2004 4469 consensum
2059 4422 2278 4470 coram
2331 4393 2614 4469 ecclesia
