3276 5083
654 449 791 519 360
1037 473 1160 523 un.
1204 473 1251 522 1.
1294 473 1468 524 sscr.
1511 476 1770 526 Διηιυ.
1814 478 1895 526 ns
1939 478 2203 528 aarum.
2239 478 2453 530 omn.

647 591 869 665 culum
913 618 1186 677 sacrum,
1235 619 1315 667 ac
1365 592 1876 681 indissolubile,
1920 596 1987 667 in
2038 622 2174 697 quo
2224 600 2529 698 praecise
2577 604 2876 677 essentia

645 709 1050 784 matrimonii
1091 708 1442 783 christiani
1493 712 1826 785 consistit.
1870 711 2366 787 Matrimonium
2404 716 2647 813 igitur,
2689 719 2872 819 quod

644 823 828 898 aliud
863 850 997 897 non
1033 838 1139 897 est
1171 824 1305 897 nisi
1342 840 1724 898 contractus
1777 826 2101 900 naturalis
2152 827 2435 903 effectus
2487 856 2873 907 sacramen·

643 957 809 1028 tum,
856 940 929 1011 in
973 939 1264 1013 solidum
1313 941 1600 1039 pertinet
1633 942 1719 1013 ad
1755 941 2112 1015 ecclesiam
2137 1000 2153 1029 ,
2197 943 2306 1016 cui
2357 944 2489 1018 soli
2525 971 2568 1019 a
2600 946 2872 1024 Christo

641 1073 1209 1131 sacramentorum
1261 1055 1757 1129 administratio
1816 1057 2219 1131 demandata
2268 1074 2393 1132 est.
2453 1059 2819 1136 Corollaria
2844 1123 2860 1150 ‚

638 1196 814 1273 quae
864 1198 945 1245 ex
994 1170 1124 1244 hoc
1180 1171 1582 1244 inconcusso
1641 1171 1981 1269 principio
2030 1170 2486 1261 descendunt,
2546 1201 2672 1250 suo
2723 1176 2868 1253 loco

638 1286 1188 1387 explanabimus;
1229 1286 1494 1358 interim
1529 1284 1912 1384 colligimus
1961 1285 2289 1360 actionem
2324 1286 2494 1385 legis
2535 1289 2757 1365 civilis
2792 1294 2864 1364 in

637 1404 1134 1478 matrimonium
1178 1417 1384 1476 totam
1420 1426 1500 1475 ac
1532 1401 1734 1475 unice
1780 1402 2223 1474 extrinsecam
2265 1427 2420 1476 esse
2444 1460 2460 1490 ‚
2520 1430 2643 1478 nec
2691 1404 2861 1480 illud

639 1545 840 1619 posse
889 1519 1213 1615 attingere
1248 1517 1383 1589 nisi
1419 1515 1548 1589 sub
1593 1531 1900 1616 respectu
1946 1514 2128 1590 civili
2170 1515 2240 1587 in
2276 1515 2547 1606 ordine,
2591 1534 2667 1592 ut
2689 1518 2865 1592 dixi-

636 1663 788 1709 mus
814 1693 829 1723 ,
878 1633 962 1707 ad
1015 1632 1264 1706 bonum
1315 1630 1515 1706 civile
1563 1648 1629 1704 et
1679 1630 1765 1704 ad
1819 1631 2098 1704 effectus
2151 1630 2425 1719 civiles;
2480 1649 2683 1734 atque
2732 1634 2863 1710 hoc

636 1751 851 1825 solum
904 1764 1031 1835 est,
1090 1748 1272 1849 quod
1321 1774 1402 1821 ex
1451 1747 1713 1820 theoria
1745 1747 2054 1834 oratoris,
2095 1746 2182 1818 de
2214 1773 2353 1845 qua
2386 1749 2679 1845 agimus,
2735 1752 2860 1826 rite

632 1865 1107 1965 consequitur,
1149 1862 1331 1964 quod
1374 1888 1571 1934 nemo
1606 1863 1670 1935 ei
1708 1860 2088 1958 denegabit.
2122 1861 2245 1934 Ast
2277 1860 2382 1935 lex
2417 1863 2637 1938 civilis
2670 1865 2856 1938 nulla

631 1982 890 2054 ratione
929 1979 1200 2053 afficere
1233 1992 1452 2107 potest
1486 1977 1583 2064 id,
1624 2003 1707 2049 ex
1748 2000 1884 2076 quo
1916 1974 2104 2048 valor
2147 1992 2261 2049 aut
2293 1976 2571 2053 nullitas
2606 1981 2852 2080 pendet

631 2099 773 2173 sive
810 2111 1192 2171 contractus
1232 2094 1378 2167 sive
1417 2092 1860 2178 sacramenti,
1906 2117 2083 2191 quae
2125 2116 2232 2166 res
2281 2092 2501 2167 civilis
2543 2120 2678 2169 non
2713 2111 2839 2184 est,

630 2212 749 2287 sed
802 2210 1260 2286 conscientiae
1309 2226 1375 2283 et
1423 2208 1795 2305 religionis.

771 2328 1084 2404 Societati
1130 2325 1314 2399 civili
1378 2324 1663 2425 proinde
1714 2322 2116 2422 relinquitur
2141 2381 2156 2410 ,
2213 2324 2393 2424 quod
2446 2352 2643 2400 suum
2695 2345 2844 2416 est,

627 2472 870 2545 nempe
901 2445 1087 2541 leges
1120 2442 1434 2529 condere,
1477 2466 1654 2541 quae
1686 2438 1920 2514 civiles
1956 2439 2234 2513 effectus
2264 2440 2618 2539 attingant,
2652 2458 2854 2546 atque

625 2562 1045 2637 conditiones
1081 2581 1442 2659 apponere,
1475 2582 1648 2656 quas
1674 2555 1883 2640 cives,
1915 2555 2031 2654 qui
2060 2554 2558 2629 matrimonium
2587 2557 2843 2645 ineunt,

624 2703 892 2752 servare
942 2675 1266 2760 debeant,
1317 2673 1377 2746 si
1430 2671 1569 2745 illis
1621 2670 1871 2771 perfrui
1925 2669 2296 2744 commodis
2346 2675 2424 2744 ac
2471 2671 2848 2770 'privilegiis

619 2790 852 2877 velint,
903 2815 1077 2888 quae
1126 2787 1232 2861 lex
1281 2787 1564 2883 largitur
1613 2811 1765 2859 sese
1815 2784 2328 2859 subiicientibus
2377 2784 2635 2859 eisdem
2686 2812 2853 2861 con-

621 2903 991 2978 ditionibus
1020 2960 1035 2986 ,
1092 2899 1658 3002 quemadmodum
1709 2899 1949 2998 quovis
2001 2915 2298 2998 tempore
2348 2898 2595 2972 factum
2646 2917 2773 2974 est.

766 3019 887 3093 Est
936 3043 1134 3118 porro
1181 3043 1354 3116 opus
1404 3042 1557 3090 vere
1600 3016 1939 3088 musivum
1981 3015 2060 3087 D'
2067 3013 2486 3113 Aguesseau,
2529 3015 2839 3103 PortaliS,

621 3135 1117 3220 Iustinianum‚
1183 3130 1636 3260 Napoleonem
1690 3155 1842 3202 cum
1895 3155 1990 3203 ss.
2045 3130 2420 3226 Augustino
2474 3146 2542 3203 et
2588 3129 2843 3205 Thoma

616 3251 1043 3349 coniungere.
1106 3248 1249 3323 Hoc
1290 3263 1393 3321 est
1435 3247 1722 3320 miscere
1774 3271 1968 3319 sacra
2016 3243 2356 3344 profanis,
2399 3259 2465 3317 et
2514 3245 2845 3344 quadrata

616 3368 960 3455 rotundis,
1019 3393 1227 3467 quum
1280 3365 1495 3438 sancti
1545 3365 1866 3437 Doctores
1927 3363 2096 3435 adeo
2147 3387 2189 3434 a
2240 3360 2543 3460 profanis
2595 3362 2843 3460 legum·

616 3483 938 3559 latoribus
988 3481 1240 3556 distent
1292 3482 1363 3554 in
1414 3481 1716 3555 doctrina
1748 3479 1834 3552 de
1868 3477 2296 3550 matrimonio
2349 3476 2713 3565 tradenda,
2768 3495 2843 3552 ut

616 3626 896 3675 erronea
927 3599 1180 3684 omnia,
1222 3596 1474 3698 quibus
1503 3595 1601 3668 illi
1631 3595 1977 3668 materiam
2014 3591 2190 3665 hanc
2216 3591 2616 3680 infecerunt,
2642 3592 2841 3694 plane

612 3730 934 3791 evertant.
977 3713 1284 3787 Ceterum
1321 3710 1485 3812 quid
1523 3710 1817 3784 senserit
1849 3706 2244 3782 nominatim
2282 3707 2594 3796 Portalis‚
2636 3708 2838 3809 paulo

611 3847 765 3905 ante
830 3829 1297 3905 adnotavimus
1340 3886 1356 3914 ,
1430 3843 1667 3926 estque
1725 3824 2000 3899 omnino
2061 3822 2464 3896 contrarium
2526 3824 2589 3896 ei
2651 3823 2836 3923 quod

608 3946 897 4020 adstruit
956 3961 1177 4019 orator
1237 3958 1500 4030 noster,
1556 3941 1674 4042 qui
1729 3940 2010 4014 fortasse
2061 3964 2215 4010 eum
2270 3964 2406 4011 non
2457 3939 2830 4026 consuluit,

608 4061 911 4161 alioquin
973 4059 1122 4135 eius
1188 4084 1321 4133 non
1373 4057 1847 4141 meminisset3
1912 4054 2120 4127 multo
2169 4079 2328 4128 vero
2378 4054 2603 4128 minus
2669 4054 2834 4151 legit
2905 4127 2909 4131 .

608 4203 703 4252 ss.
749 4176 1195 4274 Augustinum
1248 4190 1317 4248 et
1356 4173 1718 4258 Thomam,
1785 4197 2074 4271 quorum
2122 4169 2510 4256 volumina,
2570 4170 2628 4241 si
2684 4170 2837 4268 ipse

604 4290 989 4377 evolvisset,
1049 4316 1419 4387 numquam
1463 4314 1585 4388 pro
1637 4313 1711 4360 se
1762 4285 2159 4359 advocasset
2200 4310 2432 4360 eorum
2477 4283 2837 4356 auctorita—

604 4424 736 4482 tem
764 4464 779 4494 ,
824 4404 919 4479 uti
966 4431 1045 4479 ex
1097 4403 1406 4478 dicendis
1459 4402 1701 4476 idoneo
1752 4400 1895 4475 loco
1947 4398 2220 4498 patebit.
