3276 5083
726 400 862 470 378
1109 422 1232 471 ιιι.
1274 422 1325 470 1.
1364 420 1536 470 sacr.
1581 421 1843 470 Atreus.
1884 422 1963 470 ns
2015 419 2278 495 nram.
2330 420 2544 470 mvn-1.

722 540 850 613 isto
901 538 1228 637 profano,·
1260 565 1336 612 se
1370 538 1594 638 prodit
1625 565 1704 611 ex
1741 538 1970 611 causis
1997 595 2014 625 ‚
2045 563 2225 637 quae
2261 536 2690 612 adducuntur
2723 538 2810 610 ad
2859 538 2964 612 le-

716 681 866 752 gem
919 652 1091 726 hanc
1141 653 1714 727 cohonestandum
1758 677 1838 724 ac
1892 651 2444 751 promovendam3
2489 677 2564 725 se
2603 652 2827 753 prodit
2863 680 2956 726 ex

718 769 942 843 animo
994 769 1221 842 hostili
1273 768 1604 841 adversus
1643 766 2029 865 religionem
2075 766 2472 840 catholicam
2499 825 2515 854 ,
2566 768 2685 867 qui
2736 767 2961 865 legis-

717 884 962 958 latores
1015 885 1182 958 istos
1233 910 1314 957 ac
1365 883 1648 983 proinde
1698 882 1996 956 codicem
2052 882 2403 967 informat;
2440 908 2517 956 se
2559 882 2783 982 prodit
2827 884 2955 957 de-

716 1000 923 1098 nique
954 1024 1034 1071 ex
1078 999 1229 1097 ipso
1281 997 1485 1071 huius
1539 997 1709 1094 legis
1762 997 2141 1081 schemate,
2184 1022 2359 1095 quae
2393 997 2759 1070 sancienda
2793 1024 2956 1097 pro-

717 1114 1009 1212 ponitur.
1070 1113 1263 1198 Quod
1324 1112 1384 1185 si
1446 1138 1675 1184 revera
1735 1111 2020 1210 spiritus
2087 1111 2340 1184 codicis
2398 1111 2566 1185 foret
2640 1113 2952 1209 regulam

716 1227 1092 1326 generalem
1148 1252 1535 1325 promovere
1569 1227 1656 1299 de
1692 1226 2054 1323 iungendis
2095 1226 2349 1326 nuptiis
2401 1226 2531 1298 ritu
2586 1225 2941 1323 religiose,

715 1370 925 1443 quare
984 1342 1186 1440 igitur
1245 1342 1355 1415 isti
1418 1341 1841 1439 legislatores
1894 1367 2132 1414 novam
2185 1341 2361 1414 hanc
2403 1341 2618 1415 codici
2662 1342 2796 1414 iam
2831 1369 2950 1415 re-

715 1476 905 1558 cepto
953 1459 1251 1532 inserere
1302 1456 1517 1554 legem
1569 1456 1989 1557 discupiunt‚
2048 1483 2183 1555 qua
2234 1472 2433 1530 antea
2482 1456 2594 1530 ille
2644 1472 2787 1529 erat
2817 1456 2947 1530 de-

715 1571 1039 1646 stitutus?
1089 1572 1158 1642 Si
1219 1570 1370 1644 talis
1429 1588 1532 1644 est
1593 1571 1872 1670 spiritus
1933 1569 2186 1643 codicis
2236 1588 2312 1644 ut
2359 1585 2659 1644 servetur
2706 1571 2945 1669 regula

714 1686 1088 1784 generaliS,
1152 1712 1273 1758 cur
1330 1684 1512 1756 hunc
1575 1684 1837 1758 codicis
1895 1685 2206 1783 spiritum
2267 1684 2620 1759 immutare
2666 1702 2944 1760 conten-

714 1800 885 1871 dunt
917 1798 954 1869 ⁴?
1010 1799 1249 1871 Sinant
1316 1796 1520 1893 igitur
1581 1797 1881 1895 regulam
1943 1797 2317 1895 generalem
2376 1825 2764 1899 permanere
2828 1799 2942 1870 in·-

713 1929 994 2000 tactam,
1027 1930 1102 1986 ut
1136 1912 1428 2014 perfecte
1478 1939 1563 1987 ac
1613 1913 1855 2011 iugiter
1906 1914 2051 1987 sine
2099 1915 2485 2015 exceptione
2526 1914 2666 1988 ulla
2700 1915 2769 1987 in
2801 1942 2942 1989 usu

706 2030 852 2116 sit,
922 2054 1000 2102 ac
1064 2028 1345 2127 spiritus
1403 2029 1519 2101 ille
1570 2045 1871 2102 servetur
1904 2086 1918 2115 ,
1994 2030 2556 2128 quemadmodum
2606 2030 2938 2104 hactenus

716 2143 1028 2218 obtinuit.
1068 2144 1310 2217 Verum
1348 2144 1479 2218 hoc
1512 2145 1667 2243 ipso
1719 2144 1899 2243 quod
1952 2144 2242 2217 maxime
2289 2161 2552 2245 optent,
2594 2162 2669 2218 ut
2707 2144 2935 2242 regula

718 2259 836 2333 illa
862 2259 1155 2347 decidat,
1201 2260 1358 2334 ideo
1394 2286 1642 2334 novum
1680 2260 1808 2334 hoc
1841 2260 2366 2357 protestantismi
2402 2260 2745 2334 inventum
2781 2286 2938 2359 pro-

811 2391 1001 2448 nunu

722 2400 808 2475 P⁰
857 2490 1199 2563 Postrema
1237 2514 1399 2587 pars
1434 2514 1586 2562 cum
1624 2486 1846 2587 priore
1880 2502 2189 2562 conserta
2213 2487 2484 2561 asserit
2517 2488 2645 2563 hac
2681 2462 2936 2587 in‘lege

712 2631 848 2677 non
899 2604 1009 2700 agi
1062 2604 1197 2677 nisi
1237 2603 1325 2677 de
1349 2604 1649 2702 quadam
1701 2603 2126 2703 exceptione;
2168 2619 2238 2677 at
2271 2603 2399 2678 hoc
2439 2620 2544 2678 est
2580 2604 2928 2702 effugium,

711 2744 846 2818 quo
896 2744 973 2792 se
1022 2734 1375 2815 contegere
1420 2717 1704 2803 vellent,
1761 2719 1877 2819 qui
1929 2718 2142 2815 legem
2195 2735 2715 2819 proposuerunt;
2771 2719 2934 2819 quia

710 2833 781 2904 in
832 2858 903 2905 re
954 2832 1120 2904 tanti
1175 2833 1491 2906 momenti
1542 2849 1745 2932 atque
1794 2831 1984 2906 aleae
2033 2832 2232 2932 plena
2281 2832 2656 2907 debuerunt
2700 2834 2933 2907 timide

712 2962 1046 3046 cauteque
1095 2946 1443 3033 incedere,
1487 2964 1561 3020 ut
1593 2947 1700 3020 lex
1735 2947 2190 3047 adoptaretur.
2226 2947 2569 3036 Ceterum,
2611 2950 2675 3023 si
2709 2950 2932 3049 reipsa

709 3088 841 3136 non
868 3077 1177 3159 ageretur
1211 3061 1342 3135 nisi
1379 3062 1465 3135 de
1501 3060 1794 3161 quadam
1821 3062 2237 3161 exceptione,
2272 3089 2482 3163 quare
2508 3062 2935 3137 adducuntur

708 3179 795 3252 ad
823 3177 1247 3251 statuendam
1273 3178 1490 3276 legem
1518 3205 1787 3264 causae,
1814 3205 1989 3277 quae
2014 3178 2360 3276 generales
2390 3195 2546 3252 sunt
2570 3205 2650 3252 ac
2673 3180 2934 3253 univer-

709 3294 914 3381 sales,
956 3294 1336 3368 cuiusmodi
1375 3312 1559 3380 sunt,
1601 3320 1776 3394 quas
1812 3293 2135 3368 hactenus
2170 3295 2638 3392 expendimus,
2670 3310 2737 3368 et
2759 3320 2932 3393 quas

706 3436 858 3484 mox
892 3409 1091 3482 etiam
1127 3403 1587 3508 expendemus
1610 3467 1625 3495 ‚
1668 3409 1905 3508 quales
1940 3436 2046 3482 ex.
2082 3435 2183 3505 gr.
2212 3425 2372 3483 sunt
2413 3409 2934 3509 independentia

707 3550 786 3596 ac
812 3524 1200 3597 autonomia
1225 3523 1575 3625 potestatis
1605 3523 1850 3611 civilis,
1875 3523 2148 3596 libertas
2176 3524 2650 3610 conscientiae,
2671 3524 2935 3621 exigen-

706 3641 799 3714 tia
850 3640 1088 3714 horum
1143 3656 1553 3739 temporum,
1597 3639 1908 3740 aliaeque
1958 3638 2337 3714 eiusmodi?
2371 3639 2512 3712 Hae
2547 3638 2926 3740 siquidem,

707 3757 764 3828 si
821 3755 984 3856 quid
1034 3754 1371 3840 valerent,
1420 3782 1553 3828 non
1607 3781 1727 3855 pro
1781 3755 1923 3828 sola
1973 3755 2360 3853 exceptione
2405 3753 2754 3841 valerent,
2811 3755 2932 3827 sed

706 3898 825 3971 pro
852 3870 1183 3971 principio
1218 3887 1285 3943 et
1318 3898 1446 3944 usu
1482 3870 1808 3967 generali.
1850 3868 2109 3943 Deinde
2133 3927 2149 3955 ‚
2193 3869 2253 3941 si
2288 3870 2375 3942 de
2424 3869 2624 3942 unica
2676 3885 2929 3942 tantum

703 3986 1094 4086 exceptione
1148 4012 1258 4059 res
1318 4001 1556 4072 esset,
1616 3986 1851 4059 saltem
1921 3984 2167 4057 alicubi
2222 3984 2350 4058 hoc
2398 3984 2927 4082 exprimeretur-3

706 4101 1163 4175 insinuaretur
1213 4099 1451 4174 saltem
1492 4101 1559 4173 in
1598 4100 1767 4198 legis
1820 4100 2110 4174 decursu
2160 4099 2538 4174 adhortatio
2579 4097 2808 4198 aliqua
2843 4097 2933 4171 ad

705 4216 904 4289 ritum
971 4216 1356 4312 religiosum
1384 4274 1399 4302 ,
1472 4216 1587 4316 qui
1655 4216 1945 4288 maxime
2011 4215 2183 4314 ipsis
2249 4215 2433 4289 cordi
2495 4231 2637 4298 est,
2706 4215 2763 4286 si
2828 4214 2934 4286 eis

704 4329 1164 4423 auscultemus
1199 4388 1214 4417 ‚
1289 4332 1846 4430 frequentandum
1885 4389 1899 4416 ,
1958 4358 2077 4403 seu
2148 4329 2554 4427 iungendum
2618 4328 2937 4403 civilibus
