3276 5083
724 471 861 521 cAr.
895 470 990 520 ιιι.
1026 469 1105 519 nr.
1140 469 1401 520 ιιιτιιιιι.
1436 468 1661 520 civius
1693 469 1876 519 tran.
1907 470 2049 520 Αιιι.
2084 469 2174 520 ιιι.
2379 517 2386 523 ,
2428 447 2565 517 ala

361 593 544 664 Tunc
595 605 856 676 autem,
911 589 1118 662 variis
1158 614 1399 662 rerum
1413 587 1963 662 concurrentibus
1998 587 2331 662 adiunctis
2367 614 2445 662 ac
2476 590 2580 663 vi-

363 704 913 791 cissitudinibus,
970 703 1233 776 facilius
1285 728 1437 776 sese
1485 702 1987 777 accommodant
2032 704 2331 802 opinioni
2385 730 2574 803 prae-

359 821 664 907 valenti,
698 845 777 893 ac
825 818 1103 905 cedunt,
1164 819 1514 918 legemque
1563 818 1829 892 demum
1879 817 2227 916 mabrogant

508 937 834 1008 Rursum·
867 932 1270 1019 violentum,
1297 958 1377 1006 ex
1399 933 1606 1006 veteri
1624 933 1917 1030 adagio,
1943 932 2110 1004 nihil
2133 932 2461 1006 durabile.
2493 934 2579 1007 At

365 1075 519 1124 vero
563 1049 925 1124 violentam
954 1047 1083 1121 sub
1108 1038 1348 1146 quovis
1376 1050 1679 1146 respectu
1704 1048 2107 1122 censendam
2142 1047 2355 1144 legem
2380 1073 2533 1122 esse
2550 1106 2569 1136 ,

365 1192 569 1265 quam
618 1189 1122 1264 oppugnamuS‚
1178 1163 1411 1262 ecquis
1463 1163 1748 1241 inficiari
1789 1162 2069 1263 poterit?
2105 1164 2298 1261 Ipsa,
2355 1178 2429 1235 ut
2475 1163 2578 1236 vi-

366 1280 627 1366 dimus,
660 1279 819 1351 ·vim
873 1274 1072 1349 infert
1105 1272 1434 1365 ecclesiae
1463 1277 1829 1352 catholicae
1862 1277 2202 1351 doctrinae
2250 1293 2316 1350 et
2351 1278 2569 1376 praxi,
2688 1377 2691 1380 ἡ

365 1420 541 1493 quae
588 1409 996 1466 contractum
1046 1391 1465 1489 coniugalem
1501 1418 1683 1464 mere
1715 1391 1978 1464 civilem
2015 1390 2261 1463 nedum
2306 1392 2579 1466 admisit

366 1533 721 1607 umquam,
777 1506 983 1579 immo
1030 1532 1190 1585 eum
1245 1506 1503 1578 irritum
1554 1504 1823 1592 habuit,
1879 1522 1945 1578 et
1978 1505 2180 1579 habet
2213 1506 2412 1579 etiam
2448 1506 2620 1580 sub·

368 1622 626 1695 ratione
674 1636 1091 1708 contractus,
1161 1647 1243 1694 ex
1291 1646 1427 1720 quo
1493 1620 1848 1694 tridentina
1905 1621 2167 1695 sanctio
2223 1623 2578 1696 constituta

366 1752 522 1824 est,
580 1752 659 1810 et
697 1753 1037 1835 tamquam
1091 1735 1518 1809 inhonestum
1577 1733 2095 1809 concubinatum
2159 1718 2418 1823 reieiit,
2473 1764 2580 1811 re-

370 1852 645 1952 probat,
667 1852 995 1925 damnat.
1036 1852 1180 1923 Vim
1233 1850 1432 1923 insert
1486 1850 1940 1924 conscientiae
1997 1849 2345 1950 publicae,
2409 1879 2580 1952 quae
2665 1868 2668 1869 ’

369 1967 734 2063 generatim
784 1964 943 2039 nota
991 1991 1137 2038 eam
1188 1964 1402 2062 legem
1434 1965 1646 2037 inurit
1678 1964 2014 2052 teterrima
2049 1966 2532 2064 reprobationis
2555 2025 2573 2055 ,

370 2095 597 2177 utpote
646 2078 935 2152 alienam
985 2074 1071 2151 ab
1112 2078 1426 2177 antiquis
1462 2104 1546 2151 ac
1582 2078 2030 2155 severioribus
2065 2079 2579 2155 christianorum

369 2194 696 2277 moribus.
737 2193 883 2264 Vim
918 2191 1118 2264 infert
1149 2193 1466 2292 publicae
1498 2193 1872 2281 honestati,
1911 2198 2090 2294 'quae
2123 2195 2446 2295 perillam
2472 2222 2583 2270 va-

373 2309 504 2382 riis‘
524 2307 896 2382 rationibus
935 2307 1223 2381 laeditur
1245 2334 1324 2382 ac
1358 2325 1734 2389 temeratur.
1769 2309 1913 2381 Vim
1949 2310 2146 2383 infert
2172 2310 2580 2384 familiarum

374 2423 526 2523 paci
578 2448 659 2495 ac
708 2422 988 2509 unitati,
1048 2448 1223 2520 quae
1272 2438 1623 2525 propterea
1682 2423 2011 2521 quatitur,
2062 2425 2573 2523 pessumdatur,

374 2536 759 2614 destruitur.
804 2522 958 2610 vim'
999 2536 1198 2640 insert
1247 2536 1379 2637 ip'si
1433 2537 1744 2636 politicae
1794 2538 2136 2626 societati,
2178 2566 2352 2640 quae
2387 2567 2584 2638 aegre

372 2654 500 2730 fert
547 2652 868 2729 scandala
901 2679 1118 2752 eaque
1152 2652 1551 2752 multiplicia
1582 2680 1664 2726 ex
1698 2654 1847 2754 ipsa
1883 2652 2027 2752 lege
2081 2659 2576 2756 promanantia,

373 2785 509 2843 tum
548 2795 628 2841 ex
667 2784 852 2867 parte
880 2767 1253 2867 peditorum
1282 2768 1629 2860 bominum
1657 2767 1919 2842 illorum
1944 2826 1960 2855 ,
1992 2769 2107 2868 qui
2138 2769 2584 2843 inverecunde

374 2882 699 2970 insultant
746 2908 940 2955 verae
991 2883 1343 2981 religioni,
1400 2899 1537 2955 tum
1573 2910 1654 2956 ex
1691 2901 1877 2982 parte
1915 2910 2182 2978 eorum,
2223 2886 2341 2984 qui
2380 2869 2583 2984 pravo

374 2994 679 3096 exemplo
728 2995 984 3067 seducti
1035 3022 1117 3068 ex
1165 2998 1455 3095 quadam
1505 2997 1715 3070 animi
1768 2998 2154 3070 infirmitate
2205 2998 2420 3100 abripi
2474 3026 2585 3100 pa·

379 3108 633 3181 tiuntur
680 3106 764 3178 ad
819 3106 1252 3181 imitationem
1303 3136 1531 3210 eorum
1558 3168 1574 3198 ,
1632 3113 1750 3210 qui
1801 3113 1891 3210 ita
1942 3139 2022 3186 ex
2075 3111 2408 3186 destinata
2454 3141 2588 3188 ma-

381 3221 525 3295 litia
574 3247 649 3294 se
697 3236 955 3319 gerunt.

522 3334 703 3408 Haec
738 3348 956 3407 autem
993 3335 1216 3408 omnia
1251 3336 1778 3410 confirmantur
1762 3341 1898 3437 iugi
1935 3340 2378 3438 experientia,
2412 3365 2589 3447 quae

382 3475 506 3523 nos
554 3449 747 3523 docet
795 3466 941 3521 tum
983 3449 1395 3549 antiquitus,
1420 3467 1594 3525 tum
1630 3455 1917 3528 maxime
1949 3472 2166 3529 aetate
2199 3456 2327 3530 hac
2360 3472 2589 3531 nostra

382 3590 613 3638 omnes
648 3565 979 3638 eiusmodi
1020 3566 1239 3663 legeS,
1280 3583 1455 3667 qua'e
1488 3567 1592 3642 vel
1628 3569 1975 3643 offendunt
2008 3571 2426 3646 honestatem
2466 3599 2589 3672 pu-

381 3677 667 3767 blicam,
724 3679 830 3753 vel
881 3680 1157 3768 laedunt
1208 3683 1354 3756 iura
1403 3682 1728 3759 ecclesiae
1754 3744 1769 3770 ‚
1823 3684 1929 3766 vel
1992 3713 2167 3786 quae
2216 3714 2257 3760 a
2320 3685 2590 3787 publica

379 3792 693 3893 opinione
743 3794 1216 3891 reprobantur,
1273 3795 1375 3869 vel
1408 3822 1603 3895 ‘quae
1652 3798 1860 3871 indoli
1898 3799 2297 3898 populorum
2334 3827 2413 3875 ac
2447 3827 2591 3876 mo-

381 3906 573 3978 ribus
619 3906 983 3978 universim
1036 3909 1317 4008 receptis
1352 3910 1828 4000 adversantur,
1870 3913 2039 3996 nihil
2077 3913 2384 3988 obstante
2430 3942 2591 4014 quo-

381 4020 487 4093 vis
539 4020 939 4118 legislatoris
990 4040 1261 4111 conatu,
1319 4041 1535 4124 atque
1569 4025 1935 4102 obsistente
1985 4028 2256 4127 politica
2304 4031 2591 4104 auctori-

383 4150 517 4209 tate
557 4194 574 4223 ‚
638 4133 961 4209 debuisse
1014 4153 1129 4212 aut
1194 4141 1547 4239 temperari
1611 4158 1728 4215 aut
1792 4142 2122 4242 abrogari.
2165 4144 2266 4217 Ad
2328 4162 2588 4244 tempus
2691 4173 2694 4174 ⁷

386 4249 659 4347 quidem
695 4250 1144 4348 perdurarunt
1176 4253 1373 4326 etiam
1412 4255 1826 4344 diuturnum,
1848 4285 1929 4333 eo
1953 4259 2132 4359 quod
2171 4285 2301 4334 non
2340 4288 2590 4362 paucae

385 4389 465 4435 ex
514 4363 623 4438 his
674 4365 935 4463 legibus
974 4366 1291 4443 suffultae
1322 4386 1550 4445 essent
1582 4398 1917 4447 armorum
1953 4363 2278 4475 apparatu
2303 4433 2320 4464 ,
2359 4401 2439 4450 ac
2473 4377 2591 4448 mi-
