3276 5083
651 438 789 487 mr.
826 437 914 488 iv.
950 437 1030 487 nr.
1064 437 1301 490 Anaua.
1336 439 1453 489 ruo
1489 438 1647 489 uses
1680 438 1762 491 nr:
1798 437 2132 495 nram.
2159 440 2296 489 Aur.
2333 441 2377 489 ι.
2535 420 2663 488 341

456 557 668 628 locum
717 556 969 629 habere.
1033 556 1174 633 Hoc
1227 558 1543 630 nimirum
1594 574 1700 631 est
1749 559 1929 657 quod
1980 558 2402 632 vaferrimam
2455 559 2672 659 hypo-

452 669 666 745 crisin
714 672 1144 760 vocavimus;
1202 673 1401 771 quasi
1455 672 1715 745 scilicet
1737 672 1823 744 de
1848 672 1992 745 solo
2026 697 2190 745 casu
2225 673 2664 770 exceptionali

451 802 520 858 et
557 803 787 860 eontra
835 787 1241 885 legislatoris
1293 803 1577 861 mentem
1627 786 2168 886 voluntatemque
2217 804 2543 884 ageretur,
2592 816 2671 862 ac

450 905 814 997 generatim
859 904 1177 1001 religiosa
1224 904 1636 978 consecratio
1696 905 1985 976 maxime
2043 903 2226 977 cordi
2284 902 2659 976 haberetur.

449 1017 534 1089 At
560 1018 619 1091 si
649 1018 834 1092 cordi
863 1045 1077 1118 aeque
1118 1020 1358 1094 suisset
1384 1018 1493 1093 his
1518 1019 2022 1117 legislatoribus
2067 1019 2236 1091 ritus
2276 1044 2398 1091 seu
2433 1045 2671 1094 conse-

446 1133 657 1207 cratio
709 1132 1025 1232 religiosa
1046 1191 1063 1220 ‚
1101 1134 1453 1209 debuisset
1476 1134 1563 1207 ob
1599 1134 1879 1208 rationis
1914 1133 2265 1233 paritatem
2304 1134 2658 1220 constitui,

448 1263 664 1320 ratum
700 1247 840 1321 fore
877 1265 1287 1324 contractum
1332 1250 1726 1347 religiosum
1769 1249 1907 1321 illis
1943 1250 2012 1320 in
2049 1248 2359 1335 casibuS,
2405 1250 2475 1320 in
2512 1252 2667 1348 qui-

445 1362 575 1435 bus
609 1378 795 1435 actus
829 1365 1047 1438 civilis
1085 1364 1260 1437 haud
1276 1368 1559 1462 potuerit
1588 1367 1797 1437 locum
1826 1364 2077 1435 habere.
2101 1365 2222 1437 Ast
2249 1364 2345 1434 illi
2374 1365 2664 1438 maxime

443 1496 762 1551 caverunt
808 1480 895 1553 ab
946 1480 1074 1554 hoe
1124 1481 1532 1564 sanciendo,
1574 1481 1741 1579 quia
1773 1479 2147 1553 contrarius
2197 1479 2473 1551 omnino
2521 1498 2666 1553 erat

441 1591 609 1687 legis
644 1594 1035 1666 statuendae
1074 1620 1357 1693 scopuS,
1390 1619 1630 1692 nempe
1665 1609 1738 1666 ut
1770 1608 1960 1666 actus
1995 1618 2117 1665 seu
2150 1610 2528 1667 contractus
2564 1596 2663 1667 ci-

437 1705 597 1779 vilis
632 1707 718 1779 ad
761 1706 1215 1781 exclusionem
1266 1708 1792 1781 consecrationis
1843 1705 2201 1804 religiosae
2253 1707 2649 1780 sanciretur.

582 1822 929 1895 Praeterea
980 1850 1110 1895 non
1160 1823 1269 1918 agi
1324 1822 1392 1893 in
1444 1822 1574 1893 hoc
1623 1820 1793 1916 legis
1845 1818 2187 1893 schemate
2220 1819 2306 1891 de
2341 1820 2506 1895 solis
2543 1848 2656 1894 ca-

435 1934 629 2007 sibus
678 1936 1251 2035 exceptionalibus
1276 1994 1291 2020 ,
1332 1962 1485 2007 cum
1522 1952 1713 2008 actus
1747 1933 2106 2031 religiosus
2142 1933 2363 2007 locum
2407 1936 2656 2009 habere

437 2049 721 2149 nequit,
776 2077 857 2122 ex
908 2077 988 2123 eo
1039 2067 1258 2151 patet,
1314 2051 1499 2149 quod
1553 2050 1623 2121 hi
1677 2049 2095 2146 legislatores
2132 2050 2201 2120 in
2236 2052 2441 2123 totius
2487 2052 2654 2150 legis

435 2164 777 2238 schemate
828 2192 952 2238 nec
999 2166 1275 2239 verbum
1328 2192 1453 2239 nec
1503 2164 1834 2264 syllabam
1885 2163 2256 2237 adiecerint
2289 2166 2376 2236 de
2420 2192 2656 2240 neees-

432 2279 632 2352 sitate
668 2295 858 2353 actus
895 2280 1227 2378 religiosi,
1272 2279 1961 2378 proclamaverintque
1994 2279 2484 2378 separationem
2522 2281 2655 2380 ple-

433 2419 619 2481 nam,
664 2410 866 2494 atque
903 2394 1492 2496 independentiam
1525 2394 1984 2468 omnimodam
2036 2394 2443 2468 matrimonii
2495 2398 2653 2470 civi-

428 2506 513 2584 lis
537 2538 580 2585 a
607 2510 1029 2586 matrimonio
1065 2512 1405 2611 religioso.
1425 2511 1621 2598 Quod
1651 2510 2058 2611 principium
2083 2536 2237 2584 cum
2270 2512 2650 2587 universale

426 2628 553 2714 sit,
600 2645 862 2702 constat
905 2628 991 2702 ad
1045 2655 1244 2703 omne
1290 2628 1677 2725 coniugium
1729 2627 2033 2715 extendi,
2074 2642 2142 2700 et
2176 2653 2307 2701 non
2343 2628 2430 2700 ad
2467 2629 2647 2704 solos

420 2771 623 2818 casus
672 2745 1169 2845 exceptionales
1217 2745 1567 2819 coarctari.

566 2861 855 2949 Deinde,
897 2861 956 2934 si
992 2890 1074 2935 ex
1110 2861 1548 2961 ipsorummet
1590 2860 2305 2961 pseudo-politicorum
2340 2859 2641 2934 doctrina

418 2975 807 3071 coniugium
865 3002 1044 3049 mere
1092 2977 1290 3050 civile
1344 2975 1615 3075 plenum
1678 2975 2177 3075 perfectumque
2226 2975 2294 3046 in
2346 2976 2641 3049 essentia

423 3116 549 3162 sua
595 3090 1002 3163 matrimonii
1052 3107 1157 3164 est
1190 3150 1204 3176 ,
1257 3092 1349 3163 ita
1401 3108 1476 3165 ut
1524 3092 1698 3162 nihil
1734 3090 1796 3163 ei
1834 3090 2044 3178 desit,
2094 3091 2260 3189 quin
2305 3091 2635 3164 eiusmodi

418 3203 743 3301 coniuges
776 3203 900 3277 tuti
932 3204 1001 3275 in
1030 3205 1440 3278 conscientia
1478 3231 1600 3278 sua
1645 3231 1798 3279 esse
1848 3204 2151 3291 valeant,
2208 3204 2636 3277 manifestum

417 3335 559 3406 est,
606 3346 737 3393 non
774 3321 842 3392 in
878 3319 1045 3394 solis
1080 3319 1352 3393 casibus
1387 3319 1966 3419 exceptionalibus
1993 3378 2009 3405 ,
2051 3319 2170 3392 sed
2207 3346 2476 3418 semper
2508 3319 2637 3392 hac

417 3434 676 3509 ratione
702 3435 788 3509 ad
815 3463 1115 3511 normam
1162 3434 1385 3510 civilis
1437 3435 1607 3534 legis
1659 3434 1981 3508 celebrari
2036 3435 2349 3532 coniugia
2403 3461 2624 3534 posse.

560 3553 881 3640 Demum3
940 3552 1101 3627 dato
1148 3553 1349 3624 etiam
1378 3610 1393 3639 ,
1451 3551 1632 3651 quod
1684 3567 1993 3648 ageretur
2043 3567 2298 3623 tantum
2335 3550 2405 3621 in
2442 3552 2629 3649 praxi

411 3667 499 3739 de
548 3667 820 3741 casibus
871 3666 1479 3766 exceptionalibus,
1537 3667 1869 3739 eiusmodi
1926 3665 2255 3739 restrictio
2309 3691 2443 3737 non
2500 3665 2628 3736 iam

410 3810 492 3855 ex
544 3781 692 3879 lege
760 3786 1099 3883 proposita
1166 3782 1584 3866 dimanaret,
1652 3779 1771 3854 sed
1834 3781 2034 3854 unice
2082 3807 2163 3854 ex
2216 3779 2629 3853 conscientia

412 3897 858 3971 subditorum.
915 3898 1058 3970 Etsi
1113 3898 1293 3970 enim
1345 3896 1448 3969 lex
1490 3896 1688 3970 civile
1729 3896 2115 3993 coniugium
2166 3894 2478 3968 omnibus
2532 3894 2629 3965 in-

406 4011 924 4086 discriminatim
953 4029 1316 4111 proponat,
1351 4026 1573 4083 tamen
1599 4010 1936 4096 catholici,
1970 4010 2037 4080 in
2066 4035 2350 4107 quorum
2378 4009 2623 4081 animis

410 4127 581 4200 fides
630 4127 919 4200 extincta
971 4126 1191 4199 adhuc
1245 4151 1375 4199 non
1427 4143 1560 4213 est,
1602 4152 1644 4198 a
1680 4124 1938 4199 ludicra
1982 4122 2097 4196 illa
2138 4123 2612 4207 celebratione,

404 4268 581 4341 quae
638 4268 863 4316 coram
917 4241 1063 4315 solo
1113 4241 1335 4314 iudice
1386 4242 1559 4315 laico
1611 4242 1760 4314 sine
1808 4255 1957 4313 actu
2012 4241 2325 4338 religioso
2380 4241 2566 4312 fieret
2599 4296 2613 4321 ,

408 4360 661 4454 passim
715 4360 1110 4457 refugerent.
1172 4357 1409 4431 Verum
1464 4383 1580 4457 per
1630 4383 1729 4442 se,
1787 4373 1854 4429 et
1903 4382 1983 4429 ex
2036 4357 2401 4431 intentione
2452 4354 2620 4451 legis
