3276 5083
450 446 587 496 ω.
612 443 702 493 iv.
730 441 996 493 nrm.
1022 441 1164 493 ane.
1190 442 1268 493 nr
1285 440 1423 493 nm.
1445 441 1617 492 sien.
1645 441 1783 492 aar.
1807 440 1900 492 m.
1922 441 2064 493 ane.
2092 443 2317 494 rnssor..
2413 421 2552 492 127

353 561 674 637 eramenti
724 560 895 634 ratio
944 560 1125 633 iuxta
1174 584 1304 633 non
1356 584 1606 659 paucos
1641 558 1982 656 theologos
2016 562 2160 654 (36)
2201 559 2558 635 habebitur

351 677 630 777 quidem
660 700 757 747 wex
808 690 997 774 parte
1044 673 1369 749 catholica
1402 732 1418 762 ,
1475 700 1607 749 non
1657 690 1876 748 autem
1930 700 2009 747 ex
2059 673 2417 748 haeretica.
2475 678 2549 748 In

356 791 492 864 hac
536 814 691 864 vero
747 787 1106 888 hypothesi
1156 814 1263 861 res
1316 788 1761 876 sacramenti,
1819 814 1994 888 quae
2041 803 2145 861 est
2192 788 2553 877 indissolu-

358 902 582 976 bilitas
619 903 798 974 iuxta
832 928 891 974 s.
924 900 1365 1000 Augustinum
1399 904 1575 998 (37),
1609 902 1866 1000 exurgit
1898 927 2017 1002 per
2049 901 2317 974 modum
2352 902 2551 974 unius

357 1020 424 1092 in
458 1017 789 1093 eiusmodi
824 1017 1191 1105 connubio,
1234 1016 1326 1092 ita
1366 1033 1439 1090 ut
1492 1043 1852 1118 numquam
1902 1017 2255 1092 dissociari
2307 1017 2543 1117 possit.

349 1134 588 1207 Verum
628 1133 716 1205 de
760 1131 888 1206 hoc
934 1130 1101 1204 alias
1150 1131 1411 1204 iterum.

498 1251 568 1320 2.
610 1247 806 1333 Quod
841 1272 997 1322 vero
1031 1247 1277 1321 dicitur
1298 1247 1382 1321 de
1408 1247 1648 1348 copula
1680 1248 2026 1348 sponsalia
2061 1248 2546 1349 subsequente,

355 1389 496 1464 qua
544 1380 695 1437 ante
742 1362 1167 1436 tridentinum
1223 1364 1762 1463 praesumptione
1809 1366 1975 1437 iuris
2007 1379 2075 1437 et
2107 1363 2183 1437 de
2217 1365 2356 1436 iure
2400 1391 2553 1464 per-

356 1480 664 1553 ficeretur
710 1478 1200 1553 matrimonium
1225 1535 1241 1565 ,
1283 1505 1413 1553 non
1446 1478 1669 1553 obstat
1715 1478 2074 1578 quominus
2125 1479 2555 1578 perficeretur

353 1595 552 1670 etiam
578 1610 1091 1668 sacramentum.
1115 1595 1278 1668 Nam
1302 1593 1398 1666 uti
1423 1594 1885 1668 animadvertit
1901 1593 2339 1668 Bellarminus
2365 1597 2509 1691 (38)
2526 1652 2541 1680 ,

355 1736 473 1809 per
526 1725 865 1783 externam
923 1726 991 1783 et
1046 1709 1451 1783 materialem
1514 1708 1697 1782 illam
1762 1709 2000 1782 affectu
2062 1708 2348 1783 maritali
2399 1735 2553 1784 con-

353 1824 756 1899 iunctionem
790 1823 1074 1898 habetur
1103 1823 1445 1898 materiale
1478 1823 1855 1924 symbolum
1891 1839 2231 1897 externum
2283 1851 2552 1925 reprae-

353 1956 629 2014 sentans
667 1938 915 2012 Christi
949 1955 1016 2012 et
1045 1937 1366 2014 ecclesiae
1408 1938 1939 2013 indissolubilem
1982 1939 2538 2013 coniunctionem.

352 2054 773 2154 Quapropter
818 2054 878 2128 si
927 2053 1252 2128 eiusmodi
1318 2054 1804 2129 cohabitatione
1853 2070 1920 2128 et
1965 2054 2279 2128 societate
2341 2053 2550 2127 initur

356 2183 732 2242 contractus
779 2167 1148 2266 coniugalis
1180 2225 1197 2256 ,
1254 2167 1383 2242 hoc
1430 2168 1578 2269 ipso
1613 2169 1689 2242 {it
1721 2183 2205 2242 sacramentum
2229 2224 2246 2253 ,
2288 2167 2415 2240 etsi
2449 2168 2548 2240 ef-

356 2283 601 2356 fectum
624 2341 640 2371 ,
693 2308 810 2357 seu
868 2279 1412 2358 sacramentalem
1474 2283 1752 2382 gratiam
1782 2340 1797 2371 ,
1854 2285 1969 2383 qui
2023 2282 2113 2355 ita
2161 2282 2544 2380 coniugium

354 2397 625 2484 ineunt,
680 2398 940 2472 nonnisi
992 2414 1240 2472 remoto
1286 2396 1476 2471 obice
1523 2412 2019 2497 consequantur
2046 2398 2224 2493 (3⁹).

498 2514 565 2585 3.
621 2511 878 2587 Exinde
923 2512 1120 2589 etiam
1172 2529 1353 2614 patet
1400 2513 1644 2589 solutio
1692 2511 1837 2587 eius
1886 2510 2328 2600 difficultatis,
2369 2538 2543 2613 quae

351 2632 539 2705 tertio
587 2628 733 2703 loco
780 2630 1135 2705 adducitur
1164 2630 1249 2704 de
1281 2630 1610 2728 coniugiis
1633 2688 1649 2718 ,
1690 2656 1864 2730 quae
1895 2656 1976 2703 ex
2017 2630 2331 2705 diuturno
2378 2630 2548 2706 duo-

351 2770 491 2816 rum
526 2743 1021 2819 cohabitatione
1054 2744 1408 2819 oriebatur.
1441 2745 1781 2845 Siquidem
1808 2744 1877 2817 id
1901 2771 1982 2818 ex
2015 2746 2250 2819 eadem
2286 2745 2543 2820 theoria

348 2860 543 2933 modo
594 2861 895 2960 exposita
943 2860 1234 2959 legitime
1280 2862 1732 2961 consequitur.
1766 2861 1932 2934 Cum
1980 2861 2157 2934 enim
2192 2878 2427 2959 agatur
2459 2862 2546 2935 de

347 2999 624 3048 casuum
673 2976 1046 3064 identitate,
1088 2992 1203 3049 aut
1250 3002 1369 3075 per
1417 2976 1742 3050 eiusmodi
1793 2974 2353 3050 cohabitationem
2387 3003 2548 3050 con-

349 3106 595 3166 tractus
646 3090 1016 3189 coniugalis
1072 3091 1582 3177 interveniebat,
1621 3108 1689 3164 et
1734 3116 1815 3165 eo
1862 3093 2013 3192 ipso
2060 3107 2544 3165 sacramentum

346 3206 746 3282 matrimonii
791 3206 1263 3281 conficiebatur
1284 3265 1300 3296 ‚
1352 3223 1469 3308 aut
1501 3206 1610 3280 ille
1645 3223 2019 3282 contractus
2069 3232 2200 3279 non
2251 3206 2548 3279 habeba-

490 3412 589 3475 (26)
620 3414 684 3464 ni
706 3415 823 3464 nunt
843 3413 928 3478 qui
953 3416 1116 3467 tenent
1136 3414 1473 3467 contrahentes
1500 3428 1603 3469 esse
1630 3413 1917 3466 sacrmnenti
1944 3412 2242 3465 matrimonii
2265 3410 2543 3472 ministrum

342 3490 524 3543 docnt
537 3492 666 3544 enim
685 3495 909 3559 coniugia
938 3496 1094 3548 mixta
1111 3509 1227 3547 vera
1244 3509 1351 3547 ense
1369 3496 1695 3559 aeramenta,
1711 3508 1771 3547 ac
1788 3494 2009 3545 sumcere
2029 3507 2089 3544 ex
2110 3496 2246 3558 parte
2269 3491 2510 3542 haeretica
2526 3526 2543 3553 ,

346 3574 407 3622 nt
438 3570 611 3622 haheat
641 3574 957 3626 intentionem
992 3575 1265 3640 praestandi
1296 3574 1430 3639 quod
1458 3574 1681 3626 Christus
1705 3573 2095 3625 instituit.1uxta
2115 3572 2241 3623 alios
2258 3570 2379 3622 satis
2396 3571 2546 3621 estut

342 3650 655 3702 intuitionem
693 3653 869 3704 haheat
902 3654 1107 3705 faciendi
1145 3656 1446 3705 contractum
1470 3667 1583 3705 vere
1610 3651 2031 3705 matrimonialem.

484 3731 587 3792 (27)
618 3734 693 3782 De
715 3732 845 3784 bono
861 3734 1128 3798 contumaci
1147 3747 1254 3798 cap.
1267 3737 1437 3786 mv.
1450 3737 1500 3785 et
1515 3734 1740 3785 lib.1.De
1756 3735 1972 3797 nuptae
1990 3733 2283 3795 concupisc.
2298 3742 2345 3781 c.
2359 3734 2485 3781 xm.
2502 3737 2545 3782 ι.

479 3811 583 3872 (38)
607 3814 682 3861 De
707 3813 920 3864 matrim.
939 3826 984 3865 ο.
1006 3817 1089 3865 vl.

486 3889 590 3950 (⁸9)
620 3892 679 3940 ln
710 3891 986 3954 regionibus
1022 3892 1292 3944 infidelium
1324 3893 1591 3944 etiamnum
1631 3892 1796 3944 valent
1829 3890 2136 3944 matrimonia
2170 3890 2238 3940 ita
2277 3891 2544 3941 contracta.

341 3968 530 4019 Etenim
546 3968 601 4018 in
617 3968 806 4032 synodo
819 3971 1103 4034 provinciali
1117 3972 1416 4034 sutchuenni,
1430 3972 1671 4024 celebrata
1691 3969 2159 4035 nn.1soa.,pcob⁸ta
2176 3983 2206 4020 a
2218 3982 2357 4021 sacra
2372 3982 2541 4033 congr.

337 4046 399 4098 de
416 4048 731 4112 propaganda
750 4049 875 4114 fide,
898 4065 957 4102 ac
974 4054 1156 4104 Romae
1176 4053 1306 4118 typis
1326 4052 1555 4103 mandata
1575 4066 1657 4103 an.
1683 4059 1819 4104 1822.
1839 4052 2195 4114 natuturae-t,
2211 4050 2458 4114 sponsalia
2480 4049 2547 4100 ob

337 4129 562 4192 oepoim
585 4130 711 4181 inter
731 4144 935 4195 sponsos
956 4145 1014 4182 ex
1038 4132 1215 4184 affectu
1240 4132 1480 4195 maritali,
1504 4133 1631 4183 utin
1654 4131 1805 4183 dubio
1826 4130 2066 4197 praesumi
2089 4132 2276 4196 potest,
2296 4130 2348 4180 in
2370 4130 2544 4195 puber·

336 4207 451 4258 tatb
466 4211 647 4272 aetam,
664 4212 752 4262 aut
763 4223 862 4262 non
878 4212 1094 4276 longasi)
1110 4226 1195 4277 aa,
1215 4213 1400 4264 malitia
1419 4213 1675 4277 supplente
1693 4213 1898 4263 aetatem
1911 4247 1927 4275 ,
1947 4210 2273 4273 subsecutam,
2289 4214 2344 4261 in
2361 4222 2545 4262 verum

337 4291 735 4343 wamiam
761 4293 1024 4353 transire.-
1057 4305 1146 4346 nec
1176 4294 1380 4359 proinde
1410 4294 1555 4346 licere
1591 4292 1810 4345 alterutri
1843 4306 2021 4358 sponso
2041 4292 2166 4345 alias
2183 4292 2308 4345 inire
2327 4291 2544 4355 nuptia.

338 4372 410 4421 lta
432 4384 540 4436 pag.
568 4375 670 4423 tot.
