3276 5083
631 434 766 505 20ss
1031 455 1152 505 un.
1199 454 1244 503 1.
1288 453 1459 504 secr.
1496 454 1539 504 1.
1585 452 1667 501 nr.
1714 450 1975 503 uirum.
2019 450 2447 503 ammissum.

777 573 841 642 4.
903 571 1286 644 Praeterea:
1353 571 1648 643 Eatenus
1705 583 2083 643 contractus
2143 585 2247 642 est
2302 586 2793 644 sacramentum
2822 624 2852 657 ,

626 703 957 786 quatenus
991 701 1096 759 est
1131 686 1396 783 signum
1432 710 1510 757 ac
1544 684 1922 783 symbolum
1959 684 2453 757 coniunctionis
2487 684 2737 759 Christi
2780 701 2859 758 et

626 803 953 877 ecclesiae
1000 802 1282 899 gratiam
1331 800 1742 903 producens;
1791 800 1925 873 iam
1987 825 2143 873 vero
2192 799 2525 874 eiusmodi
2576 802 2850 898 signum

631 944 762 991 non
814 933 918 990 est
964 930 1341 989 contractus
1391 942 1472 987 ex
1522 940 1597 987 se
1645 914 2000 988 seiunctim
2044 940 2125 988 ac
2164 914 2535 988 universim
2580 931 2853 1015 specta—

633 1050 740 1105 tus
766 1089 782 1120 ,
826 1033 944 1106 sed
988 1047 1183 1130 prout
1215 1048 1319 1105 est
1350 1046 1617 1104 evectus
1653 1029 1740 1101 ad
1776 1030 2175 1103 sacramenti
2225 1030 2615 1128 dignitatem
2643 1089 2660 1117 ,
2699 1032 2849 1105 sive

628 1146 959 1220 eiusmodi
997 1146 1250 1220 evectio
1283 1145 1402 1217 fiat
1432 1144 1815 1217 immediate
1849 1171 1971 1243 per
2009 1170 2411 1218 consensum
2446 1145 2848 1219 contrahen-

633 1264 795 1335 tium
821 1320 837 1350 ,
900 1261 1046 1335 sive
1110 1261 1398 1334 mediate
1446 1287 1566 1361 per
1612 1259 2142 1334 benedictionem
2193 1260 2562 1334 sacerdotis
2605 1288 2621 1346 ;
2690 1287 2848 1359 ergo

632 1404 897 1451 rursum
947 1378 1017 1451 in
1059 1394 1348 1477 utraque
1393 1375 1726 1449 sententia
1767 1368 2159 1450 indistincta
2200 1391 2425 1449 manet
2480 1375 2653 1451 ratio
2694 1402 2849 1451 con-

634 1511 885 1568 tractus
922 1511 989 1568 et
1022 1493 1446 1567 sacramenti.

774 1607 1081 1681 Diximus
1132 1623 1355 1680 autem
1406 1621 1817 1680 contractum
1868 1606 2261 1680 nubentium
2304 1663 2320 1693 ‚
2385 1605 2546 1680 dum
2608 1633 2851 1707 nempe

632 1719 975 1820 perficitur
996 1777 1012 1806 ,
1066 1745 1220 1792 esse
1254 1720 1598 1793 materiam
1645 1721 2019 1818 proximam
2069 1721 2467 1794 sacramenti
2516 1721 2851 1794 matrimo-

635 1835 764 1921 nii,
810 1860 888 1908 ac
923 1850 1275 1934 propterea
1322 1861 1395 1908 re
1444 1860 1578 1908 non
1628 1834 1955 1932 distingui
1987 1861 2030 1907 a
2064 1852 2486 1910 sacramento
2530 1835 2720 1935 ipso,
2774 1853 2857 1909 ut

636 1950 737 2024 sic
785 1949 1289 2025 excluderemus
1339 1949 1646 2024 fallacem
1702 1951 2343 2048 argumentationem
2403 1950 2606 2024 Marci
2655 1952 2856 2026 Anto-

642 2066 733 2139 nii
783 2067 882 2140 De
922 2066 1263 2153 Dominis,
1313 2065 1432 2165 qui
1476 2082 1548 2139 ut
1598 2066 2003 2165 persuadeat
2053 2093 2444 2165 permanere
2473 2068 2676 2140 etiam
2711 2083 2863 2167 post

641 2183 955 2283 adeptam
1005 2183 1326 2257 rationem
1392 2183 1792 2255 sacramenti
1841 2198 2253 2256 contractum
2301 2182 2565 2256 civilem
2618 2183 2690 2254 in
2740 2207 2863 2255 suo

645 2322 797 2372 esse
817 2356 833 2387 ,
874 2298 1086 2372 utitur
1110 2297 1414 2395 exemplo
1439 2323 1682 2396 aquae,
1715 2323 1891 2397 quae
1917 2296 2196 2370 materia
2219 2323 2373 2371 cum
2398 2297 2489 2372 sit
2510 2297 2858 2397 baptismi,

639 2430 863 2487 tamen
899 2414 967 2485 in
1003 2439 1157 2487 esse
1206 2437 1332 2485 suo
1381 2411 1669 2485 naturali
1721 2413 1852 2485 iam
1891 2412 2256 2486 constituta
2288 2430 2393 2486 est
2425 2429 2580 2486 ante
2607 2411 2866 2512 baptis-

640 2554 858 2614 mum,
916 2553 994 2600 ac
1044 2525 1198 2600 talis
1249 2541 1637 2625 perseverat
1672 2544 1828 2625 post
1861 2525 2400 2600 administratum
2451 2525 2746 2601 salutare
2775 2526 2866 2600 la-

640 2668 952 2726 vacrum;
1010 2641 1187 2714 idem
1239 2641 1351 2714 dic
1400 2641 1485 2712 de
1537 2667 1711 2739 pane
1762 2657 1828 2714 et
1874 2643 2031 2715 vino
2095 2659 2403 2742 respectu
2467 2645 2863 2736 sacramenti

641 2755 1089 2829 eucharistiae
1139 2771 1292 2829 ante
1340 2755 1908 2829 consecrationem
1942 2759 2117 2853 (23).
2154 2758 2294 2830 lam
2326 2784 2485 2832 vero
2520 2758 2867 2857 Spalaten-

643 2872 742 2945 sis
786 2887 1096 2970 apostata
1129 2872 1198 2944 in
1235 2871 1362 2944 hac
1396 2897 1521 2943 sua
1554 2872 2051 2971 comparatione
2086 2872 2443 2972 dupliciter
2474 2892 2684 2962 errat,
2722 2891 2860 2948 tum

640 3013 878 3086 nempe
911 2987 982 3059 in
1015 3012 1130 3075 eo,
1172 2988 1354 3087 quod
1389 3004 1729 3087 supponat
1762 2987 1896 3060 iam
1935 2989 2221 3063 existere
2269 3006 2682 3064 contractum
2716 3016 2860 3089 per-

641 3104 885 3177 fectum
949 3120 1103 3177 ante
1166 3103 1566 3177 sacramenti
1627 3102 2267 3178 administrationem
2295 3163 2311 3192 ,
2382 3121 2579 3204 prout
2638 3106 2863 3180 existit

642 3245 821 3318 aqua
870 3235 1024 3292 ante
1072 3218 1484 3319 baptismum
1507 3276 1522 3306 ,
1579 3219 1760 3319 quod
1809 3236 2028 3293 tamen
2080 3219 2149 3290 in
2200 3220 2535 3293 communi
2582 3245 2664 3293 ac
2704 3246 2861 3293 vera

644 3334 972 3408 sententia
1023 3332 1268 3407 salsum
1316 3349 1451 3421 est;
1510 3334 1715 3406 immo
1762 3350 1830 3407 et
1877 3334 1946 3406 in
1996 3334 2324 3408 sententia
2375 3333 2538 3407 Cani
2568 3392 2584 3423 ,
2630 3336 2728 3409 uti
2763 3334 2866 3408 vi-

642 3451 865 3524 dimus
884 3509 900 3538 ,
933 3468 1050 3524 aut
1074 3450 1310 3524 saltem
1335 3451 1520 3524 iuxta
1543 3450 1845 3524 eiusdem
1874 3450 2101 3551 placiti
2128 3451 2614 3549 expositionem
2639 3452 2861 3551 quoad

641 3593 798 3653 eos,
854 3566 972 3666 qui
1031 3566 1256 3665 ipsum
1307 3583 1616 3652 tuentur3
1676 3583 1814 3639 tum
1866 3567 1933 3639 in
1985 3592 2064 3639 eo
2113 3582 2319 3653 errat,
2378 3567 2557 3666 quod
2611 3583 2864 3667 spectet

645 3699 1054 3757 contractum
1093 3682 1481 3755 nubentium
1533 3683 1601 3754 in
1647 3697 1799 3756 actu
1846 3707 1981 3782 quo
2029 3681 2449 3755 benedicitur
2466 3740 2482 3770 ‚
2521 3684 2617 3757 uti
2653 3700 2860 3756 mate-

561 3873 574 3890 ,
646 3797 811 3868 riam
878 3791 1218 3882 remotam,
1284 3798 1392 3871 cui
1458 3814 1800 3898 tamquam
1849 3797 1935 3871 ab
1983 3798 2351 3872 extrinseco
2396 3824 2521 3872 ceu
2571 3797 2857 3899 qualitas

643 3913 1076 3987 accidentalis
1127 3913 1554 4014 superveniat
1598 3915 1764 3988 ratio
1816 3914 2257 4001 sacramenti,
2313 3940 2465 4004 cum
2513 3940 2597 3987 ex
2643 3913 2861 3987 catho-

791 4073 891 4135 (23)
925 4075 1058 4124 Haec
1074 4077 1189 4124 suut
1208 4072 1358 4124 verba
1380 4072 1702 4138 spalatensis:
1724 4094 1748 4118 α
1760 4074 1899 4125 Sicut
1917 4075 2273 4125 sacramentum
2292 4074 2521 4139 baptismi
2541 4074 2665 4125 nihii
2683 4072 2869 4124 confert

644 4165 802 4216 aquae
826 4153 875 4202 in
893 4166 999 4203 esse
1019 4154 1230 4216 perfecto
1253 4167 1436 4217 aquae,
1458 4157 1509 4205 et
1527 4157 1887 4220 sacramentum
1911 4155 2233 4206 eucharistiae
2251 4155 2363 4220 pani
2386 4158 2438 4207 et
2459 4155 2609 4217 vino;
2626 4155 2699 4214 sic
2719 4166 2877 4217 neque

644 4233 1001 4283 sacramentum
1035 4231 1333 4282 matrimonii
1364 4233 1631 4298 quicquam
1659 4233 1874 4284 conseret
1894 4234 2167 4284 contractui
2191 4235 2319 4285 inter
2339 4234 2616 4286 masculum
2636 4236 2687 4285 et
2705 4232 2873 4284 foemi-

644 4326 786 4375 nam3
809 4312 893 4376 qui
918 4313 1199 4363 contractus
1218 4314 1295 4362 est
1318 4313 1417 4362 iam
1439 4314 1640 4377 plenum
1661 4315 1711 4364 et
1730 4313 2009 4364 ahsolutum
2032 4315 2399 4367 matrimonium
2422 4315 2473 4366 in
2495 4328 2602 4366 esse
2623 4314 2869 4366 matrimo-

643 4391 740 4457 nii,
771 4392 865 4443 hoc
900 4393 1001 4456 est,
1026 4392 1306 4442 contractus
1336 4391 1698 4455 humanis-op.
1722 4394 1771 4442 et
1789 4391 1882 4443 loc.
1900 4391 1985 4443 cit.
2009 4405 2059 4443 n.
2083 4400 2159 4446 2².
