3276 5083
528 497 666 547 cst.
693 497 740 545 1.
767 495 911 545 ,uu-
936 495 1030 545 nl.
1052 493 1373 544 ravenn.
1388 494 1562 544 saca.
1584 495 1772 544 iura.
1802 495 1882 544 ex
1909 494 2089 544 τεκτ-
2107 497 2171 544 s.
2200 496 2402 545 mum.
2516 472 2596 542 41

379 617 501 690 uti
533 615 979 713 sumptionem
1031 613 1471 742 spiritualem
1495 612 1810 711 corporis
1829 628 1898 684 et
1933 613 2279 708 sanguinis
2315 613 2600 700 Christi,

382 759 507 805 seu
571 732 949 831 mysticam
980 730 1331 803 unionem
1356 754 1509 802 cum
1568 728 1836 801 Christo
1892 729 2175 801 vocavit
2198 755 2334 800 rem
2369 721 2608 803 sacra-

384 847 588 920 menti
637 846 951 944 baptismi
993 847 1227 940 (105);
1269 861 1363 916 ut
1391 841 1524 916 alia
1574 841 1800 941 plura
1816 843 2117 915 eiusdem
2154 869 2232 916 s.-
2252 838 2604 941 Augustini

384 961 758 1035 testimonia
808 975 1219 1059 praeteream
1241 1018 1256 1047 ,
1300 986 1473 1059 quae
1509 959 1844 1058 superius.
1874 958 2259 1045 attulimus,
2301 974 2609 1058 quaeque

378 1078 522 1149 eius
572 1093 889 1149 mentem·
914 1092 1141 1175 aperte
1189 1074 1553 1148 declarant.

520 1191 620 1263 Ex
654 1191 766 1264 his
802 1207 1143 1288 praeterea
1176 1190 1499 1263 disiectae
1531 1205 1689 1263 sunt
1722 1189 2175 1276 difficultates,
2207 1189 2453 1290 quibus
2479 1188 2609 1262 Ca-

378 1307 644 1378 ietanus
668 1363 684 1383 ,
724 1304 954 1377 Estius
975 1363 990 1391 ,
1031 1304 1281 1404 aliique
1330 1321 1507 1404 post-
1531 1330 1649 1377 eos
1701 1306 1977 1402 permoti
2013 1321 2186 1377 'sunt
2234 1305 2319 1376 ad
2354 1330 2610 1401 negan-

383 1421 561 1493 dam·
590 1419 953 1492 efficaciam
1003 1420 1206 1492 huius
1256 1420 1512 1519 paulini
1546 1419 1896 1493 commatis
1948 1419 2337 1517 Ephes..V.·
2362 1420 2606 1492 amad

383 1535 791 1634 probandam
859 1536 1199 1608 veritatem
1268 1536 1667 1608 sacramenti
1739 1534 2187 1619 matrimonii;
2254 1534 2607 1634 potissima

379 1652 545 1724 ratio
594 1676 770 1749 quae
818 1650 904 1723 ab
953 1652 1038 1723 iis
1089 1652 1359 1724 affertur
1407 1678 1487 1724 ex
1516 1677 1617 1723 -eo
1669 1650 2041 1724 desumitur
2088 1650 2270 1749 quod
2304 1650 2608 1750 Apostoli

379 1767 747 1840 sententia:
790 1768 1278 1840 Sacramentum
1313 1768 1423 1838 hoc
1456 1792 1767 1864 maynum
1800 1782 1895 1838 est
1925 1766 2268 1839 veritatem
2296 1766 2609 1839 habuerit

379 1881 465 1953 ab
496 1882 727 1970 initio,
771 1908 977 1981 quum
1002 1881 1253 1954 dictum
1278 1898 1415 1953 est:
1458 1883 1733 1979 Propter
1769 1880 1880 1953 hoc
1911 1882 2230 1979 relinquet
2265 1883 2443 1954 homo
2459 1893 2598 1953 -'etc.

379 1996 498 2069 Ast
543 2023 704 2070 vero
739 2023 820 2069 ex
854 2023 934 2070 eo
968 2012 1265 2096 tempore
1312 1997 1606 2071 nondum
1658 1997 1875 2096 caepit
1922 1997 2417 2071 matrimonium
2453 2022 2605 2070 esse

378 2112 646 2207 signum
680 2111 915 2184 efficax
950 2112 1200 2209 gratiae
1220 2170 1235 2199 ,
1269 2112 1389 2184 sed
1421 2112 1552 2185 tale
1580 2113 1848 2185 demum
1883 2130 1989 2185 est
2020 2139 2061 2184 a
2095 2111 2363 2186 Chris'to
2397 2134 2608 2186 novae

380 2226 556 2323 legis
606 2243 869 2300 auctore
916 2227 1313 2300 institutum.
1371 2227 1593 2300 Altera
1640 2250 1796 2300 vero
1846 2227 2012 2299 ratio
2040 2242 2203 2312 -est,
2262 2225 2442 2325 quod
2489 2251 2608 2298 ve-

385 2358 563 2414 teres
612 2344 986 2440 nuptiarum
1050 2358 1537 2416 sacramentum
1589 2368 1720 2415 non
1770 2367 1850 2414 ex
1901 2342 2029 2413 isto
2079 2341 2223 2414 loco
2275 2340 2597 2439 probent,

380 2457 503 2529 sed
537 2457 756 2554 magis
789 2483 932 2531 eam
968 2473 1259 2531 statuere
1293 2457 1552 2531 soleant
1576 2484 1657 2529 ex
1682 2456 1855 2530 facto
1881 2456 2184 2543 Christi,
2209 2456 2326 2557 qui
2352 2456 2607 2555 nuptiis

378 2575 447 2645 in
508 2572 691 2646 Cana
750 2574 1082 2648 Galilaeae
1144 2574 1520 2661 benedixit,
1592 2567 1824 2673 utique
1878 2573 2335 2647 benedictione
2404 2573 2608 2673 spiri-

376 2688 564 2761 tuali.
610 2687 805 2775 Quod
845 2690 970 2763 etsi
1019 2691 1358 2788 Scriptura
1398 2716 1529 2764 non
1567 2689 2001 2786 expresserit,
2032 2689 2127 2759 ’in
2174 2687 2456 2763 concilio
2487 2693 2608 2762 'ta-

378 2829 531 2875 menw
591 2804 920 2903 ephesino
952 2862 967 2891 ‚
1027 2819 1363 2903 tamquam
1427 2803 1779 2877 traditione
1840 2819 2181 2901 acceptum
2224 2861 2240 2890 ,
2297 2819 2363 2876 et
2426 2802 2606 2901 apu'd

380 2919 626 2992 multos
678 2937 904 3018 patres
952 2918 1192 3016 legitur
1232 2922 1454 3015 (106).

523 3035 766 3106 Verum
829 3034 1047 3134 prima
1110 3050 1278 3107 ratio
1329 3035 1463 3106 iam
1513 3061 1593 3107 ex
1644 3034 1842 3107 dictis
1907 3048 2391 3132 praeoccupata
2453 3048 2558 3104 est
2582 3089 2598 3118 ‚

384 3148 797 3222 ostendendo
834 3150 1120 3223 *diversa
1156 3141 1433 3223 -ratione
1493 3149 1793 3248 Apostoli
1858 3137 2084 3222 verba*
2125 3149 2210 3220 ad
2275 3145 2608 3221 connubia

379 3281 678 3337 veterum
701 3321 716 3349 ,
759 3281 826 3338 et
874 3265 958 3337 ad
1009 3264 1344 3337 connubia
1393 3264 1907 3338 christianorum
1960 3264 2212 3337 referri.

526 3378 750 3451 Altera
795 3405 954 3452 vero
1003 3379 1170 3453 ratio
1197 3395 1323 3453 est
1369 3378 1580 3466 falsa;
1637 3379 1793 3451 licet
1821 3378 2020 3451 -enim
2072 3367 2298 3476 plures
2347 3385 2605 3448 veteres

388 3574 540 3625 etiam
582 3575 892 3640 intelligimus
932 3590 1033 3640 qua
1073 3578 1260 3628 ratione
1290 3577 1534 3629 interdum
1573 3591 1615 3628 s.
1647 3575 1946 3640 Augustinus
1984 3575 2247 3640 improprie
2283 3575 2610 3625 sacramenti

391 3666 565 3703 vocem
609 3657 811 3719 usurpet
844 3656 1030 3720 agendo
1070 3656 1132 3707 de
1163 3658 1474 3707 matrimonio
1495 3696 1510 3721 ,
1542 3657 1826 3721 praesertim
1859 3655 1909 3706 in
1941 3655 2028 3706 lib.
2052 3658 2092 3706 1.
2117 3658 2194 3704 De
2214 3655 2368 3718 nupt.
2388 3655 2440 3702 et
2462 3665 2604 3704 conc.

382 3745 430 3782 c.
455 3734 585 3782 xxi,
606 3734 854 3785 scribens:
892 3755 917 3778 σι
939 3735 1084 3792 Quod
1102 3735 1156 3785 in
1175 3736 1372 3786 Christo
1392 3738 1444 3786 et
1460 3736 1510 3786 in
1533 3736 1737 3787 ecclesia
1758 3738 1833 3786 est
1856 3747 2089 3798 magnum
2106 3733 2489 3793 sacramentum,
2514 3731 2608 3783 hoe

381 3814 530 3863 estin
548 3814 755 3877 singulis
776 3815 1166 3881 quibuscumque
1189 3817 1308 3866 viris
1330 3818 1477 3879 atque
1506 3817 1745 3867 uxoribus
1776 3816 2061 3878 minimum,
2093 3813 2178 3863 sed
2211 3814 2379 3863 tamen
2405 3812 2606 3863 coniun-

381 3893 561 3943 ctionis
575 3895 929 3957 inseparabile
944 3899 1383 3946 sacramentum.»
1405 3896 1502 3945 Ubi
1523 3897 1775 3958 comparat
1791 3895 2042 3945 vinculum
2057 3930 2072 3955 ,
2089 3905 2172 3942 seu
2193 3905 2297 3942 rem
2319 3890 2607 3942 sacramenti

383 3973 435 4021 in
469 3972 676 4037 siugulis
705 3974 979 4038 coniugatis
1008 3989 1122 4026 cum
1157 3974 1357 4025 vinculo
1391 3988 1491 4038 quo
1522 3974 1794 4024 arctissime
1825 3973 2051 4026 Christus
2076 3972 2366 4023 coniunctus
2391 3972 2467 4022 eet
2492 3985 2608 4022 cnm
2707 4003 2716 4008 »

382 4054 686 4105 humanitate
719 4058 770 4105 et
800 4069 914 4106 cum
951 4056 1171 4107 eeclesia.

527 4134 660 4197 (105)
692 4134 802 4185 Lib.
833 4137 919 4185 111.
943 4139 1018 4186 De
1046 4139 1293 4200 peccator
1312 4138 1485 4186 merit.
1511 4138 1563 4185 et
1589 4136 1791 4184 remiss.
1814 4148 1858 4184 c.
1882 4136 1966 4182 lv.

424 4219 433 4228 “
529 4214 662 4276 (too)
692 4216 768 4263 lta
792 4213 956 4263 estius
982 4214 1033 4262 in
1053 4216 1326 4265 comment.
1356 4215 1409 4265 in
1435 4214 1567 4263 hunc
1593 4212 1689 4263 loc.
1711 4209 1786 4262 Ad
1807 4211 2090 4262 caietanum
2120 4212 2255 4276 quod
2286 4212 2495 4276 spectat,
2520 4223 2607 4260 no·

385 4295 491 4343 tum
512 4295 588 4344 eet
608 4295 769 4357 ipsum
795 4296 1158 4344 cammenata
1185 4308 1305 4345 nov.
1331 4296 1448 4346 test.
1470 4296 1830 4352 Brasmtzare,
1856 4294 1913 4342 ut
1931 4293 2100 4343 coaevi
2130 4293 2250 4342 eius*
2266 4290 2609 4355 loquebantur,

386 4375 438 4422 et
472 4374 892 4437 quemadmodum
926 4377 1071 4436 negat
1097 4374 1246 4424 verba
1277 4374 1452 4438 Ephes.
1476 4377 1534 4424 V.
1560 4373 1803 4438 pertinere
1822 4371 1886 4422 nd
1906 4373 2262 4426 sacramentum
2289 4368 2608 4430 matrimonii,

391 4451 461 4501 ita
481 4453 631 4504 etiam
652 4456 795 4517 negat
814 4453 963 4504 verba
984 4452 1147 4504 iacobi
1167 4455 1227 4503 v.
1249 4458 1327 4504 14.
1340 4455 1582 4517 pertinere
1609 4452 1675 4503 ad
1706 4453 2063 4503 sacramentum
2083 4453 2328 4503 extremae
2343 4446 2606 4500 unctioni».
