3276 5083
533 471 671 523 mr.
717 473 762 521 ι.
809 470 948 520 nr.
994 472 1039 520 1.
1081 468 1160 521 ns
1193 468 1494 521 vamur:
1529 468 1791 521 sicma.
1827 471 1908 522 ex
1943 472 2117 522 sect.
2153 473 2372 525 nocrn.
2533 454 2574 522 9

357 593 617 691 iugium
656 590 835 690 quod
880 588 1265 662 secundum⁴
1285 588 1499 686 legem
1541 587 1978 662 christianam
2022 592 2458 665 contrahitur.
2498 650 2512 664 .
2555 648 2570 664 .

355 732 523 803 opus
574 718 865 776 sanctum
921 702 1296 801 scripturae
1357 701 1741 802 appellant:
1800 718 2103 776 sanctum
2164 730 2404 803 nempe
2477 724 2581 781 est

359 817 743 914 coniugium
796 843 918 915 per
963 816 1223 903 omnia,
1268 832 1333 888 et
1384 815 1856 890 immaculatus
1904 818 2262 916 coniugum
2305 818 2573 895 thorus:

360 952 569 1030 quum
620 930 1045 1030 potissimum
1088 956 1130 1003 a
1167 930 1236 1003 b.
1285 929 1491 1004 Paulo
1540 929 1837 1029 idipsum
1889 956 2042 1005 esse
2091 948 2582 1006 sacramentum

356 1045 677 1119 statuitur
722 1056 986 1128 eorum',
1035 1071 1212 1143 quae
1246 1071 1453 1143 supra
1499 1045 1819 1118 mundum
1873 1046 2195 1120 eminent:
2236 1047 2350 1119 hoc
2383 1049 2576 1131 mim,

356 1159 607 1261 inquit,
649 1174 1129 1233 sacromentum
1167 1186 1478 1257 magnum
1511 1175 1642 1233 est.-
1680 1186 1794 1257 eqo
1843 1175 2057 1233 autem
2092 1161 2236 1235 dico
2275 1164 2349 1234 in
2391 1162 2587 1235 Chri-

355 1290 456 1345 sto
491 1289 686 1371 atque
721 1275 933 1371 ipsius
966 1275 1234 1347 eeclesia
1274 1277 1451 1370 (22).
1492 1305 1526 1344 n
1567 1263 1888 1349 Eiusdem
1933 1278 2330 1351 sacramenti
2372 1277 2575 1364 ritus,

364 1414 497 1465 non
549 1414 744 1463 secus
793 1415 872 1463 ac
920 1389 1281 1490 baptismi,
1337 1389 1786 1464 eucharistiae
1812 1448 1828 1477 ‚
1884 1390 2303 1491 aliorumque
2358 1400 2582 1466 sacra·-

360 1520 735 1578 mentorum
784 1520 966 1578 extat
1012 1504 1079 1576 in
1134 1504 1353 1578 rituali
1394 1505 1867 1579 chaldaeorum
1889 1563 1906 1592 ,
1947 1521 2150 1606 atque
2198 1505 2295 1580 it·
2344 1506 2584 1578 inscri-

360 1617 572 1693 bitur:
631 1618 789 1692 ordo
836 1618 1384 1718 desponsationem
1414 1637 1554 1694 tum
1581 1620 2150 1695 ineocontinetur
2199 1619 2353 1693 ordo
2401 1628 2589 1718 spoit-

351 1735 650 1819 salium5
715 1733 871 1807 ordo
931 1734 1397 1808 benedictionis¹
1447 1738 1673 1833 sponsi
1725 1751 1792 1808 et
1843 1761 2113 1835 sponsae
2143 1790 2162 1819 ,
2232 1734 2583 1809 benedictio

354 1851 665 1933 vestium,
706 1851 1035 1921 coronatio
1077 1852 1422 1948 coniuqum
1460 1867 1522 1923 et
1557 1849 1906 1923 benedictio
1948 1850 2227 1924 thalami
2270 1852 2416 1946 (23)
2434 1908 2449 1921 .
2504 1850 2581 1923 In

351 1988 556 2062 quem
598 1964 818 2036 ritum·
839 1963 1352 2037 commentarios
1385 1964 1741 2037 ediderunt
1784 1964 2107 2062 Georgius
2148 1962 2541 2038 Arbelensis
2560 2020 2578 2050 ‚

354 2092 421 2149 et
454 2076 849 2151 Timotheus
886 2078 973 2149 11.
1016 2078 1432 2178 patriarcha,
1473 2079 1590 2177 qui
1628 2090 1973 2177 praeterea
2005 2078 2281 2153 adnotat
2309 2078 2397 2152 ad
2432 2102 2591 2152 con-

359 2190 738 2287 iungendos
774 2208 1062 2290 sponsos
1097 2192 1167 2263 in
1202 2191 1702 2265 matrimonium
1735 2192 1984 2290 requiri
2019 2207 2094 2265 ut
2128 2191 2356 2265 adsint
2384 2214 2592 2262 sacer-

362 2304 513 2389 ὼε,
563 2332 762 2389 cm,
811 2307 993 2379 calin
1034 2308 1184 2379 vino
1233 2320 1295 2377 et
1342 2331 1518 2403 aqua
1560 2307 1840 2388 mixtu-3,
1882 2306 2274 2403 pulvereque
2308 2302 2589 2401 quodam

363 2446 673 2518 asperam
711 2435 774 2493 et
808 2421 1093 2494 annulus
1142 2422 1318 2515 (2⁴).
1378 2419 1508 2492 Sed
1549 2434 1626 2492 ut
1664 2419 2016 2495 redeamus
2058 2418 2145 2492 ad
2183 2417 2590 2492 Ebediesum

360 2534 731 2611 Sobensem
749 2595 766 2624 ‚
808 2562 962 2611 cum
1005 2536 1179 2610 inter
1226 2534 1698 2610 nonnullorum
1749 2534 2280 2609 nestorianorum
2329 2559 2589 2609 errores

361 2653 542 2725 circa
578 2669 996 2726 sacramenta
1029 2677 1144 2726 eos
1180 2651 1660 2739 recensuisset,
1702 2651 1819 2751 qui
1860 2663 2004 2751 pro'
2029 2650 2449 2724 matrimonio
2482 2650 2587 2723 in-

365 2785 463 2841 ter
518 2783 776 2867 septem
840 2781 1257 2841 sacramenta
1321 2766 1658 2865 ponebant
1717 2769 1978 2863 siquam
2035 2767 2245 2839 crucis
2307 2764 2581 2839 subdit:

371 2913 404 2951 α
441 2882 574 2968 Qui
614 2908 772 2957 vero
810 2883 1197 2981 sementum
1219 2906 1342 2981 pro
1381 2898 1798 2955 sacramento
1839 2905 1971 2953 non
2011 2895 2408 2978 agnoscunt,
2448 2899 2593 2955 mai-

372 2998 749 3071 trimonium
800 2998 982 3070 iuxta
1032 2996 1244 3094 legem
1286 2996 1536 3069 Christi
1584 2995 1822 3069 initum
1858 3020 1982 3095 pro
2031 2995 2316 3094 septimo
2366 3020 2593 3069 sacra-

373 3127 593 3185 mento
638 3128 1054 3185 enumerant.
1101 3169 1113 3183 .
1158 3169 1169 3180 .
1213 3168 1226 3182 .
1269 3111 1336 3182 Si
1389 3110 1545 3209 quis
1609 3126 1832 3184 autem
1882 3136 1964 3184 ex
2013 3111 2309 3184 externis
2357 3110 2589 3185 scisci·

372 3243 574 3310 tetur,
619 3250 757 3324 quo
799 3241 992 3325 pacto
1029 3224 1295 3321 singula
1335 3224 1674 3325 praedicta
1713 3241 2130 3298 sacramenta
2176 3225 2592 3298 sanctitatem

372 3357 437 3412 et
485 3340 883 3414 sacramenti
938 3341 1262 3414 rationem
1311 3339 1692 3426 obtineant,
1759 3340 2274 3438 respondemus;
2331 3337 2460 3411 tria
2506 3339 2592 3413 ad

377 3455 853 3529 confectionem
915 3454 1274 3529 cuiuslibet
1336 3455 1733 3529 sacramenti
1795 3480 2236 3529 concurrere:
2302 3453 2593 3553 primum

380 3570 650 3668 quidem
683 3590 787 3645 est
820 3571 964 3671 ipse
998 3570 1312 3645 sacerdos
1344 3596 1569 3644 verus.
1614 3629 1625 3640 .
1669 3629 1681 3640 .
1726 3629 1738 3640 .
1782 3568 2080 3643 Alterum
2113 3592 2271 3643 vero
2313 3584 2417 3643 est
2447 3593 2596 3642 ver-

378 3684 538 3757 bum
580 3701 646 3758 et
691 3704 1116 3787 praeceptum
1157 3686 1424 3761 Domini
1467 3702 2030 3760 sacramentorum
2049 3742 2065 3773 ,
2108 3685 2291 3785 quod
2328 3685 2416 3759 de
2453 3688 2595 3759 sin—

375 3799 554 3896 gulis
604 3801 1041 3875 sacramentis
1092 3799 1462 3873 mandavit:
1514 3801 1780 3874 tertium
1825 3799 2273 3873 conscientiae
2321 3799 2600 3873 minime

376 3914 788 3989 haesitantes
821 3915 1329 4015 suscipientium
1350 3971 1366 4001 ,
1396 3931 1464 3988 et
1494 3914 1643 3989 forti
1682 3914 1816 3989 fide
1849 3913 2229 4002 roboratae;
2260 3939 2384 4013 pro
2416 3930 2598 3988 certo

518 4194 623 4255 (2²)
648 4193 853 4242 Dissert.
879 4194 963 4243 cit.
987 4206 1097 4257 pag.
1122 4193 1424 4244 cccxvlll.
1450 4192 1544 4242 mc
1573 4190 1812 4243 Bbediesu
1848 4191 1992 4242 Aredi
2026 4192 2157 4243 fliius
2182 4191 2246 4241 ab
2267 4204 2398 4243 anno
2416 4191 2600 4242 christi

384 4276 496 4321 1074
519 4272 581 4321 ad
609 4279 747 4322 1090.
771 4271 936 4322 sedem
953 4273 1324 4337 patriarchalem
1344 4273 1519 4324 tenuit.
1540 4272 1617 4324 Cf.
1640 4271 1766 4323 lbid.
1792 4285 1902 4336 pag.
1927 4274 2182 4323 cmlv.
2483 4275 2486 4278 '

525 4352 627 4413 (²⁸)
655 4352 735 4401 (Ξῖ.
760 4351 962 4403 Ibidem.

529 4430 632 4492 (24)
665 4430 791 4480 ibid.
