3276 5083
2475 389 2610 460 133

1279 552 1599 613 vnn-11⁹1*
1641 553 1731 608 v.
1791 539 1798 544 ’

664 709 1039 802 ARGUMENTA
1094 750 1208 802 PRO
1261 751 1604 800 SENTENTIA
1655 709 2352 800 nss'chrnAnEN'rmth-

422 849 774 900 cnmsnANt
812 848 1183 900 uArRmoNn
1222 849 1533 899 fflle‘rms
1560 847 1966 899 AFFERUNTUR
2000 847 2075 897 m·
2125 845 2596 897 EXPENDUNTUR.

1134 1003 1137 1064 J
1251 1013 1665 1070 ARTICULUS
1706 1015 1749 1068 1.

1170 1158 1528 1234 Argumenta
1567 1121 1810 1219 Blblica.

533 1342 771 1414 Breves
826 1340 1076 1439 pariter
1119 1341 1367 1414 erimus
1418 1341 1489 1413 in
1538 1341 1997 1440 expendendis
2047 1342 2468 1442 documentis
2502 1343 2606 1417 bi·-

388 1455 589 1529 blicis
637 1456 820 1528 illius
870 1456 1276 1542 sententiae,
1317 1482 1491 1556 quae
1526 1473 1904 1556 propugnat
1940 1457 2408 1536 contrahentes
2449 1483 2602 1534 esse

383 1571 726 1646 ministros
774 1572 1173 1644 sacramenti
1224 1571 1656 1645 matrimonii.
1700 1571 2063 1647 Fatendum
2097 1574 2279 1647 enim
2313 1590 2418 1649 est
2451 1576 2602 1648 nul-

378 1685 515 1758 lum
542 1684 867 1759 biblicum
895 1686 1192 1784 palmare
1217 1673 1668 1761 testimonium
1696 1687 1998 1786 reperiri,
2031 1688 2212 1787 quod
2239 1714 2376 1761 rem
2404 1689 2602 1789 plane

373 1803 713 1876 conficiat.
772 1801 1224 1875 Nihilominus
1289 1801 1613 1876 biblicum
1669 1803 2305 1879 testimonium'non
2357 1805 2594 1893 deestff·

377 1942 512 2016 quo
563 1917 695 1989 ista
734 1918 1065 1989 sententia
1115 1916 1350 1989 saltem
1399 1917 1815 2006 insinuetur,
1865 1934 2101 2017 estque
2138 1917 2310 1992 illud
2342 1920 2596 2019 ipsum,

376 2033 561 2132 quod
603 2059 686 2105 ex
727 2049 951 2105 mente
982 2031 1334 2106 tridentini
1386 2034 1600 2106 innuit
1647 2034 2146 2107 matrimonium
2197 2034 2601 2111 christiano-

386 2172 533 2218 rum
579 2172 734 2219 vere
772 2173 923 2221 esse
958 2155 1450 2221 sacramentum
1487 2171 1699 2219 novae
1732 2146 1902 2244 legis
1937 2172 2002 2220 a
2011 2146 2279 2222 Christo
2311 2149 2598 2222 Domino

384 2261 761 2334 institutum
790 2262 876 2336 ad
896 2261 1194 2358 gratiam
1245 2243 1743 2347 conferendam,
1799 2285 1982 2359 quae
2026 2286 2320 2335 amorem
2369 2263 2601 2336 coniu'·

378 2402 542 2472 gum
593 2375 955 2449 naturalem
992 2375 1339 2474 perfician—
1372 2400 1451 2448 ac
1486 2373 2024 2450 indissolubilem
2076 2374 2396 2460 unitatem
2448 2400 2599 2449 con-

378 2491 636 2579 firmet,
692 2492 1147 2592 coniugesque
1203 2489 1592 2564 sanctificet.
1871 2508 1875 2513 ·
1987 2505 1995 2513 ’
2295 2507 2303 2515 ·

527 2608 1003 2682 Testimonium
1066 2623 1287 2680 autem
1353 2607 1481 2681 hoc
1545 2606 1742 2682 nobis
1802 2606 2190 2706 suppeditat
2236 2554 2595 2738 Apostolus

371 2723 626 2822 Ephes.
661 2722 734 2794 V.
769 2725 1126 2823 Postquam
1161 2723 1339 2795 enim
1372 2748 1439 2796 v.
1477 2726 1591 2796 31.
1628 2723 2115 2801 institutionem
2158 2724 2453 2821 coniugii
2492 2724 2596 2795 in-

371 2854 473 2910 ter
508 2837 735 2910 'Adam
784 2855 852 2912 et
897 2839 1150 2912 Hevam
1208 2838 1285 2909 'in
1354 2838 1646 2911 terrestri
1697 2838 2016 2938 paradiso
2070 2837 2406 2913 retulisset
2455 2837 2594 2912 illis

372 2954 596 3028 verbis
632 2983 646 3026 :
703 2984 737 3023 α
774 2956 1048 3053 Propter
1094 2953 1223 3028 hoc
1272 2952 1606 3053 relinquet
1656 2953 1855 3037 homo
1897 2970 2152 3052 patrem
2200 2970 2284 3027 et'
2314 2971 2592 3029 matrem

371 3095 567 3143 suam
594 3127 611 3155 ,
670 3087 739 3143 et
787 3069 1181 3145 adhaerebit
1239 3069 1427 3144 uxori
1479 3095 1681 3151 suae:
1738 3086 1804 3153 et
1851 3058 2045 3143 erunt
2092 3069 2226 3144 duo
2277 3071 2345 3141 in
2394 3096 2596 3143 carne

376 3213 562 3260 una»
585 3202 896 3341 quaeque
928 3201 1004 3259 ut
1036 3213 1074 3258 a
1107 3186 1246 3260 Deo
1291 3184 1549 3284 prolata
1584 3184 1894 3259 Christus
1927 3186 2078 3285 ipse
2110 3184 2420 3257 exhibuit
2438 3186 2595 3259 Mat·

370 3299 469 3372 th.
500 3301 750 3372 xlx.5
765 3282 1150 3400 .,protinus
1201 3298 1432 3379 subdit
1479 3298 1839 3399 Apostolus
1882 3325 1947 3373 v.
1986 3302 2101 3372 32.
2141 3300 2593 3373 «Sacramen-

373 3432 513 3488 tum
561 3416 691 3491 hoc
739 3440 1055 3513 magnum
1105 3430 1243 3502 est;
1299 3440 1424 3513 ego
1475 3430 1697 3489 autem
1765 3415 1918 3489 dico
1968 3416 2037 3488 in
2089 3414 2355 3489 Christo
2405 3430 2471 3488 et
2519 3416 2590 3488 in

332 3530 679 3619 „.ecclesia.
696 3562 730 3601 ι)
2116 3554 2125 3561 ·
2216 3556 2222 3561 ’
2331 3554 2338 3561 ·
2561 3558 2568 3601 T

518 3646 698 3721 Ha‘ec
734 3673 933 3746 porro
967 3647 1172 3722 verba
1204 3673 1336 3721 non
1371 3648 1458 3720 ad
1495 3647 1712 3722 solum
1752 3610 2293 3747 protoparentum
2329 3661 2590 3721 nostro-

368 3789 517 3835 rum
565 3763 950 3860 coniugium
1003 3763 1271 3850 referri,
1313 3763 1440 3836 sed
1484 3780 1551 3837 et
1599 3762 1688 3836 ad
1739 3779 2155 3863 posterorum
2181 3821 2196 3850 ,
2237 3762 2592 3862 potissime

363 3890 521 3953 vero
555 3878 643 3950 ad
678 3878 1196 3955 christianorum
1230 3878 1543 3977 coniugia
1575 3905 1730 3959 sese
1762 3879 2150 3966 extendere,
2192 3874 2333 3952 tum
2368 3879 2585 3964 sancti

364 3992 693 4067 ecclesiae
754 4010 979 4094 patres
1002 4051 1017 4081 ‚
1071 4011 1212 4068 tum
1264 4019 1431 4068 rom.
1485 3995 1838 4093 pontifices
1871 4053 1887 4082 ,
1942 4011 2144 4095 atque
2193 3995 2588 4094 interpretes

360 4107 716 4182 christiani
786 4134 1020 4183 omnes
1083 4110 1475 4208 profitentur
1522 4136 1602 4182 ex
1659 4126 1880 4190 mente
1930 4108 2272 4208 Apostoli,
2330 4109 2446 4209 qui
2499 4107 2584 4181 ad

362 4224 972 4298 commendandum
1035 4240 1337 4300 mutuum
1394 4225 1750 4322 coniugum
1818 4223 2116 4311 fidelium
2165 4250 2457 4310 amorem
2506 4248 2587 4296 ea

366 4335 682 4438 loquendi
737 4341 993 4414 ratione
1044 4366 1209 4414 usus
1261 4358 1384 4415 est.
1486 4396 1503 4413 .
