3276 5083
581 486 720 539 cir.
751 488 815 537 v.
850 488 930 538 ns
964 487 1202 540 umisr.
1238 488 1548 542 commin.
1585 493 1726 542 Αιιτ.
1762 491 1857 541 ιιι.
1888 490 2126 543 Anauni.
2159 491 2384 543 ‘rnson
2499 472 2638 542 163

407 606 538 682 hoc
602 607 985 704 coniugium
1046 623 1338 682 vestrum
1400 626 1739 710 tamquam
1789 609 2114 682 ecclesiae
2162 611 2505 698 minister,
2561 639 2641 685 ac

407 748 537 821 pro
587 748 740 795 vero
781 721 1000 795 habeo
1048 738 1250 822 atque
1298 723 1615 821 legitimo.

560 836 897 924 Ceterum,
955 837 1052 909 uti
1104 854 1412 912 accurate
1461 837 1936 912 animadvertit
1967 838 2215 911 Bened.
2247 836 2411 910 XIV.
2453 841 2630 935 (49).

413 983 452 1022 α
478 952 800 1038 Quamvis
844 951 1020 1024 hanc
1059 952 1412 1026 formulam
1449 952 1843 1027 indicaverit
1884 952 2376 1049 (concilium),
2409 979 2643 1053 quam·-

408 1089 703 1168 cumque
737 1083 960 1141 tamen
993 1067 1239 1155 aliam,
1286 1070 1470 1142 iuxta
1512 1068 1872 1142 cuiuslibet
1922 1067 2217 1165 regionis
2269 1093 2467 1144 usum
2520 1068 2642 1142 ad·-

406 1182 646 1256 hibere
696 1182 1046 1282 permisit:
1117 1184 1225 1257 vel
1284 1184 1440 1257 aliis
1500 1199 1728 1257 utatur
1786 1184 2001 1257 verbis
2064 1189 2258 1258 iuoeta
2319 1200 2644 1283 receptum

404 1298 915 1395 uniuscuiusque
958 1299 1340 1395 provinciae
1387 1300 1612 1370 ritum.
1672 1299 1952 1371 Tantam
2003 1324 2204 1396 porro
2251 1297 2640 1371 varietatem

409 1409 703 1485 ecclesia
752 1435 885 1484 non
940 1410 1355 1499 tollerasset,
1409 1410 1759 1511 multoque
1809 1411 2035 1485 minus
2084 1410 2442 1485 cuiuslibet
2492 1438 2644 1511 pro·

407 1525 670 1599 vinciae
718 1524 997 1600 arbitrio
1049 1527 1506 1625 permisisset,
1556 1526 1617 1600 si
1670 1525 2163 1613 existimasset,
2205 1551 2326 1624 per
2356 1526 2563 1600 verba
2598 1553 2648 1600 a

407 1640 753 1715 sacerdote
792 1639 1054 1740 prolata
1102 1642 1341 1716 confici
1395 1656 1887 1715 sacramentum
1932 1641 2370 1715 matrimonii.
2396 1671 2433 1712 »
2465 1642 2643 1716 Inter

404 1754 628 1829 varias
682 1769 905 1829 autem
975 1755 1297 1829 formulas
1334 1783 1389 1832 aa
1439 1755 1785 1829 sacerdote
1837 1756 1907 1827 in
1960 1753 2318 1853 iungendis
2379 1755 2641 1854 nuptiis

405 1885 803 1970 usurpatas,
844 1885 910 1942 et
942 1865 1127 1942 illam
1164 1886 1673 1957 commemorat,
1715 1895 1889 1969 quae
1938 1867 2187 1943 alicubi
2238 1867 2493 1943 obtinet
2527 1869 2637 1942 his

407 2000 666 2057 tantum
715 1982 942 2057 verbis
980 2010 1402 2083 expressam:
1448 1984 1634 2070 Quod
1666 1984 1844 2056 Deus
1879 1984 2252 2069 coniunxit,
2297 1984 2477 2056 homo
2509 2011 2639 2056 non

406 2113 699 2196 saporem
749 2123 923 2197 quae
971 2112 1149 2171 certe
1197 2096 1368 2170 nihil
1419 2123 1771 2172 commune
1805 2096 2057 2170 habent
2091 2122 2243 2169 cum
2281 2094 2452 2171 illis:
2493 2097 2637 2194 qu

408 2238 526 2285 vos
581 2214 915 2311 coniunqo.
953 2212 1075 2285 Cui
1111 2212 1382 2313 quidem
1433 2212 1755 2286 formulae
1807 2211 1979 2284 alias
2028 2210 2178 2283 heic
2230 2209 2586 2283 subiiciam
2612 2268 2628 2297 ,

410 2350 596 2426 quae
643 2326 1007 2398 etiamnum
1054 2326 1281 2423 vigent
1325 2325 1393 2397 in
1444 2325 1786 2399 nonnullis
1835 2324 2169 2397 ecclesiis.
2214 2325 2290 2394 In
2341 2323 2633 2397 dioecesi

405 2442 1020 2541 Wuergeburgensi
1057 2443 1225 2517 haec
1259 2442 1658 2517 adhibetur:
1690 2442 1844 2514 Ideo
1867 2441 2357 2514 matrimonium
2384 2466 2508 2539 per
2529 2467 2641 2513 vos

406 2573 808 2631 contractum
864 2559 1163 2657 confirmo
1191 2614 1209 2641 ,
1278 2559 1530 2658 ratifico
1581 2572 1643 2629 et
1694 2556 2028 2640 benedico,
2086 2555 2157 2627 in
2204 2555 2459 2627 nomine
2509 2555 2638 2626 Pa*

410 2676 529 2746 tris
561 2689 682 2746 etc.
726 2675 804 2744 ln
845 2673 1139 2746 dioecesi
1166 2673 1648 2747 Eichstattensi
1691 2671 2007 2745 sacerdos
2041 2670 2209 2744 haec
2243 2670 2645 2769 pronunciat

412 2789 659 2863 verba:
713 2788 1210 2862 Matrimonium
1244 2790 1413 2862 inter
1443 2814 1557 2861 vos
1590 2802 1992 2860 contractum
2040 2786 2216 2858 Deus
2265 2786 2632 2885 confirmet,

409 2920 471 2976 ct
518 2931 632 3002 eqo
681 2907 755 2976 in
804 2905 976 3003 [acie
1026 2904 1326 2976 ecclesiae
1377 2900 1550 2976 illud
1581 2903 1954 2975 solemnizo.
1995 2898 2080 2973 In
2114 2902 2366 2973 nomine
2400 2915 2521 2972 etc.
2567 2901 2643 2970 ln

407 3018 705 3092 dioecesi
742 3016 1538 3114 monacho-frinsingensi
1573 3016 1743 3088 haec
1776 3013 2062 3089 formula
2095 3003 2452 3112 reperitur:
2487 3012 2642 3084 Ma·

416 3136 790 3206 trinwnium
821 3136 894 3206 in
926 3134 1095 3231 facie
1144 3132 1443 3204 ecclcsiae
1492 3133 1663 3203 inter
1704 3156 1819 3204 vos
1853 3142 2254 3203 contractum
2285 3127 2461 3199 Deus
2494 3153 2646 3198 con·

410 3249 651 3345 fimet,
692 3261 755 3319 et
787 3247 1168 3320 auctoritate
1217 3246 1519 3317 ecclesiae
1554 3244 1718 3329 Dei,
1762 3270 1875 3342 eqo
1925 3241 2098 3315 illud
2144 3242 2456 3339 approbo,
2494 3265 2648 3338 per-

412 3361 558 3457 ficio
595 3376 789 3458 atque
825 3360 1199 3433 solemni-zo.
1232 3358 1315 3430 In
1364 3357 1618 3430 nomine
1669 3372 1787 3430 etc.
1835 3373 1911 3430 ut
1950 3355 2181 3429 videre
2230 3371 2335 3428 est
2382 3355 2454 3426 in
2504 3353 2646 3426 sin-

413 3473 594 3570 gulis
642 3475 884 3548 harum
940 3473 1382 3548 ecclesiarum
1446 3472 1832 3546 ritualibus.
1892 3470 2058 3544 Cum
2107 3496 2265 3544 vero
2314 3468 2645 3542 eiusmodi

418 3588 742 3661 formulae
791 3587 1306 3687 antiquissimae
1348 3586 1487 3660 sint
1529 3604 1733 3686 atque
1765 3584 1852 3659 ab
1883 3582 2420 3657 immemorabili·
2452 3607 2650 3655 usur·-

420 3718 667 3802 pentur
689 3760 705 3791 ‚
760 3730 1002 3778 novum
1053 3702 1372 3776 exhibent
1417 3717 1881 3799 argumentum
1933 3727 2056 3799 pro
2089 3698 2296 3773 veteri
2348 3696 2650 3770 doctrina

416 3819 503 3892 de
551 3817 1104 3892 contrahentibus
1159 3817 1563 3891 sacramenti
1617 3816 2027 3889 matrimonii
2077 3812 2432 3887 ministris.

566 3935 839 4008 Interim
900 3951 1039 4008 tum
1091 3959 1172 4007 ex
1221 3932 1391 4006 actis
1457 3930 1768 4018 concilii,
1838 3946 1980 4004 tum
2029 3956 2110 4003 ex
2159 3926 2650 4019 obiectionibus

423 4048 611 4122 Pauli
672 4049 898 4149 Sarpii
955 4046 1179 4147 palam
1231 4048 1307 4120 fit
1341 4105 1356 4134 ‚
1415 4045 1677 4118 nullum
1725 4044 2008 4118 dubium
2060 4068 2417 4144 superesse
2474 4043 2652 4115 circa

419 4192 808 4262 germanam
860 4164 1129 4239 concilii
1181 4162 1526 4238 tridentini
1575 4163 1981 4235 sententiam
2017 4179 2216 4263 atque
2251 4160 2644 4234 doctrinam.

423 4280 684 4354 Exinde
736 4280 982 4355 sactum
1037 4296 1142 4352 est
1180 4296 1255 4353 ut
1296 4279 1425 4353 hac
1465 4278 1553 4351 de
1589 4303 1796 4353 causa
1837 4277 2140 4378 plerique
2181 4274 2473 4372 theologi
2507 4274 2655 4346 ani·

568 4415 670 4477 (49)
701 4417 779 4466 De
809 4413 1014 4478 synodo
1040 4413 1345 4464 liutmun.
1368 4414 1505 4464 xm.
1528 4426 1579 4463 n.
1604 4420 1650 4462 6.
2366 4488 2408 4531 a*
