3276 5083
778 477 915 525 cn.
953 475 1048 524 ιιι.
1084 475 1164 523 na
1211 473 1472 523 ιΑι-ιιιιι.
1509 473 1734 522 civius
1769 473 1950 521 Laut.
1994 474 2134 523 aar.
2168 475 2254 522 iv.
2486 451 2617 521 331

557 595 976 691 Quapropter
1024 592 1335 690 quamvis
1387 589 1555 664 tales
1606 590 1728 662 filii
1774 589 2080 663 lubentes
2150 616 2230 662 ex
2300 591 2636 689 pravitate

410 708 631 782 cordis
682 702 787 781 sui
838 706 1217 792 ambulent,
1274 707 1436 807 quia
1486 707 1669 780 caeci
1721 722 1927 790 sunt,
1985 732 2205 805 neque
2254 725 2628 803 agnoscunt

408 849 543 921 quo
592 822 1016 921 gradiantur,
1075 822 1518 896 nihilominus
1580 824 1637 894 si
1703 820 1927 922 paullo
1979 821 2622 908 animadverterent,

409 940 576 1012 etin
613 965 886 1014 causam
939 954 1270 1012 tantorum
1320 938 1645 1011 malorum
1692 939 1869 1010 serio
1913 938 2364 1036 inquirerent,
2410 963 2632 1011 nonne

410 1080 729 1129 accusare
790 1056 967 1128 iuste
994 1070 1294 1153 *possent
1351 1055 1563 1151 legem
1617 1053 1798 1126 illam
1834 1112 1849 1139 ‚
1907 1070 2246 1153 tamquam
2298 1053 2626 1126 eiusmodi

408 1170 636 1265 gravis
685 1170 856 1244 adeo
905 1170 1252 1245 infortunii
1304 1170 1630 1267 originem
1657 1168 1694 1238 ‘2'
1746 1169 1968 1255 Quum
2035 1186 2377 1269 praeterea
2450 1169 2630 1243 baud

408 1308 557 1356 raro
601 1284 934 1357 eiusmodi
966 1284 1086 1356 filii
1116 1284 1313 1358 bonis
1351 1284 1937 1385 patrimonialibus
1973 1285 2110 1359 sint
2143 1284 2480 1371 destituti,
2522 1308 2632 1357 ne·

406 1424 540 1496 que
583 1402 720 1474 sint
768 1399 991 1474 idonei
1045 1400 1131 1472 ad
1185 1399 1535 1474 honestam
1589 1400 1722 1474 sibi
1776 1400 2145 1498 parandam
2199 1400 2632 1474 sustentatio-

408 1538 559 1586 nem
586 1571 602 1601 ‚
659 1541 866 1615 quum
913 1530 981 1587 et
1031 1513 1374 1589 tabescere
1421 1518 1745 1611 cogantur
1788 1515 1856 1586 in
1910 1540 2125 1588 rerum
2180 1541 2350 1616 pene
2402 1539 2629 1588 neces·

407 1630 734 1702 seriarum
806 1629 1089 1728 penuria
1122 1688 1137 1714 ,
1211 1629 1546 1728 quomodo
1598 1624 1731 1702 non
1786 1630 2193 1703 incusabunt
2252 1628 2631 1729 tyrannidis

407 1743 617 1840 legem
681 1743 914 1831 illam,
973 1743 1062 1815 ob
1114 1768 1315 1843 quam
1380 1745 1446 1814 in
1509 1760 1764 1815 tantum
1829 1744 2266 1817 infortunium
2333 1743 2630 1845 prolapsi

407 1858 609 1932 suut?

550 1974 833 2046 Demum
871 1993 1180 2073 respectu
1208 1974 1453 2047 civium
1493 1976 1854 2047 universim
1894 1978 2312 2074 tyrannicam
2349 1975 2633 2048 evadere

406 2085 711 2159 eamdem
765 2085 977 2184 legem
1033 2113 1164 2161 non
1209 2113 1345 2160 uno
1387 2113 1465 2161 ex
1506 2090 1731 2186 capite
1771 2090 2124 2161 evincitur.
2168 2090 2262 2161 Ac
2295 2091 2516 2189 primo
2551 2117 2631 2162 ex

409 2200 904 2298 perturbatione
955 2202 1357 2275 familiarum
1394 2259 1409 2288 ,
1476 2218 1826 2300 parentum
1865 2261 1878 2289 ,
1937 2228 2016 2275 ac
2065 2206 2621 2304 propinquorum.

408 2313 492 2384 Hi
537 2315 744 2403 enim,
786 2316 846 2387 si
881 2315 1232 2389 christiani
1288 2316 1530 2388 sinceri
1587 2316 1871 2403 suerint,
1914 2342 2046 2390 non
2085 2334 2397 2415 poterunt
2447 2319 2632 2391 omni

407 2455 543 2528 qua
592 2430 860 2504 valeant
908 2432 1167 2505 ratione
1199 2489 1215 2516 ‚
1275 2456 1408 2504 non
1457 2432 1781 2506 damnare
1808 2491 1824 2518 ,
1882 2457 1961 2503 ac
2003 2431 2320 2505 detestari
2375 2432 2633 2506 abomi-

406 2545 667 2621 nabiles
720 2548 1049 2621 eiusmodi
1102 2549 1419 2647 nuptias,
1476 2564 1680 2648 atque
1735 2566 1930 2647 prout
1973 2550 2041 2621 in
2109 2545 2282 2648 ipsis
2330 2564 2473 2638 est,
2530 2551 2632 2624 eis

404 2661 774 2750 obsistere,
821 2690 901 2736 ac
949 2664 1276 2765 impedire
1326 2666 1691 2763 quominus
1743 2666 2244 2740 contrahantur.
2281 2665 2628 2765 Siquidem

406 2796 650 2852 norunt
698 2804 854 2864 eos,
912 2779 1027 2879 qui
1074 2778 1227 2853 illas
1279 2794 1637 2865 attentant,
1698 2782 1764 2850 in
1817 2781 2082 2853 ruinam
2135 2805 2214 2854 ac
2266 2781 2630 2881 perniciem

403 2894 781 2967 animarum
834 2920 1106 2967 suarum
1128 2952 1143 2981 ,
1187 2897 1257 2967 in
1292 2896 1764 2969 detrimentum
1801 2896 2148 2995 religionis
2181 2914 2247 2971 et
2280 2891 2631 2972 conscien—

409 3008 540 3079 tiae
565 3008 634 3078 id
666 3025 1040 3106 praestare,
1083 3027 1283 3111 atque
1318 3013 1387 3082 in
1424 3038 1749 3113 praeceps
1786 3013 2110 3086 malorum
2138 3015 2437 3087 omnium
2472 3038 2630 3114 pro-

411 3149 623 3197 ruere.
660 3123 882 3209 Quum
915 3152 1072 3200 vero
1106 3127 1496 3225 parentibus
1539 3129 1725 3203 cordi
1763 3154 1915 3203 esse
1957 3130 2198 3203 debeat
2242 3147 2379 3203 tum
2416 3130 2625 3202 animi

408 3253 543 3309 tum
582 3239 880 3338 corporis
918 3239 1206 3314 filiorum
1260 3268 1532 3316 suorum
1587 3243 2012 3317 incolumitas
2040 3303 2055 3326 ,
2099 3246 2244 3317 iure
2277 3271 2357 3317 ac
2391 3244 2628 3316 merito

407 3377 707 3427 moerore
759 3372 826 3426 et
875 3354 1107 3429 dolore
1149 3356 1572 3445 afficiuntur,
1615 3359 1676 3432 si
1712 3359 2051 3432 audierint
2102 3360 2278 3434 filios
2315 3386 2477 3434 suos
2512 3378 2630 3434 aut

410 3468 583 3542 filias
636 3471 703 3541 in
749 3472 1102 3547 exitiosum
1154 3475 1487 3546 eiusmodi
1534 3475 1849 3574 laqueum
1887 3501 1960 3548 se
1995 3476 2353 3550 coniicere.
2397 3477 2494 3548 Ex
2531 3476 2630 3550 al-

408 3600 553 3657 tera
601 3612 757 3662 vero
808 3605 1034 3687 parte,
1092 3589 1507 3678 inconsulta,
1568 3608 1765 3689 prout
1814 3617 1966 3665 esse
2016 3591 2225 3679 solet,
2278 3608 2343 3666 et
2395 3593 2627 3666 incon-

407 3700 703 3775 siderata
752 3704 1059 3778 iuventus
1112 3706 1289 3779 mala
1340 3733 1466 3780 sua
1517 3723 1633 3779 aut
1685 3734 1816 3781 non
1868 3706 2082 3795 videt,
2125 3724 2239 3781 aut
2273 3710 2631 3808 parvipen-

402 3815 556 3900 dit,
614 3842 811 3890 caeco
864 3844 938 3890 se
987 3820 1429 3919 cupiditatum
1502 3839 1692 3896 aestu
1728 3880 1742 3908 ,
1820 3824 1954 3897 imo
2004 3840 2070 3895 et
2121 3824 2341 3898 furore
2409 3822 2624 3924 abripi

403 3932 608 4018 sinit,
654 3957 776 4005 nec
820 3959 956 4031 quo
991 3954 1223 4034 pergat
1254 3937 1760 4024 animadvertit;
1795 3939 2126 4014 effraenes
2163 3939 2622 4014 adolescentes

402 4047 687 4120 consilia
737 4050 963 4121 omnia
1015 4051 1398 4153 negligunt,
1456 4055 1708 4128 monita
1746 4071 1810 4128 et
1846 4056 2397 4129 comminationes
2442 4082 2627 4157 sper-

405 4182 607 4252 nunt,
658 4192 857 4241 aures
911 4168 1272 4245 occludunt
1319 4171 1635 4245 omnibus
1688 4173 2019 4247 rationum
2065 4175 2459 4260 momentis,
2504 4199 2627 4246 nec

405 4280 587 4354 aliud
627 4285 1004 4374 intendunt,
1032 4286 1165 4357 nisi
1200 4303 1276 4359 ut
1311 4314 1415 4375 ec,
1450 4315 1582 4387 quo
1618 4288 1918 4375 tendunt,
1953 4289 2220 4362 tandem
2259 4289 2624 4390 aliquando

408 4416 816 4494 perveniant.
