3276 5083
690 301 825 370 124
1064 322 1187 372 m.
1229 323 1296 371 ιι.
1340 321 1508 372 ster.
1551 321 1810 371 unm.
1851 321 1929 381 ιιι
1979 321 2237 372 numu.
2288 320 2498 373 cnm.

828 437 995 512 Cum
1060 464 1217 512 vero
1266 437 1546 511 fateatur
1593 453 1811 510 orator
1859 436 2068 534 legem
2120 437 2262 510 fore
2309 441 2848 517 anticatholicam
2873 503 2893 527 ,

687 558 748 629 si
799 556 983 628 iuxta
1029 554 1391 629 catholicos
1428 553 1682 626 nullum
1719 552 1901 626 aliud
1943 554 2324 651 coniugium
2373 555 2673 639 fidelium
2727 561 2905 633 vali-

685 671 843 743 dum
897 670 1018 754 sit,
1076 669 1207 742 nisi
1258 668 1437 768 quod
1475 668 1543 740 in
1581 668 1751 741 facie
1784 668 2105 742 ecclesiae
2138 669 2545 758 celebratur,
2596 698 2905 773 cumque

686 787 774 859 sit
798 784 1207 883 exploratum
1227 841 1242 869 ,
1263 783 1666 883 ubicumque
1695 782 2134 882 promulgatio
2160 773 2389 861 habita*
2409 787 2901 867 esttridentini

686 900 971 985 decreti,
1025 898 1277 971 nullum
1327 897 1599 972 omnino
1633 923 1713 970 ac
1754 897 2119 973 invalidum
2154 925 2304 972 esso
2346 899 2902 990 matrimonium,

686 1016 864 1116 quod
915 1040 1136 1089 coram
1188 1013 1478 1113 parocho
1529 1039 1661 1087 non
1710 1013 1907 1087 suerit
1953 1014 2385 1102 celebratum,
2411 1084 2416 1093 .
2443 1017 2736 1114 profecto
2795 1046 2893 1093 ex

688 1134 837 1232 ipsa
883 1130 1162 1204 oratoris
1213 1129 1667 1216 confessione,
1728 1156 1833 1203 res
1883 1146 2062 1203 esset
2111 1130 2308 1237 plane
2355 1131 2674 1208 confecta.

829 1245 930 1318 Ad
968 1245 1036 1317 id
1070 1270 1223 1318 vero
1257 1244 1437 1345 quod
1473 1245 1599 1332 ait,
1640 1244 1915 1341 intelligi
1954 1271 2084 1319 non
2124 1260 2322 1344 posse
2358 1245 2692 1344 quomodo
2739 1272 2900 1326 ma-.

689 1362 1067 1435 trimonium
1092 1417 1108 1446 ,
1162 1358 1343 1458 quod
1379 1386 1499 1459 per
1530 1386 1606 1433 se
1638 1374 1743 1433 est
1775 1374 2150 1434 contractus
2170 1418 2185 1446 ,
2229 1360 2426 1435 simul
2460 1387 2540 1434 ac
2580 1377 2896 1441 evectum

689 1477 812 1550 fuit
855 1476 940 1550 ad
992 1474 1390 1549 sacramenti
1425 1475 1847 1571 dignitatem,
1879 1474 2357 1573 inseparabile.
2379 1478 2664 1554 evaserit
2693 1504 2741 1550 a
2773 1505 2899 1552 sa-

687 1606 1057 1676 cramento,
1103 1606 1304 1687 atque
1354 1615 1396 1661 a
1442 1589 1623 1662 civili
1676 1603 1997 1687 potestate
2046 1589 2241 1663 fuerit
2291 1590 2695 1669 subtractum
2718 1649 2737 1679 ,
2780 1620 2895 1665 re-

690 1704 1094 1804 spondemus
1145 1703 1553 1776 connubium
1603 1728 1754 1777 esse
1803 1719 2208 1779 contractum
2259 1706 2365 1780 sui
2415 1708 2716 1801 generis,
2764 1711 2890 1807 qui

687 1846 838 1893 cum
888 1819 1123 1892 ceteris
1173 1819 1540 1917 comparari
1578 1843 1728 1892 ,non
1778 1819 2313 1918 potest-Etenim
2364 1837 2740 1899 contractus
2782 1840 2892 1896 est

690 1959 889 2035 quem
936 1935 1115 2007 Deus
1167 1934 1314 2034 ipse
1360 1933 1705 2007 constituit
1735 1959 1777 2007 a
1812 1933 2039 2006 mundi
2099 1933 2487 2032 primordiis
2527 1952 2888 2035 antequam

689 2050 955 2148 leguleii
990 2075 1068 2123 ac
1102 2049 1492 2122 tabelliones
1529 2049 1916 2134 existerent,
1959 2075 2288 2147 quemque
2320 2050 2499 2123 Deus
2531 2051 2890 2150 ipset-exit

689 2183 825 2240 tum
877 2167 948 2237 in
996 2165 1140 2262 lege
1190 2178 1496 2249 naturae,
1555 2178 1692 2236 tum
1741 2163 1813 2234 in
1863 2162 2010 2260 lege
2057 2164 2336 2263 scripta,
2378 2191 2707 2265 quemque
2739 2184 2888 2239 tan·

688 2284 839 2356 dem
889 2272 1193 2354 Christus
1242 2280 1425 2351 Deus
1457 2278 1542 2351 ad
1577 2280 1970 2351 sacramenti
2007 2279 2395 2376 dignitatem
2428 2283 2663 2356 evexit.
2711 2282 2878 2357 Cum

690 2424 845 2471 vero
893 2412 1269 2471 contractus
1314 2419 1451 2468 non
1505 2421 1664 2494 pars
1715 2394 1804 2467 sit
1852 2395 2283 2481 sacramenti,
2342 2397 2461 2469 sed
2510 2398 2732 2497 ipsum
2791 2415 2884 2472 to·

690 2529 827 2587 tum
879 2525 1358 2586 sacramentum
1386 2569 1401 2598 ,
1458 2508 1544 2583 ab
1594 2535 1672 2583 eo
1723 2511 2014 2610 separari
2064 2535 2198 2583 non
2247 2518 2494 2609 potest3
2519 2538 2661 2586 nec
2700 2513 2874 2586 enim

690 2628 996 2701 Christus
1059 2641 1462 2700 contractum
1530 2625 1817 2698 evehens
1881 2625 1966 2698 ad
2030 2627 2426 2700 sacramenti
2494 2627 2872 2725 dignitatem

691 2742 934 2816 adiecit
980 2741 1186 2813 alium
1236 2739 1590 2866 quemdam
1642 2755 1896 2824 actum,
1954 2740 2074 2813 sed
2127 2741 2340 2815 solum
2390 2744 2704 2818 annexuit
2741 2744 2872 2844 ipsi

692 2858 873 2929 actui
924 2854 1359 2928 contrahendi
1407 2853 1722 2950 gratiam3
1766 2880 1899 2952 quo
1950 2855 2025 2928 fit
2056 2871 2130 2928 ut
2166 2865 2449 2956 nequeat
2483 2859 2756 2990 alterum
2789 2859 2876 2934 ab

691 2971 895 3045 altero
945 2968 1277 3068 separari,
1335 2968 1496 3067 quin
1543 2968 1941 3042 destruatur.

835 3088 917 3159 At
963 3101 1182 3159 orator
1227 3081 1424 3156 vellet
1472 3098 1543 3154 ut
1590 3082 1917 3156 eiusmodi
1969 3085 2505 3183 inseparabilitas
2541 3092 2738 3164 certis
2769 3117 2875 3164 ar-

693 3202 1021 3298 gumentis
1078 3199 1667 3283 demonstraretur,
1725 3213 1840 3271 aut
1885 3225 1965 3271 ex
2015 3198 2262 3272 Christi
2312 3201 2705 3277 institutoris
2759 3230 2876 3279 vo-

693 3315 979 3400 luntate,
1034 3331 1147 3387 aut
1196 3341 1275 3386 ex
1325 3313 1417 3385 rei
1471 3328 1740 3400 natura,
1783 3329 1893 3387 aut
1928 3340 2008 3387 ex
2041 3314 2361 3390 ecclesiae
2394 3315 2712 3391 doctrina.
2753 3319 2876 3392 Re-

695 3431 1006 3529 ponimus
1049 3428 1345 3503 eamdem
1376 3453 1601 3501 revera
1626 3454 1706 3501 ex
1733 3429 1975 3527 triplici
2003 3430 2130 3505 hoc
2154 3432 2369 3531 capite
2401 3427 2869 3508 demonstrari:

695 3547 873 3647 quod
910 3546 1153 3620 clarius
1189 3542 1440 3643 patebit
1488 3542 1647 3615 dum
1701 3544 1963 3642 singula
2004 3545 2414 3636 refellemus,
2456 3573 2629 3647 quae
2661 3565 2883 3623 orator

693 3661 1001 3760 protulit,
1056 3675 1131 3733 ut
1177 3685 1256 3732 ex
1305 3658 1549 3759 triplici
1600 3683 1683 3733 eo
1721 3659 1940 3759 capite
1987 3661 2384 3736 contrarium
2436 3662 2658 3763 potius
2703 3663 2880 3738 evin-

839 3889 1070 3987 Itaque
1118 3888 1204 3961 ad
1249 3890 1316 3958 1.
1360 3879 1849 3975 Probationem,
1905 3889 2082 3988 quod
2132 3889 2437 3964 Christus
2485 3891 2769 3965 noluerit
2807 3892 2877 3964 id

696 4001 874 4099 quod
910 4017 1050 4074 erat
1098 4001 1371 4073 dominii
1422 4001 1636 4073 civilis
1672 4002 1757 4075 ad
1792 4002 2136 4076 ecclesiam
2173 4003 2474 4092 devolvi,
2514 4021 2580 4079 et
2614 4032 2734 4080 nos
2776 4031 2880 4079 as-

699 4115 1050 4200 sentimur,
1099 4142 1176 4189 ac
1220 4117 1599 4214 profitemur
1648 4116 1981 4190 reddenda
2016 4138 2167 4193 esse
2199 4115 2465 4194 Caesari
2509 4147 2686 4220 quae
2724 4138 2882 4195 sunt

699 4231 1001 4304 Caesaris
1038 4290 1053 4318 ,
1115 4231 1470 4306 dummodo
1523 4233 1720 4306 ctiam
1782 4232 2064 4307 addatur
2093 4293 2108 4321 ,
2171 4236 2348 4335 quod
2409 4236 2755 4335 sequitur:
2820 4252 2880 4306 et
