3276 5083
662 449 753 521 M
1056 469 1180 521 m.
1223 468 1271 520 1.
1311 467 1484 521 sacr.
1519 467 1567 518 ι.
1612 466 1692 518 ns
1727 461 1989 519 nram
2030 465 2459 520 stanuum.

657 590 744 663 de
791 605 1205 664 sacramento
1230 588 1317 662 ad
1342 586 1623 661 salutem
1675 585 2052 660 necessario
2069 644 2085 674 ,
2123 587 2304 687 quod
2338 586 2424 661 de
2458 605 2872 666 sacramento

657 704 1063 779 matrimonii
1112 703 1248 778 dici
1299 703 1555 803 nequit.

801 819 1142 894 Accedunt
1171 834 1240 893 et
1268 818 1403 893 alia
1435 816 1894 916 coniugiorum
1927 811 2252 918 exempla,
2291 842 2374 891 ex
2405 818 2658 918 quibus
2702 820 2870 895 ratio

657 947 1036 1011 contractus
1063 960 1105 1007 a
1129 933 1383 1009 ratione
1417 932 1818 1007 sacramenti
1850 931 2203 1021 dividitur,
2252 921 2588 1007 connubia
2629 957 2874 1035 nempe

658 1064 777 1123 aut
808 1074 931 1149 per
959 1046 1335 1149 epistolam,
1380 1062 1497 1121 aut
1530 1073 1653 1147 per
1683 1063 2173 1148 procuratorem
2207 1064 2577 1152 eontracta,
2612 1049 2683 1122 in
2718 1052 2875 1150 qui-

602 1251 607 1256 ,
655 1164 786 1240 bus
837 1164 1030 1239 facile
1079 1164 1338 1237 nullum
1385 1162 1670 1238 conferri
1722 1179 2209 1237 sacramentum
2258 1164 2638 1262 agnoscitur
2661 1225 2676 1255 ,
2717 1166 2876 1242 licet

655 1279 879 1354 valere
922 1294 1334 1354 contractum
1383 1302 1578 1351 nemo
1626 1276 1962 1350 inficietur
1992 1303 2141 1377 cap.
2174 1276 2295 1352 ult.
2331 1279 2428 1351 De
2452 1297 2864 1379 procurator.

659 1394 728 1467 in
751 1398 818 1468 6.
834 1451 850 1482 ‚
871 1409 1069 1495 prout
1093 1394 1353 1494 paucis,
1371 1409 1440 1466 at
1456 1392 1766 1490 energice
1788 1390 2268 1467 demonstravit
2283 1394 2506 1469 Canus
2535 1396 2867 1472 scribens:

663 1541 698 1580 α
739 1511 884 1586 Non
933 1507 1137 1607 igitur
1182 1508 1468 1583 ecclesia
1510 1506 1736 1594 docet,
1780 1506 2132 1636 quodlibet
2179 1507 2476 1582 fidelium
2527 1511 2874 1586 matrimo-

661 1623 847 1696 nium
897 1637 1387 1697 sacramentum
1430 1647 1616 1710 esse;
1665 1621 1797 1694 nisi
1845 1622 2001 1722 quis
2043 1621 2211 1696 adeo
2248 1621 2497 1723 desipit
2520 1641 2594 1698 ut
2620 1625 2876 1699 Caieta-

657 1763 816 1812 num
852 1738 1152 1825 damnet,
1208 1738 1326 1839 qui
1362 1753 1428 1810 et
1460 1736 2001 1837 probabilissime
2033 1754 2122 1824 et,
2164 1762 2271 1810 me
2301 1740 2578 1839 quidem
2608 1740 2867 1828 iudice,

654 1853 1038 1942 verissime,
1077 1852 1621 1939 matrimonium
1643 1850 1866 1953 quod
1848 1852 2355 1927 interabsentes
2405 1879 2526 1955 per
2571 1855 2864 1942 litteras,

657 1985 1255 2100 procuratoresque
1303 1968 1760 2056 contrahitur,
1817 1982 2304 2043 sacramentum
2339 1995 2491 2043 esse
2535 1971 2872 2046 inficiatus

657 2101 782 2162 est.
833 2086 1001 2159 Nam
1051 2084 1168 2188 qui
1218 2085 1289 2156 in
1341 2084 1468 2158 hoc
1513 2084 1899 2157 cajetanum
1951 2109 2214 2159 errasse
2261 2084 2586 2173 clamant,
2628 2086 2698 2158 hi
2733 2111 2870 2161 non

656 2200 1039 2299 intelligunt
1083 2227 1207 2276 nec
1256 2224 1430 2300 quae
1478 2197 1881 2298 loquuntur,
1932 2225 2055 2274 nec
2089 2200 2173 2273 de
2207 2199 2455 2301 quibus
2507 2202 2864 2276 affirmant.

655 2316 851 2404 Quod
879 2314 938 2390 si
965 2315 1151 2388 nullo
1184 2314 1455 2402 idoneo,
1487 2328 1554 2386 et
1576 2313 1959 2387 necessario
1991 2331 2413 2412 argumento,
2459 2315 2578 2388 sed
2614 2316 2866 2405 stultis,

657 2430 1194 2531 turbulentisque
1242 2429 1648 2503 clamoribus
1683 2428 1938 2503 alienas
1972 2428 2272 2503 refellere
2321 2430 2685 2505 sententias
2721 2455 2873 2532 per-

656 2563 861 2645 gunt,
935 2563 1138 2646 atque
1200 2547 1371 2620 adeo
1436 2547 1793 2634 damnare,
1849 2572 2023 2647 quae
2078 2546 2543 2646 probabiliter,
2598 2564 2667 2622 et
2712 2574 2870 2623 vere

654 2659 838 2733 dicta
879 2675 1068 2747 sunt,
1116 2676 1257 2733 tum
1301 2684 1424 2733 nos
1473 2660 1740 2759 quiete,
1779 2677 1846 2733 et
1880 2661 2143 2736 silentio
2177 2660 2355 2736 taciti
2391 2661 2651 2737 illorum
2701 2660 2871 2738 stul-

656 2772 871 2849 titiam
895 2830 911 2861 ,
953 2773 1445 2875 amentiamque
1476 2773 1880 2849 videbimus.
1912 2776 2292 2851 Concedant
2324 2777 2420 2850 illi
2448 2833 2463 2866 ,
2503 2804 2713 2851 unum
2750 2806 2869 2879 pro

658 2887 863 2962 altero
927 2901 1417 2961 sacramentum
1484 2915 1748 2962 sumere
1782 2948 1797 2977 ,
1862 2915 2014 2964 cum
2063 2917 2185 2991 pro
2233 2888 2440 2965 altero
2503 2893 2856 2965 contrahit.

658 3002 1075 3091 Concedunt,
1148 3018 1560 3078 sacramenta
1607 3003 1855 3077 Christi
1906 3004 2298 3080 absentibus
2347 3005 2799 3082 administrari
2843 3065 2859 3096 ‚

657 3118 1047 3217 eisdemque
1120 3116 1402 3215 gratiam
1467 3117 1767 3192 conferre
1835 3134 1901 3191 et
1964 3135 2235 3219 peccata
2304 3120 2658 3194 remittere.
2732 3124 2867 3197 Nos

655 3234 834 3307 enim
857 3293 872 3322 ,
927 3233 1244 3337 quoniam
1298 3232 1464 3306 haec
1512 3231 1806 3306 absurda
1855 3248 2047 3320 sunt,
2087 3235 2451 3309 concedere
2485 3236 2706 3334 potius
2747 3262 2864 3310 vo-

658 3345 913 3436 lumus,
968 3346 1299 3422 eiusmodi
1333 3361 1744 3435 contractus,
1785 3346 1902 3447 qui
1940 3347 2110 3419 inter
2141 3347 2449 3422 absentes
2484 3347 2869 3445 transigun-

658 3476 800 3551 tur,
859 3462 1281 3536 matrimonia
1331 3461 1603 3564 quidem
1649 3461 2000 3535 verissima
2034 3486 2219 3550 esse,
2259 3486 2416 3537 vera
2449 3479 2866 3537 sacramenta

659 3577 842 3653 nullo
890 3578 1160 3653 modo.»

803 3693 997 3779 Quod
1047 3678 1108 3768 si
1157 3690 1441 3767 ecclesia
1500 3691 1625 3767 hos
1676 3693 1769 3765 ita
1817 3691 2203 3767 coniunctos
2253 3718 2384 3767 non
2434 3710 2626 3791 urget
2672 3718 2866 3794 prae-

657 3823 848 3906 cepto
900 3825 974 3882 ut
1020 3836 1096 3884 se
1143 3832 1364 3883 coram
1425 3806 1767 3891 sacerdote
1833 3809 2108 3896 sistant,
2166 3823 2240 3881 ut
2287 3834 2409 3909 per
2454 3810 2604 3883 eius
2665 3810 2865 3884 bene·-

656 3921 1012 3996 dictionem
1061 3936 1547 3998 sacramentum
1587 3922 1960 4022 suscipiant
2005 3923 2416 4023 gratiamque
2447 3948 2865 4024 consequan-

658 4050 797 4125 tur,
854 4036 1106 4138 duplici
1155 4039 1223 4112 id
1270 4065 1353 4112 ex
1402 4062 1608 4111 causa
1658 4039 1864 4136 repeti
1915 4038 2144 4124 debet3
2210 4052 2348 4110 tum
2406 4062 2645 4137 nempe
2701 4039 2863 4138 quia

658 4152 1105 4226 controversia
1153 4154 1373 4227 adhuc
1419 4151 1601 4252 viget
1645 4154 1818 4226 inter
1864 4153 2206 4251 theologos
2255 4178 2415 4226 num
2450 4155 2518 4226 in
2554 4154 2663 4228 his
2714 4180 2865 4227 con-

657 4266 863 4365 iugiis
898 4265 1064 4339 ratio
1094 4268 1491 4344 sacramenti
1541 4267 1951 4342 admittenda
1985 4269 2104 4356 sit,
2147 4268 2298 4344 aliis
2332 4267 2853 4365 refragantibus,

659 4382 813 4459 aliis
836 4404 995 4459 vero
1017 4382 1540 4472 affirmantibus3
1574 4408 1713 4482 quo
1737 4381 2058 4459 existente
2088 4384 2471 4483 opinionum
2507 4382 2850 4468 conflictu,
