3276 5083
704 474 839 522 mr.
864 470 932 522 11.
960 471 1038 523 »ιε
1074 464 1263 523 uum
1298 472 1422 523 civ.
1458 472 1622 525 omo.
1662 468 1744 524 er
1772 466 1991 526 moon.
2026 479 2163 525 Amr.
2202 477 2268 525 ιι.
2476 450 2609 523 273

412 589 543 689 ipsi
593 591 826 662 sectati
877 607 1035 662 sunt
1102 592 1279 662 circa
1328 592 1660 688 coniugia.
1720 592 1979 664 Etenim
2022 593 2151 690 ipsi
2205 618 2283 662 ex
2338 592 2614 688 praesti-

412 719 553 775 tuta
600 702 903 776 doctrina
936 703 1021 775 de
1055 692 1475 777 matrimonio
1514 703 1912 790 christiano,
1952 703 2131 803 quod
2177 700 2610 802 spectandum

413 819 504 889 sit
538 833 612 889 ut
658 816 878 891 civilis
929 833 1305 890 contractus
1356 845 1397 889 a
1445 817 1590 915 lege
1637 819 1961 918 principis
2010 816 2444 916 dependens,
2503 844 2615 891 co-

413 930 679 1004 rollaria
729 932 1023 1030 practica
1070 930 1517 1018 deduxerunt,
1573 958 1748 1029 quae
1798 932 1867 1002 in
1917 957 1996 1003 ea
2044 930 2493 1004 includuntur.
2533 931 2616 1002 Et

414 1068 576 1117 sane
609 1061 913 1118 auctores
965 1045 1234 1116 fuerunt
1281 1046 1740 1145 principibus:

553 1160 775 1231 Primo
826 1174 901 1231 ut
948 1157 1290 1231 tolleretur
1345 1185 1383 1229 a
1430 1160 1852 1232 matrimonio
1902 1158 2282 1231 omnimoda
2331 1159 2449 1231 illa
2502 1159 2616 1232 fir-

409 1266 607 1345 mitas
631 1331 646 1359 ‚
702 1300 875 1371 quae
925 1274 1248 1345 hactenus
1300 1273 1602 1368 viguerat
1645 1268 1714 1343 in
1758 1271 2040 1345 ecclesia
2078 1273 2426 1346 catholica.
2464 1272 2616 1345 Plu—

410 1410 517 1457 res
567 1385 747 1459 illico
797 1378 1227 1483 assignarunt
1273 1384 1536 1459 divortii
1588 1387 1858 1484 perfecti
1907 1412 2183 1473 causaS,
2231 1385 2611 1458 cuiusmodi

411 1514 569 1571 sunt
609 1493 1002 1573 adulterium
1031 1559 1047 1587 ,
1097 1493 1403 1573 affectata
1436 1502 1744 1597 coniugis
1783 1499 2124 1587 absentia,
2176 1502 2426 1577 crimen
2462 1499 2616 1572 hae-

410 1616 585 1687 resis
641 1620 817 1710 (suo
861 1615 1093 1702 modo,
1136 1631 1209 1687 ut
1242 1631 1452 1714 patet,
1511 1614 1884 1687 intellectae
1918 1640 1997 1686 ac
2030 1612 2438 1707 iudicatae),
2482 1640 2615 1686 mo-

406 1725 574 1800 lesta
624 1729 1065 1814 cohabitatio,
1107 1728 1413 1826 aliaeque
1463 1727 1794 1800 eiusmodi
1851 1729 2026 1821 (27).

548 1841 799 1914 Harum
850 1868 1047 1941 porro
1097 1867 1451 1914 causarum
1493 1841 1988 1913 discussionem
2023 1857 2088 1912 et
2123 1841 2443 1913 iudicium
2480 1868 2615 1913 ma-

405 1983 538 2053 gna
590 1957 822 2029 saltem
874 1983 955 2028 ex
1005 1972 1194 2053 parte
1244 1955 1644 2043 dimiserunt
1691 1955 2193 2051 magistratibus
2244 1981 2364 2027 seu
2404 1954 2616 2027 tribu-

408 2072 675 2143 nalibus
741 2072 1105 2157 civilibus3
1177 2097 1351 2171 quae
1412 2071 1684 2169 quidem
1748 2096 1993 2143 causae
2044 2070 2227 2143 iuxta
2274 2070 2614 2144 doctorum

406 2186 914 2284 protestantium
971 2188 1192 2260 varias
1253 2187 1616 2259 sententias
1682 2186 2042 2273 coarctari,
2102 2203 2218 2257 aut
2265 2185 2612 2259 indefinite

406 2300 671 2372 extendi
724 2317 1029 2400 possunt.
1090 2300 1347 2372 Exinde
1381 2301 1486 2384 fit,
1527 2298 1784 2371 ut‘cum
1821 2299 2148 2372 eiusmodi
2199 2324 2443 2371 causae
2478 2300 2615 2371 sint

408 2415 577 2488 adeo
631 2416 1036 2514 expansivae
1071 2442 1191 2513 pro
1234 2414 1551 2513 qualitate
1604 2441 1726 2486 seu
1774 2412 2154 2486 conditione
2211 2413 2615 2487 contenden-

406 2531 609 2616 tium,
670 2557 791 2629 pro
843 2530 1139 2602 iudicum
1192 2530 1543 2602 severitate
1594 2545 1709 2601 aut
1758 2528 2200 2624 benignitate,
2245 2544 2317 2600 ut
2360 2529 2614 2628 passim

404 2644 911 2732 dissolutioneS,
968 2671 1086 2718 seu
1129 2645 1419 2743 perfecta
1466 2643 1750 2717 divortia
1790 2643 2231 2716 decernantur
2256 2701 2270 2730 ,
2313 2643 2492 2741 quod
2528 2643 2609 2717 ex'

408 2761 539 2832 iam
579 2761 797 2833 allatis
843 2761 1264 2833 documentis
1310 2758 1766 2844 ostendimuS,
1806 2775 1873 2830 et
1905 2756 2103 2830 latius
2140 2758 2362 2830 adhuc
2394 2757 2616 2831 osten·

406 2875 676 2962 demuS,
720 2901 871 2947 cum
908 2901 1127 2948 sermo
1162 2876 1286 2946 erit
1325 2875 1393 2944 in
1430 2873 1620 2946 tertio
1671 2871 1842 2945 libro
1890 2871 1976 2942 de
2027 2871 2615 2946 indissolubilitate

408 2985 808 3061 matrimonii
836 2992 979 3084 (28)
999 3048 1011 3059 .
1034 2990 1158 3060 Hic
1184 2989 1473 3061 contenti
1502 2987 1752 3059 erimus
1771 2985 2317 3073 animadvertere,
2343 2987 2523 3085 quod
2543 2988 2612 3058 in

408 3102 748 3174 Britannia
767 3160 783 3189 ,
816 3103 931 3174 ubi
960 3104 1256 3175 severior
1279 3102 1384 3173 lex
1412 3100 1734 3172 hactenus
1773 3101 1980 3196 viguit
2012 3100 2191 3173 circa
2215 3100 2570 3173 divortium
2589 3160 2604 3188 ,

553 3342 651 3403 (27)
673 3345 741 3392 Ex
759 3342 1132 3405 antiquioribus,
1150 3343 1235 3405 qui
1257 3342 1444 3391 licitum
1468 3342 1607 3390 extra
1630 3339 1855 3390 adulterii
1877 3352 2074 3389 causam
2093 3339 2361 3390 divortium
2378 3339 2623 3390 adstruxe-

412 3422 552 3482 runt,
583 3422 797 3471 eminent
829 3422 954 3472 inter
983 3422 1307 3484 protestantes
1329 3422 1427 3469 Leo
1449 3418 1596 3468 iudae
1614 3418 1665 3468 in
1685 3418 1904 3482 epistolis
1919 3453 1934 3480 ‚
1955 3430 2080 3480 quae
2097 3417 2160 3466 ed
2180 3417 2362 3467 calcem
2383 3416 2504 3465 tomi
2527 3418 2615 3466 111.
2701 3415 2719 3423 '

414 3505 605 3550 Rerum
640 3501 1094 3551 alemannicarum
1128 3498 1349 3549 Goldasti
1382 3498 1647 3559 habentur3
1678 3499 1892 3548 Bucerus
1921 3496 1984 3547 de
2005 3510 2104 3559 quo
2131 3496 2253 3546 alias
2280 3496 2517 3558 dixinms5
2540 3497 2612 3544 lo.

407 3580 651 3630 Miltonns
675 3582 726 3629 et
755 3583 948 3630 Marcus
961 3582 1073 3629 Ant.
1095 3583 1166 3629 De
1188 3577 1410 3628 Dominis
1429 3577 1479 3626 in
1498 3577 1679 3640 scripto
1701 3576 1762 3627 de
1785 3576 2116 3638 matrimonio,
2137 3575 2200 3625 de
2216 3589 2315 3639 quo
2337 3575 2543 3626 Bzovius
2565 3573 2616 3623 in

406 3657 653 3710 annalib.
687 3658 1019 3709 ecclesiastic.
1045 3659 1108 3708 ad
1142 3672 1224 3708 an.
1255 3661 1387 3708 1479.
1430 3670 1480 3705 n.
1512 3663 1587 3707 20.
1622 3655 1889 3706 Salmasius
1922 3659 1998 3706 De
2037 3658 2268 3706 foenore
2312 3655 2616 3717 trapezium

404 3745 683 3802 palo-³16.
703 3739 753 3787 et
770 3740 1013 3801 Scriptum
1033 3738 1242 3787 Londini
1270 3741 1404 3787 1715.
1425 3736 1613 3785 editum
1633 3737 1715 3785 cui
1740 3737 1814 3785 tit.
1836 3739 1912 3786 on
1931 3748 2078 3798 essen
2101 3748 2242 3798 upon
2265 3734 2615 3784 divor-comen!

406 3819 613 3868 tor-illan
632 3815 732 3877 sor
750 3814 836 3865 tlte
853 3815 986 3878 qood
1007 3815 1071 3876 of
1088 3816 1208 3866 boch
1240 3826 1403 3865 sexes.
1422 3813 1499 3863 cs.
1522 3813 1669 3863 etiam
1697 3813 1817 3862 Iabn
1835 3812 2210 3875 Archaeoloyto
2229 3810 2453 3862 Biblica.
2474 3810 2619 3864 vien-

410 3910 500 3946 nae
524 3899 661 3946 1814.

549 3975 651 4038 (28)
681 3975 885 4024 Interim
909 3975 1077 4023 notatu
1100 3974 1302 4038 dignum
1325 3976 1401 4023 est
1415 4009 1429 4034 ‚
1456 3971 1578 4022 adeo
1598 3972 1863 4022 invaluisse
1882 3985 1941 4022 ac
1965 3973 2260 4022 invalescere
2281 3973 2331 4021 in
2356 3974 2620 4021 Germania

408 4057 617 4107 facilitas
636 4054 991 4116 divortiorum,
1016 4054 1137 4103 utin
1163 4053 1349 4116 synodo
1371 4053 1669 4115 protestante
1702 4051 2104 4101 francofordiensi
2133 4052 2261 4101 serio
2281 4053 2445 4102 actum
2467 4051 2618 4101 tuerit

405 4137 469 4186 de
487 4135 763 4187 revocanda
781 4135 834 4183 in
848 4135 1031 4184 statum
1056 4132 1314 4195 pristinum
1333 4130 1764 4182 indissolubilitate
1785 4131 2015 4192 coniugii.
2037 4132 2124 4180 Ast
2138 4131 2189 4180 hi
2204 4133 2429 4192 conatus,
2450 4130 2613 4193 quoad

405 4217 727 4279 protestantes
753 4214 859 4265 sine
879 4213 1186 4273 auctoritate,
1209 4212 1407 4262 inutiles
1429 4223 1627 4274 prorsus
1649 4211 1779 4260 sunt.
1804 4210 1881 4260 Cr.
1908 4212 2127 4260 Univers
2150 4217 2224 4262 1³.
2243 4211 2454 4261 octobre
2474 4213 2622 4263 1854..

407 4307 614 4357 canoque
638 4308 722 4345 ιιι.
748 4299 883 4345 1857.
909 4293 1086 4344 iterum
1110 4291 1160 4341 in
1184 4291 1392 4342 comitiis
1412 4291 1575 4341 actum
1597 4289 1745 4340 tuerit
1765 4290 1827 4340 de
1857 4289 2139 4340 coercendis
2171 4290 2333 4341 musis
2372 4289 2612 4350 divortii,

409 4387 489 4425 rec
528 4375 706 4426 iterum
749 4375 927 4426 insecta
967 4375 1055 4424 eet.

2456 4479 2521 4528 18
