3276 5083
659 356 797 428 434
1055 377 1175 429 un.
1216 379 1263 428 1.
1304 376 1476 428 secr.
1519 375 1778 427 urm.
1819 376 1900 426 nr.
1934 376 2196 427 namn.
2228 374 2442 427 cmm.

655 523 808 572 cum
858 497 953 569 ita
1001 496 1174 583 sint,
1227 494 1428 595 plane
1475 494 1937 594 consequitur,
1969 494 2030 567 si
2057 519 2193 595 qua
2225 494 2394 567 inita
2426 492 2681 567 fuerint
2712 518 2930 568 oon-

657 613 839 710 ingia
870 637 1051 688 mere
1075 610 1301 685 civilia
1320 668 1337 698 ,
1368 609 1488 685 illa
1520 636 1656 685 non
1689 609 2094 684 constituere
2127 609 2261 683 nisi
2296 636 2521 682 verum
2545 635 2628 683 ac
2651 625 2934 683 ratum

656 727 1169 803 concubinatum
1187 785 1203 813 ,
1262 752 1502 826 nempe
1549 725 2066 800 concubinatum
2136 725 2407 824 leqolem
2469 724 2926 799 deteriorem

658 841 1105 918 concubinatu
1144 841 1438 939 vulgari,
1487 840 1723 915 saltem
1766 840 1989 940 quoad
2022 838 2330 915 effectus.
2365 840 2533 913 Nam
2565 840 2690 939 qui
2723 865 2921 914 ver-

660 975 895 1033 santur
934 957 1005 1029 in
1039 955 1331 1056 simplici
1381 955 1828 1030 concubinatu
1854 1013 1870 1043 ,
1929 971 2172 1029 norunt
2219 980 2301 1029 ac
2351 955 2748 1055 profitentur
2808 982 2917 1030 se

660 1073 836 1147 male
887 1096 1118 1169 agere,
1167 1087 1367 1171 atque
1412 1086 1487 1144 ut
1534 1070 1898 1170 plurimum
1948 1071 2391 1171 resipiscunt3
2438 1086 2668 1144 contra
2714 1096 2911 1145 vero

662 1187 778 1287 qui
823 1187 893 1259 in
934 1185 1377 1261 concubinatu
1408 1184 1606 1283 legali
1657 1186 1891 1259 vivunt
1935 1186 2215 1260 contecti
2265 1186 2671 1260 matrimonii
2727 1186 2908 1285 pal-

662 1302 754 1377 lio
776 1358 794 1388 ,
848 1301 1095 1374 iactant
1143 1324 1218 1375 se
1267 1300 1689 1375 matrimonio
1742 1325 1894 1374 esse
1941 1301 2332 1375 coniunctos
2353 1358 2369 1387 ,
2425 1326 2639 1400 eoque
2687 1301 2903 1377 iuxta

664 1417 1121 1490 adversarium
1166 1440 1315 1489 vero
1363 1441 1444 1490 ac
1495 1416 1808 1514 leqitimo,
1850 1415 2153 1515 adeoque
2185 1415 2383 1514 longe
2414 1416 2768 1491 difficilius
2806 1444 2901 1492 se

666 1530 753 1603 ab
786 1530 1116 1604 eiusmodi
1167 1528 1452 1602 nexibus
1500 1531 1846 1603 extr-icant.

812 1645 888 1715 In
939 1668 1019 1717 eo
1068 1667 1228 1717 vero
1251 1700 1268 1729 ,
1323 1642 1505 1743 quod
1572 1642 1819 1716 adiecit
1868 1658 2089 1717 orator
2110 1701 2126 1730 ‚
2185 1642 2436 1716 nullam
2495 1642 2736 1719 haberi
2792 1646 2892 1719 le—

669 1784 812 1856 qem
853 1758 997 1832 sive
1047 1757 1346 1831 divinam
1398 1758 1542 1832 sive
1590 1756 1959 1830 humanam
1991 1814 2009 1845 ,
2066 1784 2241 1858 quae
2297 1760 2670 1859 praecipiat
2719 1787 2894 1835 con-

673 1898 943 1946 cursum
979 1873 1378 1946 sacramenti
1420 1872 1505 1945 ad
1538 1871 1831 1947 valorem
1867 1872 2207 1972 coniugii,
2249 1874 2635 1973 reponimus
2660 1878 2891 1974 primo

673 1986 889 2085 legem
939 1986 1114 2061 hanc
1165 1986 1399 2060 haberi
1438 1987 1508 2061 in
1556 1986 1821 2061 decreto
1864 1986 2130 2061 concilii
2171 1986 2555 2074 tridentini,
2604 2014 2742 2088 quo
2793 1991 2892 2063 ir-

672 2103 957 2176 ritantur
1004 2102 1429 2177 matrimonia
1476 2103 1704 2176 omnia
1753 2129 1887 2176 non
1928 2101 2262 2176 celebrata
2303 2103 2488 2176 iuxta
2520 2104 2808 2177 sormam
2843 2131 2892 2179 a

673 2246 750 2292 se
796 2218 1279 2318 praescriptam
1341 2216 1747 2316 ubicumque
1798 2218 2135 2292 decretum
2197 2218 2362 2293 illud
2413 2219 2611 2293 fuerit
2658 2220 2893 2321 publi-

530 2377 555 2388 =
674 2351 921 2409 catum.
980 2333 1386 2433 Reponimus
1433 2333 1709 2405 secundo
1762 2334 1999 2407 iterum
2041 2334 2218 2408 hanc
2259 2334 2473 2433 legem
2525 2332 2759 2409 haberi
2814 2338 2887 2409 in

676 2449 1102 2523 anathemate
1149 2447 1407 2550 prolato
1449 2447 1536 2521 ab
1585 2447 1821 2522 eodem
1872 2448 2159 2524 concilio
2205 2450 2275 2523 in
2324 2474 2440 2525 eos
2490 2452 2610 2552 qui
2676 2478 2886 2551 nega-

673 2567 890 2640 verint
914 2590 1064 2638 esse
1097 2590 1253 2637 vera
1286 2579 1353 2638 et
1386 2579 1574 2649 rota,
1616 2564 1795 2640 idest
1842 2583 2258 2640 sacramenta
2283 2624 2299 2653 ‚
2354 2566 2666 2666 coniugia
2705 2565 2890 2642 clan-

678 2679 944 2753 destina
970 2737 986 2767 ‚
1035 2679 1358 2779 quamdiu
1411 2679 1697 2755 ecclesia
1746 2680 1932 2754 irrita
1978 2706 2059 2755 ea
2109 2708 2244 2757 non
2293 2682 2546 2757 fecerit.
2593 2684 2883 2784 Reponi-

676 2821 829 2866 mus
883 2796 1064 2867 tertio
1115 2796 1562 2869 necessariam
1615 2821 1752 2870 non
1802 2821 1955 2870 esse
2004 2796 2220 2894 legem
2286 2796 2584 2898 aliquam
2637 2799 2881 2873 afferre

676 2908 836 2981 dum
881 2907 968 2981 de
1017 2932 1097 2980 eo
1146 2910 1407 3007 agitur,
1485 2910 1667 3010 qu‘od
1733 2910 1944 2984 oritur
1992 2937 2072 2984 ex
2124 2912 2276 3012 ipsa
2322 2913 2418 2985 rei
2468 2928 2753 3002 natura;
2807 2931 2885 2988 ut

676 3012 745 3095 in
795 3048 958 3096 casu
1009 3040 1235 3099 nostro
1286 3025 1355 3097 in
1404 3051 1539 3125 quo
1588 3041 1968 3101 contractus
2015 3042 2083 3100 et
2132 3046 2621 3103 sacramentum
2672 3055 2882 3102 unum

677 3137 989 3238 idemque
1032 3164 1261 3212 revera
1310 3155 1507 3227 sunt,
1554 3140 1647 3213 ita
1694 3155 1768 3213 ut
1815 3167 1992 3215 unus
2043 3142 2193 3215 sine
2240 3141 2448 3217 altero
2496 3142 2732 3216 haberi
2768 3169 2880 3217 ne-

676 3268 925 3352 queat,
982 3278 1064 3326 ac
1111 3253 1170 3328 si
1223 3252 1501 3328 alterum
1553 3254 1731 3330 desit
1787 3254 2067 3329 alterum
2117 3256 2359 3332 abesse
2423 3284 2699 3333 necesse
2755 3258 2870 3334 sit.

680 3365 855 3472 Hinc
920 3385 1201 3465 negatur
1265 3369 1665 3469 hypothesis
1738 3370 2104 3444 adversarii
2151 3371 2221 3443 in
2273 3398 2410 3471 qua
2460 3374 2608 3474 ipse
2681 3399 2876 3447 assu-

674 3482 795 3555 mit
829 3483 1133 3583 possein
1176 3484 1503 3583 coniugiis
1552 3484 1939 3560 christianis
1992 3503 2401 3562 contractum
2452 3488 2873 3587 coniugalem

673 3596 954 3672 existere
978 3600 1129 3674 sine
1152 3618 1604 3688 sacramento;
1637 3617 1706 3675 et
1730 3602 1950 3676 denuo
1975 3602 2438 3679 concludimus
2462 3621 2872 3680 contractum

674 3739 855 3786 mere
903 3714 1164 3787 civilem
1217 3742 1346 3790 non
1387 3741 1539 3789 esse
1576 3731 1983 3790 contractum
2018 3716 2489 3792 connubialem
2514 3776 2529 3806 ‚
2571 3719 2691 3793 sed
2726 3744 2879 3793 con·

673 3830 1051 3905 ventionem
1102 3829 1188 3904 ad
1236 3831 1750 3906 concubinatum
1803 3832 2198 3907 ineundum.

814 3945 1074 4019 Exinde
1138 3962 1316 4047 patet
1370 3946 1613 4021 falsum
1665 3974 1817 4024 esse
1877 3947 2297 4024 corollarium
2330 4008 2346 4037 ,
2404 3949 2586 4049 quod
2652 3966 2869 4025 orator

670 4059 943 4135 deducit
990 4088 1072 4135 ex
1120 4061 1309 4138 salsis
1360 4063 1713 4164 principiis
1739 4121 1755 4152 ,
1812 4063 1882 4137 id
1932 4080 2075 4153 est,
2132 4091 2351 4165 neque
2383 4081 2727 4165 oportere,
2759 4091 2872 4138 ne-

670 4201 802 4277 que
859 4176 1096 4251 decere
1143 4195 1217 4251 ut
1266 4177 1371 4251 lex
1420 4178 1641 4253 civilis
1707 4194 1927 4253 actum
1994 4178 2377 4278 religiosum
2428 4180 2498 4252 in
2554 4180 2868 4281 coniugio

669 4295 1081 4398 praescribat
1127 4300 1246 4370 sub
1288 4325 1498 4396 poena
1548 4298 1914 4384 nullitatis;
1970 4325 2122 4371 nam
2187 4299 2457 4375 omnino
2507 4300 2746 4386 decet,
2799 4316 2877 4372 ut
