3276 5083
680 432 816 504 316
1062 449 1183 506 tm.
1228 455 1272 506 ι.
1317 452 1489 506 sscr.
1534 456 1798 506 Atrum.
1847 457 1927 506 ns
1965 455 2226 507 nram.
2271 452 2484 506 cmm.

674 599 829 671 gere
855 631 871 660 ,
912 574 1189 646 minime
1236 599 1394 647 vero
1444 571 1596 647 illos
1650 599 1923 674 quoquo
1972 572 2171 646 modo
2221 572 2661 658 labefactare,
2699 570 2899 646 emol-

675 687 826 776 lire,
885 703 1085 786 atque
1131 713 1579 787 corrumpere.
1625 689 1756 760 Lex
1782 746 1798 775 ,
1855 712 2031 787 quae
2080 687 2344 761 substat
2389 687 2691 761 moribus
2717 745 2733 773 ,
2776 711 2896 760 seu

675 803 760 874 iis
797 801 1072 874 inferior
1104 817 1207 874 est
1233 858 1248 887 ,
1289 801 1541 876 deserit
1581 817 1926 874 aeternum
1962 799 2737 898 officiumlegislatoris,
2781 800 2894 900 qui

674 915 1014 1015 applicare
1064 916 1362 987 animum
1411 915 1636 1002 debet,
1697 934 1772 988 ut
1821 916 2004 989 cives
2056 915 2366 989 meliores
2419 915 2620 1002 fiant,
2680 915 2898 988 nulla-

672 1048 866 1105 tenus
925 1031 1313 1105 deteriores.
1376 1033 1507 1105 Lex
1568 1033 1748 1105 enim
1799 1032 1885 1104 ad
1938 1032 2151 1105 instar
2217 1031 2678 1104 lucidissimae
2728 1030 2896 1104 facis

667 1172 825 1220 esse
852 1144 1084 1233 debet,
1118 1172 1293 1245 quae
1318 1162 1592 1244 praeeat
1626 1146 2013 1220 nationibus
2053 1146 2288 1245 eisque
2336 1145 2516 1217 viam
2554 1144 2898 1219 collustret

669 1288 753 1336 ac
799 1277 1310 1349 commonstret,
1377 1277 1452 1334 ut
1508 1279 1653 1336 tuto
1712 1262 2060 1347 incedant,
2115 1278 2183 1335 et
2233 1260 2771 1361 progrediantur.
2813 1260 2897 1333 At

673 1376 777 1450 lex
813 1377 945 1449 ista
987 1375 1351 1476 retropellit
1383 1402 1660 1451 causam
1695 1377 1914 1452 civilis
1942 1376 2196 1463 cultus,
2238 1392 2440 1476 atque
2487 1375 2886 1449 honestatis.

668 1492 955 1566 Etiamsi
987 1517 1207 1566 mores
1234 1491 1320 1564 ad
1348 1508 1612 1592 tempus
1641 1494 2031 1567 resisterent
2056 1492 2394 1591 pessimae
2418 1490 2590 1588 legis
2607 1488 2896 1565 oblecta-

668 1625 895 1682 mento
921 1664 937 1694 ,
995 1607 1402 1705 pedetentim
1454 1623 1677 1680 tamen
1729 1607 2021 1708 populus
2057 1607 2235 1681 cedit
2267 1607 2580 1705 propriae
2623 1605 2896 1678 infirmi-

667 1722 791 1794 tati
844 1746 924 1794 ac
974 1720 1404 1819 propensioni
1428 1777 1445 1807 ,
1485 1720 1796 1820 adeoque
1840 1719 1946 1794 lex
1987 1746 2254 1820 semper
2303 1721 2472 1794 foret
2521 1720 2893 1821 improvida

666 1851 871 1935 atque
920 1834 1214 1908 funesta.

814 1950 989 2023 Sane
1031 1949 1255 2023 fatalis
1305 1950 1636 2025 eiusmodi
1703 1950 2096 2051 depravatio
2146 1978 2228 2026 ac
2277 1952 2705 2049 degeneratio
2752 1975 2897 2024 cre-

671 2082 888 2139 sceret
919 2065 990 2137 in
1023 2065 1196 2139 dies.
1240 2066 1410 2140 Data
1443 2068 1987 2167 opportunitate,
2029 2068 2339 2143 licentiae
2382 2085 2645 2143 torrens
2694 2093 2895 2140 exun-

669 2179 841 2252 dans
891 2205 972 2253 ac
1022 2195 1287 2254 tumens
1321 2180 1713 2280 repagulum
1749 2207 1947 2257 omne
1983 2200 2333 2283 superaret
2366 2209 2448 2257 ac
2481 2182 2683 2283 plane
2715 2207 2895 2256 ever-

670 2312 883 2384 teret,
940 2312 1142 2396 atque
1192 2322 1344 2371 sese
1393 2297 1893 2397 quodammodo
1942 2298 2316 2372 effunderet
2365 2313 2723 2397 rueretque
2772 2321 2892 2395 per

666 2412 915 2484 exitum
942 2468 958 2497 ,
1015 2436 1215 2511 quem
1266 2412 1326 2484 ei
1384 2411 1731 2510 legislator
1781 2412 2174 2512 imprudens
2226 2413 2642 2512 aperuisset,
2701 2412 2892 2484 inun-

666 2523 990 2626 daretque
1038 2525 1183 2599 suis
1232 2523 1682 2601 alluvionibus
1735 2526 2122 2602 societatem
2157 2526 2243 2602 ob
2280 2526 2619 2626 stupidam
2674 2526 2892 2599 incre·

666 2639 1078 2739 dibilemque
1141 2665 1370 2713 eorum
1430 2641 1946 2740 imprudentiam
1974 2701 1990 2729 ‚
2048 2643 2164 2741 qui
2219 2659 2441 2714 tamen
2492 2640 2893 2715 defensores

668 2753 1009 2827 societatis
1069 2751 1351 2825 audiunt
1407 2755 1586 2849 (17).
1635 2753 2067 2853 Antipolitica
2126 2755 2326 2851 igitur
2381 2753 2639 2826 censeri
2690 2751 2899 2829 debet

667 2866 773 2940 lex
835 2868 964 2940 ista
988 2923 1003 2952 ,
1060 2892 1237 2966 quae
1298 2884 1491 2941 nocet
1539 2868 1708 2942 adeo
1754 2894 2013 2942 morum
2065 2869 2468 2965 integritati,
2522 2894 2896 2968 eorumque

666 2981 1162 3080 corruptionem
1207 2995 1512 3081 potenter
1559 2982 1728 3055 adeo
1779 2982 2217 3055 obsecundat.

817 3097 1084 3183 Quinto.
1127 3098 1273 3171 Non
1310 3113 1413 3171 est
1447 3097 1627 3196 quod
1666 3097 1973 3197 pluribus
2027 3123 2511 3198 persequamur
2530 3157 2545 3185 ,
2590 3123 2766 3198 quae
2798 3098 2887 3171 ad

665 3210 1109 3296 evincendum
1145 3228 1568 3311 assumptum
1595 3212 1681 3284 de
1707 3211 1853 3310 lege
1881 3212 2293 3313 antipolitica
2326 3214 2548 3288 civilis
2585 3213 2886 3310 coniugii

665 3327 902 3425 quinto
928 3326 1074 3401 loco
1102 3328 1453 3427 posuimus
1487 3328 1572 3402 de
1606 3328 2059 3403 destructione
2085 3355 2325 3428 nempe
2351 3329 2647 3403 familiae
2671 3354 2750 3402 ac
2776 3353 2888 3401 so-

665 3441 956 3529 cietatis,
989 3469 1165 3540 quae
1189 3470 1271 3517 ex
1298 3470 1378 3516 ea
1405 3460 1644 3543 sponte
1668 3443 1873 3517 veluti
1902 3470 2027 3515 sua
2052 3444 2359 3530 oriretur,
2392 3460 2546 3544 post
2570 3470 2676 3530 ea,
2709 3468 2887 3543 quae

663 3559 973 3658 superius
1026 3558 1155 3632 hoc
1208 3557 1294 3631 de
1345 3575 1741 3656 argumento
1791 3558 2112 3630 diximus.
2169 3559 2408 3631 Paucis
2460 3574 2683 3633 tamen
2734 3583 2886 3657 per-

662 3673 1011 3771 stringam,
1061 3699 1236 3773 quae
1287 3674 1422 3748 huc
1470 3674 1873 3747 reseruntur.
1918 3675 1993 3745 In
2032 3673 2328 3747 familiae
2362 3674 2882 3747 destructionem

661 3789 796 3860 vim
849 3815 1043 3863 suam
1093 3806 1353 3863 exercet
1402 3792 1613 3863 maior
1666 3789 1952 3864 facilitas
2005 3788 2518 3877 dissolutionis,
2575 3815 2751 3888 quae
2804 3789 2875 3858 in

662 3904 996 3978 connubio
1040 3931 1219 3979 mere
1258 3905 1441 3978 civili
1492 3905 1813 3991 habetur;
1854 3907 1990 3978 vim
2027 3921 2287 3978 exercet
2322 3906 2542 3978 minor
2575 3904 2874 3990 dilectio,

658 4043 833 4116 quae
881 4019 949 4089 in
1004 4018 1117 4091 tali
1169 4020 1636 4093 coniunctione
1689 4037 1839 4118 post
1888 4019 2197 4119 elapsum
2263 4020 2535 4119 aliquod
2612 4035 2883 4117 tempus

659 4132 883 4228 vigere
932 4136 1313 4221 consuevit;
1359 4134 1494 4208 vim
1531 4152 1792 4208 exercet
1831 4127 2209 4208 animorum
2263 4135 2623 4209 dissensus
2676 4134 2880 4210 etiam

805 4410 906 4473 (η)
933 4410 1011 4460 cr.
1033 4410 1210 4460 sauzet
1226 4421 1310 4473 op.
1326 4410 1410 4459 cit.
1430 4408 1727 4474 squamus
1756 4412 1852 4462 etc.
1878 4423 1986 4474 pag.
2017 4418 2075 4463 22
2098 4423 2237 4474 seqq.
