3276 5083
739 388 873 456 430
1122 409 1244 457 ιιι.
1288 409 1332 456 1.
1376 407 1550 457 secr.
1596 406 1856 457 nram.
1902 408 1978 456 nr.
2031 408 2294 458 uranu.
2339 408 2553 460 civim.

734 553 1057 602 mucenus
1109 528 1327 626 Nuytz
1393 526 1587 598 cuius
1655 551 1972 623 perversa
2022 524 2269 627 placita
2318 528 2478 601 Pius
2528 529 2640 602 lx.
2686 557 2824 606 non
2887 535 3008 608 ita

731 644 989 746 pridem
1044 642 1434 716 solemniter
1480 641 1829 715 damnavit
1882 643 2109 737 (115).
2160 642 2351 717 Addo
2393 643 2770 719 doctrinam
2824 676 3000 749 qua

731 761 1016 835 traditur
1065 759 1565 832 matrimonium
1618 757 1801 829 iuxta
1842 755 2025 855 leges
2074 757 2610 860 uniuscuiusque
2661 764 3002 861 regionis

731 876 1163 962 celebratum,
1199 875 1511 975 quamvis
1547 873 1936 946 destitutum
1966 873 2349 948 charactere
2383 879 2813 964 sacramenti,
2848 906 2998 954 ve·

732 1020 878 1065 rum
913 1017 1065 1065 esse
1100 989 1626 1075 matrimonium,
1655 989 1714 1061 si
1754 1015 1975 1062 sermo
2010 989 2099 1062 sit
2134 988 2219 1063 de
2257 991 2592 1088 coniugiis
2621 992 2980 1083 fidelium,

731 1134 885 1182 esse
933 1106 1308 1182 doctrinam
1361 1104 1599 1178 falsam
1628 1162 1644 1190 ‚
1702 1129 2052 1177 erroneam
2105 1120 2172 1178 et
2223 1105 2796 1181 anticatbolicam.

877 1224 1160 1295 Tantum
1208 1244 1365 1294 vero
1415 1217 1648 1305 abest,
1705 1234 1780 1290 ut
1829 1218 1961 1291 boc
2011 1218 2103 1291 sit
2153 1218 2584 1293 manifestum
2618 1237 2770 1294 ante
2806 1249 2992 1297 oon-

730 1337 959 1412 cilium
1004 1335 1436 1410 tridentinum
1463 1392 1478 1420 ,
1519 1349 1595 1406 ut
1628 1333 1990 1406 concilium
2043 1333 2271 1432 potius
2323 1335 2683 1409 anathema
2716 1337 2988 1414 dixerit

694 1540 700 1547 ⁶
731 1455 799 1527 in
834 1480 951 1528 eos
974 1511 989 1541 ,
1034 1452 1148 1554 qui
1186 1450 1578 1549 negaverint
1620 1449 2049 1521 matrimonia
2083 1449 2506 1524 clandestina
2531 1510 2547 1539 ,
2588 1451 2676 1525 de
2709 1454 2980 1552 quibus

729 1572 1005 1646 disserit
1037 1586 1264 1644 orator
1285 1627 1301 1656 ,
1345 1581 1493 1640 ante
1528 1565 1887 1640 concilium
1921 1592 2077 1638 vera
2111 1579 2171 1637 et
2202 1580 2356 1639 rata
2389 1593 2565 1655 esse,
2599 1567 2668 1639 id
2695 1585 2843 1654 est,
2888 1597 2978 1643 ex

730 1686 1051 1788 loquendi
1104 1685 1433 1759 ecclesiae
1481 1709 1655 1769 usu,
1711 1707 1869 1755 vera
1917 1706 2072 1754 esse
2117 1699 2538 1756 sacramenta
2594 1685 2791 1780 (116)
2828 1743 2844 1772 ,
2906 1705 2980 1759 et

729 1828 810 1875 ex
851 1817 1111 1875 oratore
1173 1800 1327 1897 ipso
1355 1856 1370 1884 ,
1438 1796 1554 1896 qui
1615 1793 1925 1869 concedit
1968 1795 2146 1868 hanc
2188 1822 2345 1870 esse
2395 1797 2974 1894 significationem

726 1915 1136 1989 matrimonii
1187 1916 1345 1986 rati.

878 2030 1052 2104 Hinc
1102 2028 1501 2114 concidunt,
1558 2053 1735 2127 quae
1785 2026 2019 2098 adiicit
2067 2043 2326 2099 orator:
2377 2052 2457 2101 ac
2506 2028 2725 2127 primo
2775 2030 2970 2128 quod

729 2148 789 2221 si
844 2145 1342 2222 matrimonium
1394 2142 1543 2215 sine
1592 2139 1887 2241 parocho
1936 2139 2307 2213 celebretur
2368 2141 2502 2216 illis
2549 2143 2619 2214 in
2670 2142 2840 2217 locis
2897 2147 2971 2216 in

731 2263 983 2365 quibus
1017 2264 1361 2336 decretum
1397 2258 1832 2331 tridentinum
1870 2256 2281 2355 publicatum
2326 2275 2466 2346 est,
2510 2258 2772 2333 nullum
2807 2262 2973 2360 qui-

728 2379 883 2452 dem
939 2379 1066 2463 sit3
1125 2377 1245 2451 sed
1298 2374 1357 2447 si
1411 2373 1612 2446 alicui
1666 2371 1961 2472 principi
2014 2372 2387 2460 catholico,
2441 2391 2638 2472 prout
2689 2375 2760 2445 in
2812 2376 2968 2449 Gal-

732 2493 847 2569 liis
883 2510 948 2568 et
983 2493 1051 2564 in
1088 2488 1315 2589 Belgio
1365 2488 1689 2586 contigit,
1751 2484 2047 2585 placeret
2094 2485 2293 2559 aliam
2340 2488 2621 2562 sormam
2675 2492 2969 2590 praesti·

731 2626 919 2684 tuere
967 2606 1395 2682 matrimonio
1446 2621 1786 2704 tamquam
1837 2604 2244 2690 contractui,
2291 2629 2442 2677 cum
2479 2606 2818 2679 eiusmodi
2852 2605 2964 2680 lex

730 2726 931 2800 fuerit
979 2723 1437 2823 promulgata,
1496 2718 1925 2793 matrimonia
1961 2718 2046 2791 ad
2084 2719 2230 2793 eius
2268 2747 2569 2794 normam
2619 2721 2959 2797 celebrata

726 2866 806 2913 eo
851 2841 1002 2937 ipso
1053 2839 1189 2911 sint
1236 2864 1391 2910 vera
1441 2835 1868 2908 matrimonia
1899 2894 1913 2923 ‚
1971 2836 2280 2935 quamvis
2334 2864 2466 2910 non
2517 2852 2694 2910 rata.

871 2956 1037 3027 Nam
1087 2954 1152 3025 in
1206 2953 1455 3026 nullius
1501 2952 1830 3051 principis
1884 2967 2210 3050 potestate
2260 2969 2363 3026 est
2413 2953 2616 3026 aliam
2673 2957 2960 3054 praesti-

724 3089 927 3146 tuere*
976 3071 1254 3145 sormam
1318 3069 1740 3142 matrimonio
1792 3084 2135 3167 tamquam
2195 3070 2565 3143 contractui
2604 3129 2619 3157 ,
2680 3096 2833 3144 cum
2885 3071 2960 3142 id

871 3253 1003 3315 (115)
1034 3253 1208 3302 Totam
1232 3251 1360 3300 hanc
1380 3249 1601 3300 illuviem
1628 3248 1932 3310 novitatum,
1966 3260 2093 3311 quae
2120 3250 2289 3312 postes
2321 3248 2638 3300 invaluerunt
2657 3251 2708 3299 iu
2728 3249 2971 3300 athenaeo

723 3332 1019 3394 taurinensi,
1058 3333 1108 3381 et
1144 3343 1451 3395 progressum
1483 3329 1655 3392 paucis
1688 3328 1973 3391 complexus
2001 3330 2076 3377 est
2100 3329 2163 3377 cl.
2187 3328 2447 3391 Arogadro
2471 3329 2521 3378 in
2541 3330 2626 3380 cit.
2648 3343 2731 3393 op.
2751 3331 2969 3380 Teorlca

722 3410 1159 3462 dell'istituztone
1180 3409 1267 3460 del
1290 3411 1644 3468 matrimonio,
1664 3407 1766 3458 vol.
1791 3410 1830 3457 1.
1857 3421 1965 3471 cap.
1990 3409 2075 3457 lv.
2101 3420 2211 3470 pag.
2233 3412 2310 3459 ⁴7.
2334 3410 2437 3458 not.
2463 3409 2551 3472 (ι).
2575 3412 2698 3460 Eam
2722 3411 2899 3473 repetit
2934 3423 2970 3459 a

726 3490 1004 3542 duumviris
1025 3489 1301 3541 Pensabene
1323 3491 1373 3539 et
1394 3489 1658 3551 unguine,
1684 3488 1770 3551 qui
1792 3488 2113 3537 subvictorio
2128 3487 2343 3538 Amedeo
2360 3491 2423 3538 11.
2437 3491 2776 3552 pugnaverant
2792 3491 2969 3539 nonu-a

723 3572 1042 3636 apostolicam
1070 3570 1236 3620 sedem
1258 3583 1345 3633 pro
1366 3568 1706 3619 monarchiae
1727 3567 1964 3618 tribunali
1989 3568 2040 3617 in
2062 3568 2248 3618 Sicilia.
2272 3567 2373 3618 Sub
2393 3568 2612 3619 eiusdem
2637 3569 2763 3633 regis
2796 3571 2963 3632 auspi·

723 3651 814 3701 ciis
835 3651 1079 3715 Augustae
1089 3651 1415 3699 Taurinorum
1436 3648 1752 3698 fundamenta
1773 3649 1991 3698 iecerunt
2012 3661 2168 3698 novae
2186 3648 2454 3699 doctrinae.
2470 3654 2509 3700 Α
2525 3649 2765 3712 Deguirre
2782 3648 2965 3700 adsciti

725 3732 922 3782 fuerunt
941 3730 1003 3781 ed
1028 3726 1423 3794 prosequendum
1459 3728 1706 3791 inceptum
1744 3741 1869 3792 opus
1895 3727 1979 3778 alii
2008 3727 2229 3780 eiusdem
2256 3728 2460 3779 furfuris
2485 3729 2813 3792 professores,
2835 3729 2966 3779 inter

717 3824 844 3874 quos
879 3810 1063 3860 eminet
1099 3808 1373 3872 campiani.
1413 3807 1602 3859 Deinde
1630 3808 1869 3858 chionius
1889 3809 1942 3859 et
1962 3808 2065 3858 Bon
2088 3821 2189 3858 rem
2216 3807 2556 3871 perfecerunt,
2595 3821 2654 3859 ac
2692 3807 2966 3859 novissime

719 3892 875 3954 nuytz
907 3890 1101 3941 culmen
1139 3889 1391 3952 imposuit.
1417 3892 1489 3939 Ex
1510 3888 1591 3939 his
1612 3887 1830 3938 fontibus
1861 3888 2087 3951 plerique
2117 3888 2338 3951 deputati
2366 3886 2613 3952 subalpini
2636 3901 2695 3938 ac
2712 3890 2962 3939 maiores

721 3970 995 4021 doctrinam
1012 3981 1152 4019 suam
1173 3969 1467 4029 hauserunt,
1490 3967 1580 4031 qui
1601 3968 1977 4032 propugnarunt
1996 3967 2279 4031 coniugium
2303 3967 2466 4018 civile.

865 4050 997 4113 (tto)
1024 4053 1097 4100 En
1133 4049 1333 4100 concilii
1370 4047 1522 4099 verbe
1562 4060 1682 4098 sess.
1726 4051 1898 4100 xx1v.
1931 4062 1990 4099 ex
2021 4035 2224 4099 ‘decreto
2261 4051 2336 4098 De
2367 4047 2467 4110 ref.
2499 4051 2736 4101 matrim.
2766 4062 2872 4114 cap.
2913 4056 2961 4099 ι.

723 4152 746 4173 «ι
760 4131 974 4182 Tametsi
993 4128 1320 4181 dubitandum
1343 4143 1441 4180 non
1460 4131 1555 4192 est,
1579 4130 1886 4182 clandestine
1907 4130 2247 4191 matrimonia,
2262 4129 2417 4181 libero
2432 4129 2827 4181 contrahentium
2846 4141 2964 4180 oon·

646 4241 675 4264 f
721 4224 865 4263 sensu
890 4211 1044 4274 tacu,
1069 4213 1198 4261 rata
1220 4213 1273 4261 ec
1298 4222 1425 4261 vera
1446 4222 1553 4262 esse
1572 4211 1886 4262 matrimonia
1908 4210 2144 4274 quamdiu
2163 4210 2368 4262 ecclesis
2385 4223 2443 4261 ea
2461 4210 2601 4262 irrita
2624 4223 2723 4262 non
2746 4209 2887 4272 fecit,
2908 4213 2964 4262 st

717 4290 925 4355 proinde
951 4294 1068 4343 iure
1087 4290 1383 4343 damnandi
1403 4294 1514 4342 sine
1538 4290 1648 4354 illi,
1673 4292 1728 4344 ut
1745 4290 2117 4354 eos...synodus
2137 4289 2474 4342 anathemate
2493 4289 2717 4344 άαηιηαι
2730 4327 2748 4352 ,
2776 4293 2872 4355 qni
2898 4303 2964 4341 ea

725 4385 854 4423 vera
875 4375 928 4422 ee
951 4375 1074 4423 rata
1100 4384 1207 4423 esse
1231 4372 1410 4435 negent
1431 4391 1456 4414 ν
1477 4373 1570 4422 etc.
