3276 5083
671 399 795 483 36,
1080 421 1200 469 un.
1245 421 1289 468 1
1334 420 1504 468 secr.
1549 420 1594 468 1.
1622 420 1702 467 nn
1729 419 1989 468 numu.
2013 418 2439 469 siscanum-o.

666 535 991 632 theologis
1035 537 1175 609 sive
1210 534 1693 633 posterioribus
1729 534 1928 606 fuerit
1963 536 2416 664 impugnatus
2453 534 2638 607 Idem
2666 535 2779 625 dic
2800 538 2888 611 de

664 652 961 750 antiquis
997 653 1295 738 iuristiS,
1312 676 1622 750 quorum
1658 652 1781 724 etsi
1818 652 2093 731 minima
2128 651 2216 723 sit
2246 652 2319 722 in
2353 634 2749 748 theologicis
2786 680 2891 726 re-

662 766 793 839 bus
830 767 1227 853 auctoritas,
1264 782 1552 838 attamen
1576 764 1724 838 vel
1708 765 1893 838 inviti
1933 764 2125 838 nobis
2162 765 2426 852 favent,
2467 765 2631 838 dum
2656 782 2890 842 omnes

663 869 1037 967 concedunt
1060 927 1073 955 ι,
1100 883 1589 954 matrimonium
1640 907 1792 953 esse
1843 906 2053 954 novae
2114 880 2282 978 legis
2347 900 2844 956 sacramentum
2871 943 2887 972 ‚

663 1000 1055 1096 praesertim
1091 997 1470 1096 postdLucii
1517 998 1635 1067 111.
1683 999 1927 1070 summi
1979 996 2314 1095 pontificis
2366 996 2762 1071 decretalem
2823 1004 2920 1073 in-

663 1140 810 1212 cap.
847 1113 959 1193 Ad,
979 1113 1362 1185 abolendam
1395 1112 1626 1185 datum
1652 1138 1765 1184 an.
1800 1115 1982 1183 1181
2015 1142 2029 1184 :
2062 1111 2216 1185 licet
2241 1112 2616 1210 impingant
2646 1113 2895 1187 deinde

665 1230 731 1299 in
785 1225 1135 1327 scopulum
1189 1226 1317 1299 sibi
1370 1225 1676 1313 fatalem,
1735 1226 1916 1324 quod
1970 1228 2062 1299 si
2055 1227 2554 1300 concederent
2581 1253 2718 1325 per
2747 1255 2894 1302 ma-

664 1342 1043 1414 trimonium
1095 1341 1375 1438 gratiam
1426 1339 1736 1414 conferri
1759 1367 1840 1413 ex
1890 1366 2092 1438 opere
2139 1357 2451 1439 operate,
2506 1368 2639 1415 non
2691 1368 2896 1441 posse

661 1455 854 1528 vitari
891 1457 1180 1529 Simonis
1232 1455 1481 1542 labem,
1526 1454 1739 1527 dum
1722 1481 1791 1525 m
1826 1480 1906 1527 eo
1944 1454 2414 1528 contrahentes
2458 1450 2895 1554 paciscuntur

663 1569 748 1642 de
774 1570 950 1643 dote.
985 1570 1266 1642 Verum
1251 1597 1320 1640 m
1348 1569 1476 1642 hoc
1506 1595 1622 1643 eos
1661 1568 1788 1641 sibi
1825 1569 2108 1668 turpiter
2139 1570 2624 1644 contradixisse
2657 1574 2895 1645 merito

663 1682 796 1754 illis
848 1682 1339 1781 exprobrabant
1368 1741 1383 1770 ,
1423 1700 1498 1756 ut
1545 1683 1843 1756 vidimus
1867 1742 1883 1770 ,
1927 1684 2341 1770 scholastici,
2383 1686 2501 1783 qui
2535 1686 2897 1760 ostendunt

663 1813 885 1883 actum
936 1824 1088 1871 esse
1122 1799 1224 1876 ,de
1274 1815 1692 1872 sacramento
1742 1825 1955 1872 novae
2004 1799 2174 1896 legis
2197 1858 2212 1887 ,
2272 1800 2387 1873 ubi
2451 1819 2726 1899 negetur
2774 1828 2895 1901 per

665 1912 888 2009 ipsum
924 1914 1208 2009 gratiam
1226 1940 1316 1995 ,ex
1346 1941 1547 2011 opere
1582 1932 1856 2013 operato
1891 1916 2188 1989 conferri
2216 1919 2391 2011 (97).
2428 1918 2892 1990 Verumtamen

665 2026 736 2097 in*
770 2026 949 2100 hunc
1000 2029 1222 2126 ipsum
1274 2029 1629 2128 scopulum
1682 2031 1958 2128 impegit
1988 2029 2094 2104 vel
2130 2031 2279 2128 ipse
2311 2031 2666 2104 Durandus
2712 2054 2895 2109 certe

665 2168 797 2219 non
831 2144 1357 2217 contemnendus
1394 2144 1744 2241 theologus
1767 2203 1782 2233 ,
1823 2161 1889 2218 et
1923 2146 1980 2217 si
2017 2146 2135 2245 qui
2170 2146 2287 2218 alii
2323 2147 2588 2219 fuerunt
2619 2145 2892 2219 obscuri

665 2259 1390 2349 nominisscholastici
1416 2320 1431 2348 ,
1473 2287 1758 2360 quorum
1810 2260 2059 2359 scripta
2093 2261 2178 2333 ad
2215 2287 2338 2335 nos
2390 2289 2521 2335 non
2571 2288 2892 2360 pervene-

668 2391 871 2465 runt,
931 2402 1214 2474 quorum
1280 2377 1665 2474 opinionem
1728 2394 2246 2449 commemorant
2307 2378 2895 2477 perstringuntque

675 2506 1002 2589 quotquot
1058 2508 1270 2566 aetate
1320 2491 1436 2565 illa
1484 2491 1569 2566 de
1617 2518 1690 2564 re
1751 2490 2122 2588 theologica
2180 2491 2353 2567 bene
2413 2494 2629 2568 meriti
2665 2512 2846 2569 -sunt
2870 2554 2885 2581 ,

667 2623 733 2692 et
781 2632 1068 2703 quorum
1110 2608 1591 2689 *commentaria
1641 2606 1865 2680 adhuc
1915 2609 2366 2706 possidemus.

1496 2839 1934 2895 ARTICULUS.
1978 2839 2081 2896 111.

1088 3008 1316 3069 Veritas
1345 3009 1700 3070 Sacramenti
1742 3011 2100 3073 Matrimonii
2141 3015 2463 3074 ostenditur

755 3104 828 3148 ex
869 3087 1271 3149 Ecclesiastica
1317 3093 1781 3165 interpretatione
1819 3099 2012 3153 textus
2049 3093 2279 3153 Paulini
2317 3093 2529 3170 Ephes.
2571 3096 2645 3156 V.
2695 3105 2790 3155 ³2.

809 3259 1384 3345 Quemadmodum
1450 3289 1530 3334 ex
1594 3264 1886 3362 publicis
1950 3282 2015 3338 et
2084 3266 2494 3341 solemnibus
2563 3267 2886 3343 ecclesiae

662 3374 1076 3449 documentis
1127 3375 1212 3448 de
1261 3379 1662 3451 matrimonii
1732 3399 2148 3455 sacramento
2200 3383 2569 3497 singularia
2621 3401 2887 3484 patrum

666 3493 1042 3565 testimonia
1091 3491 1307 3565 lucem
1359 3520 1438 3567 ac
1487 3497 1624 3568 vim
1679 3497 2070 3595 acquirunt,
2114 3499 2206 3571 ita
2241 3526 2320 3572 ex
2354 3518 2636 3600 utroque
2670 3504 2891 3601 capite

662 3604 782 3676 lux
802 3607 1212 3680 affunditur
1195 3635 1264 3677 ιιι
1289 3609 1492 3682 verba
1522 3608 1709 3681 Pauli
1736 3610 1986 3709 Ephes.
2014 3613 2087 3682 V
2118 3615 2230 3684 32.
2275 3632 2748 3689 sacramentum
2777 3619 2887 3689 hoc

661 3747 969 3818 maqnum
1017 3739 1148 3809 est;
1187 3750 1299 3821 eqo
1335 3724 1726 3796 autemdico
1760 3727 1831 3796 in
1870 3727 2123 3798 Christo
2160 3744 2220 3799 et
2270 3732 2341 3799 in
2389 3731 2659 3804 ecclesia
2700 3735 2875 3826 (98).

808 3957 905 4018 (97)
942 3956 1004 4006 ni
1034 3961 1150 4009 sunt
1179 3959 1498 4010 nihilominus
1528 3959 1728 4011 iuristae
1758 3960 1859 4023 iili,
1880 3975 2005 4025 quos
2025 3962 2167 4013 effert
2192 3965 2355 4014 Canus
2385 3964 2478 4014 hac
2508 3967 2615 4028 ipsa
2645 3966 2706 4016 de
2733 3978 2883 4019 causa

664 4049 812 4099 supra
852 4036 1198 4103 scholasticos,
1232 4053 1543 4104 eorumque,
1561 4044 1616 4092 ut
1645 4041 1740 4093 sibi
1771 4055 1854 4092 eos
1885 4042 2103 4093 faventes
2140 4043 2354 4107 efficiat,
2395 4059 2591 4097 sensum
2634 4046 2884 4111 intorquet

663 4119 834 4168 contra
859 4118 1114 4181 apertam
1100 4131 1315 4181 ipsorum
1350 4123 1577 4172 mentem.
1603 4125 1787 4172 Verum
1811 4122 1873 4172 de
1895 4123 2017 4183 hoc,
2039 4123 2223 4185 postea.

739 4202 909 4266 ·(98)
939 4205 1079 4264 Quae
1108 4206 1257 4256 verba
1285 4209 1337 4256 in
1368 4222 1540 4271 graeco
1569 4210 1710 4259 textu
1751 4211 1820 4260 ita
1850 4209 2147 4261 efferuntur.
2187 4205 2259 4258 Τό
2275 4207 2558 4278 μυστήριον
2579 4210 2733 4263 τοῦτο
2750 4207 2885 4279 μένα

663 4275 755 4330 ε’στ
762 4276 920 4348 ιη’·γω
912 4277 988 4331 ’δι’
1009 4276 1068 4329 λε’
1047 4299 1186 4347 εγωε
1194 4278 1422 4351 ι’τςχρισ
1426 4283 1475 4335 ὀν
1490 4304 1576 4336 και
1593 4281 1668 4342 εἷς
1685 4282 1820 4340 wius
1800 4281 2019 4338 ε’ίκκλησ
2022 4305 2100 4348 ως
2125 4304 2212 4342 seu
2245 4295 2300 4344 in
2336 4293 2603 4345 Christum
2633 4297 2685 4345 et
2701 4299 2775 4350 in
2804 4309 2883 4351 ec·

660 4362 889 4414 cle-tiam.
