3276 5083
602 471 737 520 cn.
782 469 851 518 ιι.
900 468 979 516 nr.
1016 466 1216 517 nra.
1260 464 1384 514 civ.
1419 463 1584 513 ome.
1621 463 1694 514 er
1729 463 1948 514 moen.
1985 460 2123 513 aar.
2157 465 2249 515 ιιι.
2408 440 2544 514 285

364 608 498 676 tur,
554 585 944 684 passimque
974 584 1391 682 -reciperetur
1440 578 1659 653 fatalis
1712 579 2049 652 distinctio
2102 580 2171 649 in
2223 581 2393 677 ipsis
2444 608 2554 655 ca-

366 702 757 777 tholicorum
809 699 1062 798 nuptiis
1113 699 1283 770 inter
1332 711 1736 769 contractum
1788 695 2047 766 civilem
2082 709 2148 766 et
2181 690 2555 766 sacramen-

366 834 542 903 tum,
585 831 657 887 ut
690 815 816 886 sub
866 814 1069 885 huius
1120 810 1608 895 distinctionis,
1668 809 1869 880 immo
1915 834 2071 880 vero
2120 806 2557 906 separationis

364 929 579 1016 larva,
621 945 846 1027 posset
880 928 1147 1027 politica
1197 939 1487 1024 potestas
1538 921 1975 995 matrimoniis
2025 920 2411 994 christianis
2447 921 2561 993 do-

367 1044 629 1116 minari.

511 1157 652 1230 Hoc
700 1158 876 1229 enim
943 1153 1144 1229 semel
1198 1178 1276 1226 ac
1325 1153 1770 1235 obtinuerint,
1836 1151 2093 1248 reliqua
2141 1151 2274 1223 iam
2328 1166 2562 1248 sponte

368 1287 758 1370 sequuntur.
819 1272 887 1340 Si
945 1270 1123 1342 enim
1180 1269 1273 1338 ita
1321 1265 1544 1339 divelli
1599 1266 1683 1337 ab
1743 1265 2024 1337 invicem
2083 1289 2160 1336 ac
2212 1263 2560 1336 dissociari

369 1402 650 1485 possunt
684 1399 1057 1458 contractus
1099 1381 1313 1456 civilis
1358 1396 1423 1453 et
1465 1395 1949 1453 sacramentum
1985 1379 2053 1448 in
2089 1376 2563 1451 catholicorum

368 1501 709 1597 coniugio,
742 1515 817 1571 ut
840 1500 905 1571 vi
935 1498 1115 1570 illius
1152 1511 1527 1569 contractus
1564 1493 1857 1590 legitime
1891 1516 2110 1565 coram
2137 1491 2283 1587 lege
2308 1507 2566 1564 contra-

370 1614 602 1686 hentes
637 1629 777 1686 tuta
805 1613 1210 1685 conscientia
1245 1609 1620 1683 conversari
1656 1622 1936 1708 queant;
1970 1606 2029 1677 si
2066 1606 2135 1676 in
2169 1605 2442 1677 humani
2470 1603 2567 1676 le-

368 1727 703 1823 gislatoris
757 1726 1029 1798 arbitrio
1066 1751 1142 1797 ac
1177 1738 1502 1823 potestate
1549 1737 1688 1808 est,
1731 1737 1803 1793 ut
1836 1721 2191 1792 decernere
2224 1720 2309 1792 de
2339 1746 2418 1792 eo
2448 1746 2565 1792 va·-

373 1840 501 1914 leat
541 1868 716 1940 quae
768 1842 898 1939 ipsi
946 1840 1301 1926 libuerint,
1358 1836 1592 1936 ecquis
1645 1863 1776 1909 non
1826 1835 2049 1906 videat
2099 1832 2295 1932 plane
2345 1849 2562 1907 actum

371 1981 518 2028 esse
547 1955 633 2026 de
668 1956 751 2026 iis
785 1954 1094 2026 omnibus
1122 2010 1136 2038 ‚
1179 1977 1352 2050 quae
1401 1951 1686 2022 maxime
1736 1949 2042 2021 eiusdem
2094 1946 2405 2019 connubii
2443 1947 2565 2020 ho-

372 2084 693 2140 nestatem
745 2068 1297 2163 sanctitatemque
1348 2063 1703 2136 afficiunt?

516 2180 681 2251 Cum
734 2181 802 2250 in
850 2180 1106 2252 lubrico
1156 2179 1391 2278 pedem
1441 2179 1594 2277 quis
1648 2177 1852 2250 semel
1916 2177 2253 2276 posuerit,
2310 2178 2419 2249 vix
2471 2175 2565 2247 illi

376 2293 694 2392 possibile
742 2310 844 2365 est
890 2320 1041 2366 eum
1075 2310 1189 2365 aut
1232 2294 1596 2377 continere,
1638 2307 1754 2362 aut
1788 2291 2119 2364 retrahere
2154 2317 2238 2363 ne
2271 2290 2341 2361 in
2378 2316 2569 2390 prae-

375 2433 535 2505 ceps
569 2423 739 2479 ruat.
767 2407 1124 2504 Aliquanto
1159 2404 1509 2504 praeterito
1543 2405 1859 2503 temporis
1897 2403 2239 2477 intervallo
2265 2419 2417 2502 post
2443 2403 2571 2501 pri-

377 2547 567 2593 mum*
593 2518 897 2617 gradum,
931 2520 1017 2593 ad
1055 2519 1420 2593 secundum
1449 2518 1937 2603 conscenditur,
1973 2517 2055 2590 ad
2083 2517 2345 2589 tertium
2381 2532 2448 2588 et
2478 2516 2571 2588 ita

373 2662 594 2734 porro,
631 2661 707 2707 ac
732 2661 812 2708 eo
838 2634 1237 2733 pervenitur,
1279 2659 1412 2732 quo
1447 2633 1699 2705 amissa
1723 2658 1804 2704 ac
1831 2631 2089 2730 perdita
2122 2631 2319 2703 suerit
2351 2631 2568 2704 omnis

379 2751 557 2823 notio
607 2749 898 2846 coniugii
950 2775 1105 2822 vere
1153 2748 1525 2821 christiani.
1586 2747 1780 2832 Quod
1831 2746 1890 2819 si
1940 2746 2026 2818 ad
2074 2745 2340 2844 plenam
2367 2772 2570 2819 com-

376 2865 689 2936 munismi
749 2864 1085 2936 licentiam
1135 2890 1213 2936 ac
1267 2863 1740 2961 turpitudinem
1793 2862 2037 2959 gradus
2088 2862 2382 2934 nondum
2443 2861 2562 2947 fit,

380 2976 675 3048 celeriter
738 2979 1033 3069 proxime
1101 2979 1193 3054 ad
1253 3003 1400 3049 eam
1460 2977 1818 3049 acceditur.
1877 2975 2179 3048 Extincto
2228 2975 2407 3047 enim
2456 3000 2572 3047 su-

379 3089 690 3186 blatoque
727 3089 1064 3185 religionis
1101 3089 1459 3189 obsequio,
1500 3091 1741 3189 ecquid
1779 3115 1911 3162 non
1950 3090 2313 3162 timendum
2349 3087 2435 3159 ab
2469 3088 2572 3159 in-

379 3201 643 3274 domitis
695 3203 1227 3300 cupiditatibus?
1276 3205 1692 3303 Exemplum,
1752 3204 1934 3303 quod
1985 3230 2067 3274 ex
2116 3202 2573 3299 anabaptismo

382 3334 448 3390 et
486 3319 992 3405 mormonismo,
1042 3319 1197 3391 licet
1241 3318 1569 3415 religiosis
1623 3320 1861 3403 sectis,
1904 3318 2130 3389 datum
2167 3333 2303 3403 est,
2345 3331 2416 3388 ut
2450 3339 2572 3387 suo

382 3431 525 3505 loco
573 3434 1019 3531 expendemus
1044 3492 1059 3521 ,
1104 3434 1268 3507 satis
1320 3449 1543 3531 aperte
1586 3432 1932 3533 patefacit,
1974 3458 2107 3529 quo
2153 3446 2299 3503 ruat
2347 3429 2575 3502 effrae-

385 3548 490 3619 nis
526 3548 855 3648 cupiditas
878 3607 893 3636 ‚
929 3576 1104 3648 quae
1128 3549 1349 3622 surore
1383 3549 1672 3649 quodam
1708 3548 2055 3646 abripitur.
2085 3544 2572 3620 Matrimonium

384 3661 621 3758 quavis
655 3677 866 3732 aetate
898 3663 1331 3761 depravatum
1357 3721 1372 3749 ,
1414 3678 2000 3761 oppugnatumque
2033 3660 2119 3732 ab
2154 3658 2380 3759 impiis
2416 3657 2564 3743 fuit,

383 3774 499 3872 qui
529 3775 701 3846 intra
735 3776 929 3873 aequi
957 3794 1021 3848 et
1047 3778 1310 3851 honesti
1349 3777 1643 3874 regulam
1679 3776 1995 3850 contineri
2035 3801 2166 3847 non
2200 3774 2563 3873 patiuntur.

526 3890 714 3961 Nunc
753 3914 909 3962 vero
949 3895 1423 3966 communistae
1477 3920 1555 3967 ac
1605 3893 1984 3967 socialistae
2034 3892 2412 3964 societatem
2458 3914 2573 3987 pe-

385 4020 664 4090 netrant,
692 4004 1015 4077 invadunt
1040 4024 1530 4105 permeantque:
1575 4001 1865 4105 scriptis,
1907 4006 2106 4077 dictis
2142 4005 2470 4103 factisque
2503 4005 2571 4076 in

383 4142 611 4193 omnes
651 4119 953 4192 eiusdem
988 4119 1239 4193 classes
1275 4148 1399 4195 sua
1435 4146 1751 4219 perversa
1787 4120 2027 4220 placita
2061 4120 2421 4194 insinuant.
2457 4120 2574 4190 Se-

386 4248 600 4306 cretae
632 4250 851 4308 sectae
884 4232 1124 4306 iisdem
1161 4234 1506 4336 principiis
1540 4232 1834 4306 imbutae
1870 4235 2067 4308 rebus
2104 4235 2389 4335 politicis
2425 4258 2573 4308 sese

389 4345 776 4439 immittunt,
822 4349 1190 4451 eodemque
1220 4350 1417 4428 modo
1452 4364 1962 4449 corrumpuntur
1986 4366 2050 4423 et
2074 4352 2274 4426 urbes
2297 4365 2364 4424 et
2385 4349 2563 4449 pagi,
