3276 5083
680 373 816 450 130
1080 399 1201 451 m.
1244 400 1290 451 ι.
1331 400 1503 451 sacr.
1545 402 1592 452 1.
1636 401 1717 451 ns
1752 402 2013 454 numu.
2057 403 2482 455 saeuum-o.

816 515 1058 590 Verum
1102 517 1283 618 quod
1332 518 1548 616 magis
1595 518 1684 596 ad
1734 543 1872 593 rem
1920 536 2216 595 nostram
2251 522 2448 607 facit,
2488 535 2595 594 est
2624 522 2900 595 concilii

677 631 1020 707 tridentini
1054 634 1417 708 auctoritas
1444 691 1460 722 ,
1502 633 1685 735 quod
1720 651 1878 733 post
1907 635 2182 709 allatum
2226 635 2577 737 paulinum
2613 652 2893 724 textum,

677 747 1062 823 immediate
1109 775 1191 822 ex
1236 775 1316 823 eo
1357 749 1585 824 insert:
1635 780 1671 821 α
1695 743 1863 823 Cum
1897 750 2100 849 igitur
2132 750 2628 825 matrimonium
2654 751 2723 823 in
2751 751 2904 849 lege

676 863 1065 964 evangelica
1096 865 1435 940 veteribus
1468 866 1826 941 connubiis
1861 884 2188 966 praestet:
2222 866 2458 941 merito
2491 867 2665 940 inter
2689 894 2908 942 novae

674 977 847 1078 legis
882 997 1304 1054 sacramenta
1336 983 1915 1056 annumerandum
1949 983 2165 1056 sancti
2201 998 2426 1081 patres
2460 983 2705 1071 nostri,
2739 1010 2905 1057 con-

677 1094 833 1169 cilia
860 1111 928 1168 et
950 1096 1353 1170 universalis
1387 1096 1714 1172 ecclesiae
1738 1098 2010 1173 traditio
2036 1124 2304 1197 semper
2325 1097 2695 1172 docuerunt
2713 1101 2812 1194 (1)
2831 1156 2846 1170 .
2863 1128 2900 1167 ι

823 1210 1166 1284 Habemus
1213 1212 1417 1309 igitur
1462 1238 1545 1285 ex
1592 1212 1956 1287 tridentino
1977 1271 1996 1301 ,
2066 1212 2405 1286 Christum
2456 1210 2623 1284 illud
2673 1214 2904 1312 ipsum

677 1325 1114 1415 connubium,
1154 1327 1336 1427 quod
1372 1328 1664 1427 primum
1714 1352 1755 1401 a
1790 1328 1931 1401 Deo
1980 1328 2357 1401 institutum
2408 1343 2551 1416 est,
2609 1328 2679 1400 in
2730 1355 2907 1404 nova

678 1441 831 1540 lege
872 1442 1087 1540 gratia
1133 1444 1407 1517 auxisse
1424 1500 1441 1532 ,
1488 1460 1559 1519 et
1597 1442 1685 1517 ad
1735 1443 1876 1517 veri
1931 1444 2324 1544 propriique
2364 1444 2766 1519 sacramenti
2802 1444 2909 1518 di·

680 1559 1002 1655 gnitatem
1054 1560 1381 1633 evexisse.
1448 1560 1544 1634 Ac
1592 1576 1949 1661 propterea
1969 1617 1987 1649 ,
2041 1560 2222 1660 quod
2273 1585 2696 1660 consequens
2757 1578 2898 1649 est,

680 1671 1009 1745 eiusmodi
1060 1674 1470 1748 evectionem
1520 1699 1603 1748 ex
1649 1675 1905 1750 Christi
1947 1675 2363 1750 institutione
2398 1701 2552 1750 esse
2585 1675 2721 1775 ipsi
2755 1702 2911 1749 con-

683 1789 923 1862 tractui
992 1789 1423 1864 intrinsecam
1483 1790 1655 1866 adeo
1705 1816 1786 1866 ac
1834 1790 2292 1866 inhaerentem
2327 1847 2344 1878 ,
2396 1807 2475 1865 ut
2521 1791 2910 1890 coniugium

681 1902 1123 1979 christianum
1161 1904 1605 2006 praeseferret
1634 1907 1904 2006 signum
1941 1905 2574 2007 repraesentationis
2588 1962 2605 1994 ,
2645 1931 2770 1979 seu
2806 1932 2911 1979 re-

684 2018 887 2093 fen-et
925 2047 1049 2121 per
1091 2045 1169 2095 se
1213 2022 1528 2096 unionem
1566 2020 1818 2098 Christi
1871 2047 2025 2097 cum
2066 2021 2376 2096 ecclesia.
2411 2021 2600 2107 Quae
2633 2020 2910 2120 quidem

685 2134 937 2210 Christi
986 2137 1148 2212 unio
1179 2161 1336 2212 eum
1371 2137 1619 2239 duplex
1664 2138 1754 2213 sit
1776 2195 1793 2226 ,
1840 2138 2167 2240 physica,
2207 2137 2490 2224 scilicet,
2527 2135 2723 2210 Verbi
2756 2162 2910 2210 cum

685 2248 1102 2327 humanitate
1135 2277 1257 2354 per
1288 2254 1815 2329 incarnationem
1840 2310 1858 2344 ,
1897 2272 1965 2331 et
1993 2253 2269 2329 moralis
2295 2310 2311 2341 ,
2351 2278 2616 2352 nempe,
2655 2251 2910 2328 Christi

686 2389 839 2440 cum
887 2368 1175 2445 eeclesia
1223 2395 1345 2470 per
1389 2371 1672 2469 gratiam
1720 2391 1953 2458 suam3
2002 2369 2500 2445 matrimonium
2535 2369 2622 2443 ad
2656 2384 2913 2444 utram-

688 2508 821 2582 que
870 2485 1189 2559 unionem
1240 2486 1754 2585 significandam
1805 2484 1933 2597 fuit
1980 2512 2022 2561 a
2069 2486 2338 2563 Christo
2385 2486 2672 2563 Domino
2719 2486 2912 2561 insti-

688 2612 927 2672 mmm.

832 2712 964 2785 Sed
991 2728 1286 2813 praestat
1316 2717 1804 2815 expositionem
1839 2718 2111 2806 afferre,
2142 2743 2346 2818 quam
2383 2718 2672 2818 insignis
2707 2719 2914 2793 huius

691 2824 951 2928 paulini
986 2843 1206 2903 textus
1231 2832 1317 2904 ad
1346 2852 1484 2905 rem
1521 2848 1818 2907 nostram
1854 2834 2197 2934 praeclare
2229 2833 2435 2909 habet
2456 2832 2912 2909 Bernardinus

690 2975 731 3022 a
778 2946 1049 3023 Piconio
1071 3006 1087 3036 ,
1135 2975 1443 3049 quaeque
1474 2965 1964 3048 argumentum,
2004 2948 2185 3052 quod
2218 2974 2591 3041 versamus,
2631 2951 2914 3027 mirifice

691 3063 1006 3139 illustrat.
1038 3067 1583 3140 «Sacramentum
1619 3067 1732 3139 hoc
1764 3092 2075 3165 maqnum
2096 3080 2230 3140 est:
2271 3092 2385 3166 eqo
2416 3083 2635 3141 auum
2667 3067 2812 3141 dico
2844 3070 2914 3141 in

696 3185 956 3258 Christo
981 3199 1044 3257 et
1064 3184 1137 3257 in
1159 3183 1449 3257 ccclesia.
1480 3183 1658 3256 Hinc
1688 3180 2055 3279 colligitur,
2095 3181 2191 3255 ait
2224 3182 2373 3281 ipse
2392 3240 2411 3270 ,
2450 3182 2632 3282 qnod
2665 3185 2916 3259 sancti-

690 3316 799 3376 tas
823 3315 890 3376 et
912 3298 1303 3374 excellentia
1331 3298 1740 3373 matrimonii
1774 3298 2124 3373 christiani
2158 3299 2467 3374 consistit
2489 3299 2558 3372 in
2585 3325 2691 3388 eo,
2731 3301 2913 3401 quod

693 3416 1194 3491 matrimonium
1242 3431 1506 3490 emanet
1552 3414 1641 3489 ab
1687 3414 1935 3489 unione
1966 3414 2217 3489 Christi
2251 3440 2405 3489 cum
2439 3414 2757 3504 ecclesia,
2797 3440 2915 3490 cu-

698 3531 804 3607 ius
832 3530 1104 3605 unionis
1140 3530 1363 3628 imago
1385 3545 1526 3617 est,
1568 3529 1973 3628 signumque
2016 3529 2682 3629 repraesentativum.
2727 3526 2916 3604 Hanc

696 3661 917 3719 autem
951 3644 1200 3720 Christi
1233 3644 1549 3719 unionem
1584 3669 1736 3717 cum
1769 3642 2057 3718 ecclesia
2088 3643 2582 3718 matrimonium
2606 3643 2916 3719 christia·

701 3786 861 3834 num
914 3762 1111 3862 quasi
1160 3758 1485 3859 adimplet
1515 3776 1583 3835 et
1614 3760 1912 3860 perficit,
1968 3785 2120 3835 cum
2166 3760 2285 3834 dat
2327 3756 2656 3834 ecclesiae
2693 3760 2907 3849 filios,

694 3874 1102 3976 Christoque
1145 3874 1445 3951 membra
1486 3876 1793 3976 mystica.
1826 3875 1952 3950 Est
1995 3898 2157 3974 ergo
2201 3875 2474 3952 unionis
2521 3872 2772 3950 Christi
2822 3876 2915 3949 ita

699 3994 1224 4092 repraesentatio
1249 4051 1266 4083 ,
1304 4010 1382 4068 ut
1413 3992 1504 4067 sit
1542 4008 1611 4067 et
1655 3991 2047 4092 adimpletio
2072 4049 2089 4080 ,
2142 4007 2346 4093 atque
2394 3992 2906 4067 consummatio.

697 4110 1189 4181 Sacroenontum
1239 4109 1353 4183 hoc
1398 4130 1709 4209 maqnum
1757 4122 1885 4182 est:
1936 4132 2051 4206 eqo
2097 4122 2316 4181 autem
2361 4107 2505 4181 dico
2546 4106 2620 4181 in
2655 4104 2915 4180 Christo

698 4236 761 4299 et
805 4225 879 4297 in
927 4222 1226 4307 ecclesio,
1280 4226 1482 4325 quasi
1535 4225 1821 4301 diceret:
1880 4222 2010 4299 hoc
2056 4239 2545 4300 sacramentum
2593 4246 2912 4322 magnum

841 4373 913 4439 (ι)
939 4374 1069 4426 sem.
1092 4375 1271 4426 ων.»
