3276 5083
623 434 760 512 210
1016 464 1136 512 2113.
1184 463 1229 512 ι.
1274 462 1446 512 secr.
1490 460 1751 510 atram.
1794 461 1875 509 ns
1927 460 2191 511 numu.
2232 458 2446 510 clvm.

618 581 835 654 debet.
884 582 1084 653 Porro
1119 596 1344 678 patres
1379 578 1679 650 unanimi
1720 576 2167 651 consensione
2202 590 2545 674 tamquam
2599 578 2846 675 princi-

619 696 803 795 pium
858 695 989 768 sibi
1031 710 1388 767 assumunt
1419 693 1489 765 in
1515 693 1830 766 conflictu
1862 691 2030 789 legis
2066 691 2426 777 humanae,
2471 718 2595 764 seu
2629 693 2848 766 civilis

619 837 769 883 cum
807 810 954 907 lege
987 808 1248 892 divina,
1294 807 1543 880 nullam
1581 832 1856 906 prorsus
1898 807 2219 879 rationem
2253 805 2429 902 legis
2465 805 2850 880 habendam

620 951 809 1011 esse,
853 924 969 997 ubi
1008 923 1104 994 illi
1142 923 1538 996 adversetur
1584 920 1686 995 lex
1742 922 2009 1008 divina,
2068 937 2184 993 aut
2230 920 2433 994 etiam
2485 924 2844 1008 canonica;

508 1027 519 1039 ’
621 1055 823 1136 atque
847 1038 1059 1134 legem
1098 1037 1486 1120 humanam,
1532 1061 1652 1107 seu
1690 1033 1982 1121 civilem,
2024 1052 2067 1106 'a
2101 1059 2529 1134 quacumque
2576 1035 2849 1109 demum

620 1154 1011 1227 auctoritate
1044 1152 1520 1238 dimanaverit,
1555 1177 1921 1249 numquam
1959 1175 2160 1249 posse
2199 1148 2640 1223 cohonestare
2673 1178 2850 1251 quae

620 1295 660 1340 a
710 1268 937 1341 divina
989 1269 1135 1365 lege
1185 1279 1522 1366 tamquam
1578 1265 1936 1338 inhonesta
1969 1291 2049 1338 ac
2099 1264 2323 1363 turpia
2375 1265 2840 1364 reprobantur.

618 1384 1055 1483 Applicarunt
1105 1399 1324 1455 autem
1375 1381 1686 1480 generale
1718 1379 1848 1454 hoc
1888 1380 2293 1480 principium
2332 1380 2417 1452 ad
2456 1380 2553 1469 id,
2594 1381 2681 1454 de
2713 1409 2848 1482 quo

620 1518 778 1574 tunc
841 1500 1161 1599 temporis
1236 1498 1559 1595 agebatur
1600 1555 1614 1583 ,
1681 1523 1920 1596 nempe
1985 1496 2072 1568 ad
2139 1496 2498 1570 divortium
2568 1498 2849 1605 strictim

620 1631 959 1713 sumptum
986 1671 1001 1699 ,
1047 1640 1169 1686 seu
1204 1613 1424 1712 quoad
1473 1612 1817 1685 vinculum
1841 1670 1856 1699 ,
1899 1611 2082 1712 quod
2121 1611 2279 1684 licet
2310 1610 2491 1685 civili
2520 1610 2667 1709 lege
2690 1638 2850 1686 san-

621 1731 900 1816 ciretur,
934 1757 975 1801 a
1002 1729 1148 1826 lege
1189 1745 1409 1801 tamen
1460 1728 1692 1800 divina
1741 1729 2017 1802 vetitum
2045 1744 2211 1801 erat.
2253 1729 2389 1801 Nos
2414 1754 2571 1802 vero
2598 1728 2850 1801 utimur

620 1843 852 1916 eodem
891 1843 1219 1941 principio
1254 1842 1620 1915 universim
1649 1869 1689 1914 a
1717 1841 2017 1941 patribus
2053 1842 2275 1940 posito
2296 1899 2312 1927 ,
2353 1840 2655 1940 illudque
2685 1868 2846 1915 con-

620 1958 936 2031 vertimus
987 1958 1071 2030 ad
1124 1958 1585 2057 quaestionem
1638 1972 1932 2031 nostram
1983 1958 2068 2030 de
2110 1955 2444 2052 coniugiis
2494 1956 2840 2044 civilibuS,

618 2098 792 2173 quae
841 2066 1150 2171 quamvis
1187 2098 1225 2144 a
1263 2071 1408 2169 lege
1457 2071 1754 2145 humana
1803 2071 2221 2155 sanciantur,
2280 2070 2566 2170 spectari
2627 2084 2846 2143 tamen

620 2188 866 2261 debent
912 2190 1006 2261 uti
1051 2186 1352 2261 exitiales
1400 2203 1467 2260 et
1518 2202 1747 2287 turpes
1798 2186 2336 2271 coniunctiones,
2391 2202 2622 2285 utpote
2670 2212 2848 2285 quae

618 2328 658 2375 a
709 2303 937 2376 divina
989 2302 1135 2400 lege
1182 2329 1263 2376 ex
1313 2301 1644 2375 catholica
1692 2301 1992 2375 doctrina
2040 2300 2501 2400 reprobentur.

764 2417 957 2502 Quod
1009 2417 1067 2489 si
1119 2415 1213 2488 nil
1264 2417 1446 2489 aliud
1499 2433 1603 2488 est
1650 2416 2147 2489 matrimonium
2184 2473 2200 2502 ,
2257 2414 2438 2514 quod
2496 2415 2695 2488 civile
2743 2414 2850 2486 di-

618 2533 814 2618 citur,
857 2559 1060 2632 quam
1095 2531 1311 2629 turpis
1347 2531 1832 2605 concubinatus
1868 2529 2128 2628 legaliS,
2172 2557 2451 2604 necesse
2484 2548 2590 2604 est
2626 2530 2848 2605 dicere

616 2672 747 2718 non
796 2646 995 2719 modo
1046 2643 1231 2716 nulla
1278 2645 1645 2744 aliquando
1711 2644 1967 2718 ratione
2032 2644 2399 2742 legitimum
2460 2661 2665 2744 atque
2720 2645 2845 2718 ho-

617 2776 878 2834 nestum
914 2761 1090 2833 effici
1138 2786 1344 2859 posse
1390 2761 1630 2859 quavis
1682 2760 1851 2858 legis
1904 2762 2271 2850 sanctione,
2311 2777 2429 2835 aut
2461 2761 2691 2859 potius
2724 2761 2845 2836 ob-

617 2893 835 2962 tentu,
873 2875 992 2948 sed
1028 2869 1371 2976 praeterea
1406 2892 1734 2977 quotquot
1766 2876 2094 2951 eiusmodi
2135 2876 2471 2950 connubia
2506 2876 2845 2950 celebrant

618 3019 763 3066 reos
793 3018 866 3065 se
891 2994 1292 3065 constituere
1342 2992 1726 3089 gravissimi
1770 2991 2071 3065 criminis
2110 3017 2329 3065 coram
2362 2993 2505 3065 Deo
2528 3009 2597 3065 et
2618 3017 2841 3066 coram

614 3107 932 3194 ecclesia;
966 3124 1171 3207 atque
1205 3107 1263 3181 si
1303 3108 1396 3181 ita
1432 3108 1498 3179 in
1538 3107 1777 3183 iisdem
1814 3107 2096 3179 nexibus
2134 3124 2590 3205 perseverent,
2622 3107 2691 3179 in
2718 3107 2843 3179 ha-

614 3224 847 3298 bituali
899 3240 1174 3324 peccato
1224 3224 1497 3321 degere,
1556 3238 1759 3323 atque
1794 3224 1862 3295 in
1900 3221 2149 3295 aeterni
2186 3221 2366 3293 exitii
2404 3221 2830 3307 discrimine,

615 3340 794 3440 quod
836 3356 1014 3413 certo
1049 3340 1424 3425 incurrent,
1469 3338 1599 3411 nisi
1635 3365 1752 3411 eos
1786 3353 1939 3412 ante
1974 3353 2251 3411 mortem
2286 3335 2489 3409 huius
2522 3335 2841 3411 facinoris

614 3456 970 3554 poeniteat,
1025 3480 1105 3527 ac
1155 3454 1577 3551 resipiscant.

756 3571 995 3643 Verum
1037 3595 1162 3642 nec
1208 3568 1374 3641 illud
1428 3567 1866 3642 omittendum
1916 3568 2064 3641 sine
2113 3563 2695 3638 animadversione
2736 3581 2841 3638 est

617 3683 1218 3784 pseudo-politicos
1268 3684 1557 3782 graviter
1604 3683 1881 3758 vocibus
1931 3682 2113 3755 abuti
2152 3680 2236 3753 ad
2284 3677 2607 3779 populum
2657 3679 2839 3753 deci-

616 3799 935 3898 piendum
962 3800 1160 3900 eique
1196 3800 1509 3886 illudere,
1545 3799 1706 3869 dum
1742 3797 1955 3894 legem
1992 3811 2374 3895 proponunt
2407 3793 2831 3867 sanciendam

614 3913 741 3987 sub
776 3915 1081 4014 specioso
1108 3915 1510 3988 matrimonii
1539 3913 1755 3984 civilis
1784 3910 1997 3984 titulo.
2031 3910 2193 3983 Cum
2223 3909 2402 3983 enim
2431 3911 2498 3981 in
2528 3908 2833 4008 pactione

613 4028 730 4101 illa
763 4028 971 4115 civili,
1007 4056 1126 4102 seu
1164 4045 1418 4103 tantum
1456 4054 1678 4101 coram
1722 4024 1995 4125 politico
2045 4027 2437 4123 magistratu
2462 4025 2653 4111 inita,
2685 4022 2836 4094 nul-

613 4142 748 4214 lum
803 4143 1197 4218 interveniat
1247 4141 1779 4228 matrimonium,
1843 4138 1963 4212 sed
2010 4139 2208 4213 unice
2256 4156 2525 4238 pactum
2576 4138 2664 4210 de
2702 4137 2837 4211 vita

612 4256 971 4332 fornicaria
1006 4258 1310 4333 ducenda
1335 4317 1350 4346 ,
1394 4259 1619 4357 inique
1671 4281 1947 4355 prorsus
1982 4257 2388 4328 matrimonii
2422 4253 2694 4328 nomine
2731 4253 2832 4324 in-

614 4374 919 4472 signitur.
955 4373 1239 4450 Deberet
1286 4373 1565 4473 proinde
1602 4369 1930 4446 eiusmodi
1984 4369 2087 4444 lex
2139 4368 2411 4446 inscribi
2464 4368 2553 4442 de
2602 4394 2835 4441 concu-
