3276 5083
621 455 711 528 δ’
1017 476 1140 528 m.
1184 479 1230 528 1.
1273 476 1445 529 sacr.
1489 482 1533 529 1.
1578 478 1658 528 nn
1703 477 1970 529 numu.
2015 476 2442 529 stimuum.

617 594 1008 696 quemdam,
1062 600 1182 695 qui
1210 611 1306 670 est
1335 610 1808 670 sacromentum
1840 597 2264 669 matrimonii.
2296 625 2332 664 υ
2362 593 2599 668 Videat
2638 596 2852 694 igitur

616 710 846 784 Genus
896 734 1057 785 num
1100 711 1482 785 s.'1'homas
1530 713 1802 784 veritate
1853 710 2109 784 tandem
2167 723 2421 782 coactus
2473 708 2847 785 sententiae

619 846 784 898 suae
843 814 1343 925 subscripserit.

766 939 1101 1026 Quoniam
1141 966 1301 1014 vero
1340 941 1408 1013 b.
1443 939 1778 1027 Thomae,
1820 940 1937 1039 qui
1974 939 2201 1012 floruit
2233 938 2466 1012 seculo
2493 939 2673 1009 xm.
2709 963 2854 1011 me·-

618 1056 848 1129 diante
868 1058 1014 1152 (18)
1031 1113 1047 1141 ,
1069 1081 1192 1129 nec
1217 1080 1347 1130 non
1363 1055 1695 1129 Guilielmi
1723 1054 2150 1154 parisiensis,
2176 1054 2292 1154 qui
2312 1053 2611 1127 eiusdem
2637 1054 2850 1127 seculi

622 1171 823 1244 initio
854 1169 1168 1243 inclaruit
1195 1173 1373 1266 (19),
1417 1194 1498 1242 ac
1530 1169 1800 1243 demum
1839 1170 2012 1242 Petri
2049 1167 2376 1241 Paludani
2401 1226 2417 1255 ,
2459 1167 2580 1267 qui
2619 1167 2849 1243 seculo

623 1285 1003 1386 insequenti
1030 1308 1154 1359 sua
1179 1285 1392 1360 edidit
1409 1284 1900 1359 Commentaria
1931 1286 2077 1380 (20)
2095 1344 2110 1371 ,
2132 1284 2499 1358 sententias
2528 1283 2847 1383 expendi-

622 1396 812 1491 mus,
848 1401 1180 1501 reliquum
1204 1416 1310 1477 est
1343 1400 1428 1474 ad
1461 1400 1850 1474 unanimem
1890 1398 2442 1473 scholasticorum
2477 1398 2854 1473 doctrinam

623 1516 755 1590 hac
804 1517 873 1589 in
938 1543 1009 1589 re
1071 1516 1602 1614 patefaciendam
1629 1574 1646 1603 ,
1701 1531 1769 1588 et
1816 1514 2329 1614 praecipuorum
2383 1513 2622 1587 saltem
2657 1572 2672 1602 ,
2733 1515 2854 1614 qui

627 1658 751 1730 per
799 1632 980 1704 idem
1028 1646 1295 1731 tempus
1344 1631 1596 1733 scripta
1641 1655 1768 1704 sua
1815 1630 2175 1729 vulgarunt
2198 1688 2213 1718 ,
2270 1625 2713 1703 subiiciamus
2765 1643 2857 1702 te-

626 1746 967 1821 stimonia.

769 1860 1091 1936 Omnium
1152 1862 1667 1962 antiquissimus
1705 1878 1859 1962 post
1893 1860 2242 1960 Hugonem
2276 1858 2690 1934 Victorinum
2713 1917 2729 1946 ,
2771 1860 2859 1932 de

624 1998 762 2076 quo
805 1993 1041 2077 postea
1086 1976 1464 2076 loquemur,
1506 1977 1625 2077 qui
1663 2001 1815 2050 sese
1853 1974 2046 2049 offert
2077 1989 2183 2049 est
2217 1975 2450 2047 Petrus
2487 1973 2855 2072 pictavien·

625 2091 725 2165 sis
758 2082 936 2188 (221),
970 2092 1087 2191 qui
1114 2094 1593 2165 Sententiarum
1616 2106 1790 2195 part.
1815 2090 1890 2164 V.
1915 2115 2066 2191 cap.
2091 2089 2256 2161 xlv.
2283 2089 2566 2188 loquens
2599 2085 2686 2160 de
2707 2111 2856 2159 ma·-

627 2206 941 2281 trimonio
982 2206 1109 2281 ait:
1149 2208 1705 2281 «Sacramentum
1743 2206 1875 2281 hoc
1915 2221 2018 2279 est
2059 2228 2433 2279 consensus
2478 2203 2852 2277 animorum

626 2335 697 2394 et
736 2321 1030 2395 carnalis
1072 2322 1313 2421 copula
1340 2381 1355 2408 ,
1401 2346 1535 2395 non
1587 2337 1749 2395 sunt
1794 2322 1935 2396 duo
1972 2333 2390 2395 sacramenta
2417 2379 2432 2409 ,
2483 2318 2604 2393 sed
2645 2344 2856 2392 unum

629 2452 1118 2512 sacramentum
1164 2439 1438 2513 unionis
1488 2437 1737 2511 Christi
1788 2437 1874 2511 ad
1924 2437 2352 2511 ecclesiam.»
2377 2452 2443 2508 et
2484 2461 2636 2534 cap.
2676 2435 2846 2507 XVI.

633 2554 1012 2627 «Efficiens
1057 2577 1264 2626 causa
1313 2553 1722 2627 matrimonii
1766 2567 1870 2627 est
1909 2577 2283 2627 consensus
2321 2552 2762 2625 animorum..
2795 2610 2848 2623 ..

603 2688 1005 2741 ‘consensus
1056 2667 1431 2767 coniugalis
1474 2667 1815 2742 societatis
1865 2693 2227 2768 expressus
2273 2659 2497 2741 verbis
2537 2666 2624 2739 de
2663 2691 2859 2766 prae-

629 2782 801 2856 senti
827 2782 987 2856 facit
1012 2782 1544 2871 matrimonium,
1577 2785 1695 2883 qui
1730 2809 2102 2858 consensus
2139 2809 2273 2858 non
2312 2797 2529 2884 potest
2562 2782 2859 2881 legitime

630 2896 936 2970 contrahi
966 2897 1143 3000 inter
1169 2899 1709 2996 consanguineos
1737 2916 1862 2973 eto.
1879 2899 2287 2972 »Profitetur
2307 2915 2530 2971 autem
2557 2898 2693 2972 hoc
2712 2898 2861 2998 ipso

635 3013 703 3084 in
740 3011 887 3085 l'oco
928 3037 1005 3086 so
1039 3013 1303 3087 tradere
1341 3039 1518 3114 quae
1559 3016 1884 3086 communi
1913 3040 2221 3086 consensu
2260 3014 2504 3086 docent
2539 3012 2854 3112 theologi.

776 3125 981 3202 Paulo
1031 3145 1185 3228 post
1231 3129 1451 3201 eidem
1502 3129 1830 3202 successit
1879 3127 2204 3202 Robertus
2254 3125 2485 3201 Pullus
2528 3129 2706 3224 (22),
2740 3128 2861 3225 qui

630 3244 1022 3315 Sententiar.
1056 3259 1229 3344 part.
1261 3244 1401 3316 vll.
1435 3268 1584 3344 cap.
1613 3244 1863 3316 XXXV.
1913 3273 1947 3312 a
1981 3243 2146 3316 Cum
2187 3243 2542 3343 utriusque
2589 3265 2864 3314 consen-

631 3384 785 3447 sus,
834 3359 1092 3458 inquit,
1141 3385 1263 3459 per
1302 3359 1692 3457 coniugium
1726 3359 1880 3447 fiat,
1921 3358 2346 3432 necessarius
2382 3374 2524 3444 est,
2566 3355 2624 3429 si
2660 3354 2855 3443 alter,

630 3490 746 3545 aut
794 3473 991 3547 ambo
1040 3473 1462 3547 matrimonio
1513 3471 2027 3561 contradicunt,
2096 3488 2209 3545 aut
2260 3499 2423 3570 prae
2480 3471 2718 3545 aetatis
2769 3487 2866 3543 te-

632 3588 1008 3661 neritudine
1042 3614 1446 3663 consensum
1484 3587 1810 3663 adhibere
1846 3588 2144 3662 nondum
2181 3588 2433 3676 sciant,
2468 3588 2582 3661 hic
2608 3586 2864 3660 tamdiu

630 3702 1043 3776 connubium
1091 3702 1318 3789 deest,
1378 3703 1703 3804 quamdiu
1743 3730 1867 3805 par
1899 3728 2269 3777 consensus
2312 3701 2576 3776 abest.»
2608 3700 2868 3772 Deinde

635 3813 797 3887 ibid.
834 3817 1303 3917 prosequitur:
1344 3846 1381 3888 κ
1403 3818 1868 3892 Verumtamen
1916 3817 2241 3891 Dominus
2283 3815 2662 3890 cuiusmodi
2717 3839 2866 3914 pcr-

676 4079 679 4090 .
736 4093 739 4100 ,
772 4030 878 4102 (ιβ)
906 4032 1063 4088 Mn
1092 4033 1327 4087 enimfcnt
1354 4045 1436 4086 ιιι.
1464 4037 1600 4086 1224.
1625 4033 1759 4088 eth
1787 4031 1982 4086 molum
2005 4030 2204 4083 evectu
2232 4037 2316 4081 an.
2345 4034 2483 4083 127⁴.

684 4161 711 4176 Γ
805 4110 880 4174 19)
911 4109 1151 4165 omitto.
1179 4120 1323 4166 12⁴9..

682 4193 691 4206 ‘
774 4112 878 4253 iao>
904 4191 999 4241 An.
1030 4193 1171 4242 taso.
1211 4185 1407 4274 creatus
1432 4196 1517 4247 cst·
1535 4183 1815 4259 patriarcha
1856 4190 2340 4256 hierosolymitanus,
2374 4191 2618 4278 mortuns&
2631 4199 2752 4240 vero
2797 4188 2872 4238 est

629 4274 879 4414 mulii)
910 4311 1049 4403 omn
1084 4365 1164 4402 aa.
1201 4357 1335 4404 1175.
2483 4311 2486 4318 ¹

779 4431 879 4496 (22)
910 4430 1045 4483 obiit
1081 4445 1161 4482 an.
1192 4439 1326 4483 122⁰.
