3276 5083
701 501 959 552 cia-u.
999 502 1077 552 os
1111 502 1425 553 nimsno.
1471 504 1611 553 aar.
1658 505 1703 553 1.
1741 504 1998 563 ouAssr.
2035 504 2241 556 omno.
2495 484 2579 554 51

352 637 667 696 oratioue
709 618 1150 706 sacerdotali3
1191 620 1339 693 sine
1382 646 1518 720 qua
1568 646 1938 720 numquam
1984 622 2454 697 celebrandum
2489 641 2594 699 est

355 734 860 809 matrimonium
884 791 903 821 ,
948 758 1153 833 quam
1194 735 1602 833 quicumque
1652 735 2196 835 contempserint,
2235 751 2352 810 aut
2383 735 2592 811 decli-

358 849 703 936 naverint,
732 850 1061 921 nisiaenetu
1084 852 1280 935 iusto,
1313 864 1429 921 aut
1453 849 1593 921 alia
1615 874 1817 922 causa
1840 853 2233 935 necessaria,
2265 876 2402 923 non
2436 867 2596 927 sunt

357 966 683 1062 coniuges
733 963 1069 1051 habendi,
1126 966 1246 1038 sed
1295 965 1676 1052 fornicarii,
1720 993 1844 1040 nec
1880 966 2000 1038 filii
2036 993 2270 1040 eorum·
2313 964 2592 1066 legitimi

354 1106 513 1155 esse
548 1080 894 1154 censendi.
938 1080 1201 1153 Etenim
1235 1105 1361 1153 nec
1395 1080 1586 1154 cibus
1622 1082 1992 1155 sumendus
2027 1098 2129 1155 est
2162 1083 2423 1183 absque
2443 1107 2595 1155 ora-

355 1197 578 1283 tione,
624 1211 695 1268 et
735 1194 1200 1269 benedictione
1247 1194 1685 1283 sacerdotali3
1741 1196 1859 1268 ubi
1912 1197 2279 1271 sacerdotis
2309 1190 2438 1271 ¹cst
2483 1222 2596 1270 co-

358 1311 481 1410 pia
523 1369 540 1398 ,
602 1336 728 1383 nec
774 1309 1051 1409 aliquod
1100 1335 1273 1409 opus
1323 1311 1524 1383 etiam
1573 1310 1721 1384 leve
1746 1369 1761 1397 ‚
1820 1328 1936 1384 aut
1984 1313 2355 1400 modicum,
2411 1312 2592 1411 quod

359 1425 594 1524 operis
642 1424 908 1498 nemine
958 1425 1235 1522 dignum
1288 1424 1413 1512 sit,
1471 1425 1998 1522 aggrediendum
2055 1426 2163 1500 vel
2213 1427 2593 1500 faciendum

367 1540 631 1640 absque
675 1539 1139 1613 benedictione
1179 1556 1245 1613 et
1279 1539 1510 1612 divina
1549 1540 1971 1615 invocatione
2004 1544 2182 1638 (3).»
2215 1543 2338 1615 His
2366 1541 2596 1641 plures

363 1653 536 1728 alias
577 1650 813 1727 adiicit
856 1678 976 1752 per
1023 1654 1351 1750 integrum
1396 1652 1630 1726 folium
1683 1654 2149 1753 probationes,
2198 1655 2451 1755 quibus
2490 1681 2598 1729 so-

366 1768 504 1841 lum
572 1768 844 1841 evincat
900 1768 1432 1841 convenientiam
1483 1768 1848 1866 recipiendi
1901 1766 2435 1869 exquirendiquc
2478 1769 2598 1843 be-

363 1883 815 1958 nedictionem
867 1881 1272 1970 sacerdotis,
1313 1908 1448 1982 quo
1482 1900 1715 1956 sancte
1748 1883 2120 1958 celebretur
2167 1885 2585 1982 coniugium,

360 2016 565 2099 atquc
623 2000 797 2072 inter
845 2016 1099 2072 ceteras
1148 1999 1345 2071 affert
1389 1999 1772 2099 exemplum
1838 2000 2118 2098 petitum
2167 2026 2249 2072 ex
2298 2000 2601 2099 antiquis

360 2112 767 2212 patriarchis
793 2169 811 2201 ,
843 2113 962 2213 qui
987 2113 1271 2187 orationi
1307 2113 1684 2186 referebant
1715 2130 2060 2213 acceptam
2095 2114 2353 2213 prolem
2389 2141 2593 2212 quam

362 2253 452 2300 ex
498 2228 806 2325 coniugio
854 2244 1299 2327 susceperunt
1339 2285 1355 2314 ,
1423 2253 1559 2300 non
1615 2226 1924 2300 obstante
1983 2252 2266 2300 uxorum
2317 2246 2593 2300 suarum

365 2340 762 2429 sterilitate3
817 2369 939 2416 nec
984 2367 1305 2442 umquam
1362 2356 1559 2414 vocat
1608 2341 2027 2413 sacerdotem⁴
2069 2343 2443 2412 ministrnm
2491 2366 2601 2415 sa-

361 2456 691 2529 cramenti
730 2455 1170 2541 matrimonii;
1229 2454 1382 2527 talis
1436 2480 1635 2554 porro
1685 2453 1891 2540 foret,
1950 2454 2016 2526 si·
2058 2452 2436 2527 benedictio
2475 2479 2597 2529 seu

358 2572 603 2659 oratio,
644 2597 848 2672 quam
893 2570 1112 2644 fundit
1156 2569 1475 2643 sacerdos
1526 2592 1732 2668 super
1780 2567 2256 2643 contrahentes
2275 2626 2291 2657 ,
2347 2569 2602 2644 formae

366 2688 693 2761 rationem
741 2686 1044 2760 haberet.
1537 2698 1541 2702 ’

509 2804 646 2876 Nec
694 2802 923 2875 minus
970 2800 1349 2875 luculenter*
1392 2800 1800 2873 Guilielmus-
1841 2816 2133 2873 mentem
2177 2823 2370 2873 suam
2417 2816 2604 2899 pate—

366 2917 527 2989 facit
574 2916 646 2987 in
696 2915 915 3014 capite
951 2914 1063 3002 lx,
1104 2913 1213 2988 cui
1258 2912 1528 2987 titulus:
1590 2907 2007 2999 Quaestione&
2055 2929 2337 3011 quatuor
2383 2916 2605 3013 sinqu-

371 3034 567 3118 tare-s,
612 3032 947 3106 scribens:
995 3032 1278 3103 «Utrum
1315 3045 1807 3104 sacramentum
1850 3029 1998 3101 veri
2039 3029 2332 3103 nominis·
2378 3045 2444 3102 et
2493 3054 2604 3102 sa-

366 3146 795 3221 cramentalis
829 3147 1094 3220 virtutis
1119 3147 1211 3218 sit
1240 3137 1848 3241 (matrimonium),
1873 3145 1932 3217 si
1950 3159 2214 3243 praeter
2238 3143 2603 3243 nuptialem

368 3262 941 3349 benedictionem,
999 3278 1067 3334 et
1112 3260 1477 3334 orationem
1505 3317 1520 3347 ,
1575 3285 1780 3358 quam
1833 3257 2084 3332 habere
2132 3273 2388 3357 potest,
2441 3284 2605 3331 con-

373 3376 729 3450 trabatur?
772 3378 1011 3450 Verum
1054 3392 1303 3449 certum
1358 3392 1497 3462 est,
1553 3374 1718 3474 quia
1751 3390 1821 3446 et
1851 3401 2112 3447 sacrum
2157 3377 2418 3472 siqnum
2459 3387 2596 3457 est,

368 3507 436 3564 ct
467 3518 756 3578 sacrans,
805 3496 941 3565 sios
974 3493 1389 3591 sanctificam
1428 3493 1668 3563 virtute
1707 3491 2061 3563 essentiali.
2095 3548 2108 3560 .
2142 3548 2156 3561 .
2189 3547 2203 3560 .
2225 3505 2292 3561 et
2324 3488 2604 3561 forsitan

373 3606 654 3692 merito,
706 3601 1072 3679 dummodo
1120 3604 1445 3705 nuptialis
1496 3605 1872 3679 benedictio
1930 3631 2057 3676 non
2111 3617 2600 3688 contemnatur,-

373 3720 496 3792 sed
547 3721 855 3794 virtutem
909 3719 1458 3794 sacramentalem
1520 3722 1793 3793 omnino
1844 3745 1975 3794 non
2026 3717 2263 3804 habet,
2306 3741 2429 3788 nec
2467 3715 2607 3789 veri

369 3831 662 3909 nominis
724 3853 828 3909 cst
894 3851 1384 3911 sacramentum
1412 3893 1427 3922 ,
1500 3836 1633 3908 nisi
1702 3837 1878 3909 sicut
1924 3835 2242 3906 diximus.
2280 3830 2486 3904 *Unde
2541 3844 2609 3904 et

371 3951 870 4024 matrimonium
922 3952 1103 4050 apud
1157 3949 1429 4038 fideles,
1483 3966 1551 4023 et
1601 3953 1784 4047 apud
1837 3948 2186 4035 infideleS,
2245 3948 2609 4047 aequivoce

371 4065 649 4141 dicitur:
695 4068 877 4167 apud
929 4067 1236 4141 infideles
1285 4067 1466 4140 enim
1508 4092 1642 4139 non
1692 4081 1832 4154 est,
1884 4063 2016 4138 nisi
2062 4065 2239 4138 sicut
2274 4051 2601 4150 diximus3

373 4183 551 4281 apud
608 4183 844 4257 fideles
885 4198 1101 4255 autem
1138 4199 1243 4256 est
1285 4181 1399 4255 illo
1448 4181 1686 4269 modo,
1743 4194 1809 4253 et
1858 4181 2133 4279 insuper
2182 4204 2458 4254 sacrans
2492 4178 2610 4252 be-

376 4298 777 4373 nedictionis
821 4297 1094 4387 virtute,
1136 4299 1314 4398 quod
1350 4316 1453 4372 est
1488 4297 1832 4398 proprium
1867 4324 2173 4373 verorum
2208 4297 2440 4396 plenae
2473 4297 2610 4367 vir-

523 4460 595 4522 (3)
624 4462 751 4523 opp.
776 4458 854 4509 ed.
881 4462 1049 4510 venet.
1082 4466 1217 4511 1591.
1239 4461 1359 4511 tom.
1388 4461 1452 4510 ΙΙ.
1478 4474 1586 4524 pag.
1614 4463 1724 4511 492.
1743 4458 1840 4510 col.
1868 4467 1908 4510 ι.
2469 4535 2515 4579 *
