3276 5083
693 422 830 494 348
1094 449 1216 500 us.
1260 449 1306 498 1.
1351 449 1522 500 sacr.
1566 450 1829 502 uram.
1873 452 1955 502 na
1990 451 2255 505 numus
2290 452 2503 506 clviu.

691 567 1062 643 libertatem
1118 584 1471 667 exoptant,
1512 583 1586 641 ut
1624 568 1838 643 libere
1877 570 2147 659 vivant,
2194 587 2310 646 aut
2349 572 2421 644 in
2456 573 2918 653 indifferentia

688 686 914 785 quiete
948 684 1219 782 degant,
1254 699 1331 757 ut
1355 684 1422 757 id
1451 683 1651 759 liceat
1686 685 1868 784 quod
1910 685 2093 761 libet.
2142 687 2251 793 Hi·
2281 687 2543 763 similes
2580 707 2740 765 sunt
2771 719 2918 791 per-

686 801 900 875 versis
935 800 1071 873 illis
1107 799 1370 874 iudaeis
1394 858 1410 887 ,
1456 800 1613 900 qui,
1656 827 1808 873 cum
1843 802 1912 873 in
1946 828 2103 876 vera
2156 801 2478 900 religione
2519 804 2748 880 adhuc
2782 809 2910 883 flo-

687 934 871 992 rente
890 914 1251 1014 tranquille
1266 915 1714 1014 quiescerent,
1730 914 2108 990 libertatem·
2130 917 2586 993 conscientiae
2603 920 2737 994 sibi
2763 923 2910 996 dari

684 1033 1020 1133 petierunt
1043 1046 1121 1104 ut
1142 1030 1356 1128 alege
1380 1030 1680 1104 mosaica
1705 1030 2089 1105 recederent
2114 1059 2130 1120 ;
2154 1033 2277 1105 «ln
2303 1033 2545 1109 diebus
2574 1034 2713 1110 illis
2738 1040 2911 1112 exie

685 1164 844 1223 runt
874 1174 956 1222 ex
996 1146 1207 1221 lsrael
1233 1145 1356 1218 filii
1384 1146 1630 1245 iniqui,
1664 1161 1732 1218 et
1755 1163 2118 1220 suaserunt
2141 1146 2400 1235 multis,
2433 1148 2770 1226 dicentes:
2802 1179 2910 1226 ea-

683 1293 835 1341 mus
855 1280 923 1339 et
943 1265 1385 1365 disponamus
1410 1277 1882 1337 testamentum
1926 1289 2080 1336 oum
2122 1264 2436 1361 gentibus
2459 1322 2476 1352 ,
2519 1291 2698 1364 quae
2727 1268 2908 1343 circa

684 1408 809 1456 nos
838 1398 1019 1455 sunt.
1040 1439 1053 1452 .
1071 1438 1086 1452 .
1104 1397 1195 1454 ‚et
1219 1379 1440 1453 bonus
1460 1380 1656 1453 visus
1679 1394 1788 1452 est
1811 1404 2033 1453 sermo
2057 1379 2128 1451 in
2152 1378 2382 1454 oculis·
2401 1407 2657 1455 eorum.
2681 1383 2769 1457 Et
2787 1384 2908 1457 de—

680 1499 1100 1572 stinaverunt
1123 1496 1336 1594 aliqui
1362 1494 1449 1568 de
1474 1494 1723 1595 populo
1742 1553 1759 1581 ‚
1791 1510 1860 1567 et
1882 1493 2197 1569 abierunt
2219 1495 2308 1569 ad
2335 1522 2590 1594 regem:
2622 1515 2691 1574 et
2728 1499 2908 1574 dedit

679 1615 823 1686 illis
866 1626 1248 1713 potestatem
1279 1625 1352 1682 ut
1386 1611 1674 1708 facerent
1706 1611 2034 1682 iustitiam
2062 1613 2386 1709 qentt‘um,
2418 1627 2485 1685 et
2508 1613 2906 1689 aedificave-

682 1742 838 1799 runt
861 1724 1292 1825 gymnasium
1327 1721 1700 1796 secundum
1737 1721 1923 1819 leges
1960 1723 2309 1797 nationum
2355 1727 2583 1821 (16).»
2626 1729 2759 1802 Rex
2799 1756 2906 1803 as—

679 1867 924 1917 sensus
966 1856 1104 1928 est,
1146 1840 1351 1913 immo
1390 1838 1654 1912 «iussit
1685 1838 2028 1911 aedificari
2079 1864 2235 1913 aras
2280 1856 2349 1914 et
2383 1842 2634 1941 templa
2671 1846 2899 1940 (17).-

675 1957 789 2030 Sic
814 1957 924 2031 isti
954 1953 1492 2057 pseudo-politici
1538 1953 1888 2053 religionis
1926 1954 2298 2029 catholicae
2338 1959 2670 2054 pertaesi,
2710 1960 2904 2034 dese-

677 2088 897 2148 rentes
950 2058 1257 2145 instituta
1314 2070 1645 2144 maiorum
1705 2068 2001 2143 inierunt
2056 2070 2294 2146 foedus
2354 2096 2504 2144 cum
2565 2072 2905 2148 valdensi-

675 2190 804 2264 bus
840 2187 1334 2288 genevensibus
1353 2244 1370 2273 ‚
1419 2186 1808 2283 hugonottis
1826 2243 1843 2273 ‚
1900 2186 2275 2284 anglicanis
2326 2186 2619 2288 aliisque
2669 2190 2905 2265 haere-

675 2307 827 2381 ticis
849 2364 867 2395 ,
921 2333 1060 2379 una
1104 2292 1260 2380 wcum
1311 2304 1588 2379 secretis
1640 2302 1978 2402 quibusve
2025 2302 2231 2376 sectis
2255 2359 2272 2388 ‚
2315 2329 2603 2402 quarum
2652 2314 2903 2405 scopus

674 2438 779 2497 est
836 2447 1102 2495 omnem
1175 2421 1563 2518 religionem
1628 2418 1991 2491 revelatam
2058 2417 2407 2491 destruere
2430 2474 2447 2504 ,
2525 2416 2900 2494 libertatem

671 2537 1125 2612 conscientiae
1176 2534 1678 2636 proclamarunt
1719 2533 1806 2607 ad
1857 2532 2256 2635 turpissima
2303 2531 2534 2607 omnia
2602 2534 2899 2610 facinora

672 2655 948 2752 impune
977 2652 1448 2752 perpetranda.
1482 2650 1759 2749 Templa
1795 2649 2324 2749 protestantibus
2355 2668 2732 2738 erexerunt,
2764 2651 2900 2726 bel-

666 2766 808 2840 lum
858 2768 1234 2840 excitarunt
1272 2766 1600 2841 adversus
1654 2765 2045 2863 religionem
2080 2764 2478 2840 catholicam
2498 2822 2516 2852 ,
2551 2782 2625 2839 et
2660 2766 2896 2841 adver-

668 2910 788 2957 sus
829 2908 1174 2956 romanam
1209 2882 1438 2956 sedem
1461 2939 1477 2969 ‚
1517 2898 1750 2982 utpote
1802 2881 2016 2956 solam
2061 2881 2278 2955 divini
2328 2881 2619 2982 depositi
2672 2899 2895 2958 custo·-

664 2999 818 3072 dem
845 3014 1047 3099 atque
1073 2999 1413 3085 tutricem;
1447 2998 1869 3097 exagitarunt
1892 3013 2225 3097 quotquot
2249 2996 2487 3071 fideles
2522 2997 2898 3073 catholicae

664 3114 992 3189 ecclesiae
1053 3113 1516 3188 observatores
1548 3171 1565 3200 ,
1628 3112 1908 3213 verique
1955 3111 2078 3186 Dei
2142 3109 2432 3186 cultores
2500 3129 2892 3212 repererunt

663 3247 783 3305 aut
832 3231 1208 3331 reperiunt,
1271 3229 1400 3304 sub
1448 3230 1698 3330 hisque
1740 3228 2067 3328 auspiciis
2115 3226 2492 3302 libertatem
2541 3229 2890 3327 coniugio—

665 3373 813 3420 rum
867 3347 1218 3421 adstruere
1268 3344 1575 3444 aggressi
1625 3360 1807 3418 sunt.

818 3465 1061 3536 Tertio.
1096 3462 1220 3536 Ast
1252 3462 1619 3535 cohaerent
1645 3485 1728 3531 ne
1754 3457 1888 3532 sibi
1925 3458 2038 3532 isti
2074 3456 2401 3531 libertatis
2434 3457 2893 3531 conscientiae

659 3576 1009 3652 absolutae
1058 3593 1428 3651 assertores
1463 3590 1531 3649 et
1561 3573 1926 3649 vindices?
1968 3572 2164 3646 Nullo
2192 3573 2414 3648 modo.
2451 3575 2620 3646 Nam
2649 3573 2720 3645 hi
2750 3573 2885 3672 ipsi

657 3710 838 3783 sunt,
888 3695 1006 3794 qui
1042 3694 1417 3766 iuramenta
1440 3691 1717 3789 exigunt
1737 3705 1807 3764 et
1831 3691 2189 3789 imponunt
2219 3690 2487 3788 quoties
2513 3690 2582 3761 id
2610 3688 2743 3763 sibi
2771 3714 2881 3763 su-

656 3812 852 3910 isque
876 3809 1161 3907 negotiis
1186 3809 1503 3909 expedire
1527 3806 1962 3880 arbitrantur.
2000 3805 2477 3879 Iusiurandum
2502 3806 2779 3901 exigunt
2794 3804 2882 3877 ab

654 3925 968 4000 omnibus
1004 3925 1090 3998 ad
1126 3927 1461 3997 Statutum
1501 3921 1791 3995 fideliter
1824 3921 2255 4007 servandum,
2293 3935 2497 4020 atque
2522 3920 2591 3991 in
2619 3946 2743 3993 sua
2775 3919 2883 3990 in·-

653 4040 957 4138 tegritate
983 4040 1496 4113 custodiendum
1519 4097 1534 4126 ,
1568 4037 1963 4112 nominatim
1990 4035 2078 4110 ab
2105 4036 2216 4124 iis,
2252 4061 2425 4136 quos
2453 4035 2747 4135 publicis
2771 4060 2882 4108 ne—

650 4155 853 4255 gotiis
896 4155 1294 4254 praeficiunt
1317 4185 1331 4240 ;
1376 4168 1701 4253 expetunt
1722 4181 1764 4227 a
1792 4151 2083 4253 publicis
2113 4150 2617 4251 magistratibus
2643 4176 2724 4226 ac
2751 4150 2880 4223 mi-

640 4425 651 4436 ,
710 4431 719 4436 θ
793 4361 894 4426 (is)
928 4364 966 4412 1.
997 4360 1222 4420 machab.
1244 4365 1283 4413 1.
1311 4369 1467 4414 1245.

794 4442 896 4505 (17)
928 4441 1054 4494 lhid.
1091 4455 1140 4493 v.
1172 4449 1244 4493 19.
