<?xml version="1.0" encoding="UTF-8"?>
<!DOCTYPE html PUBLIC "-//W3C//DTD XHTML 1.0 Transitional//EN"
    "http://www.w3.org/TR/xhtml1/DTD/xhtml1-transitional.dtd">
<html xmlns="http://www.w3.org/1999/xhtml" xml:lang="en" lang="en">
 <head>
  <title>
</title>
<meta http-equiv="Content-Type" content="text/html;charset=utf-8" />
  <meta name='ocr-system' content='tesseract 3.04.00' />
  <meta name='ocr-capabilities' content='ocr_page ocr_carea ocr_par ocr_line ocrx_word'/>
</head>
<body>
  <div class='ocr_page' id='page_1' title='image "./dematrimoniochr04perrgoog_0419.png"; bbox 0 0 3276 5083; ppageno 0'>
   <div class='ocr_carea' id='block_1_1' title="bbox 584 451 2599 524">
    <p class='ocr_par' dir='ltr' id='par_1_1' title="bbox 584 451 2599 524">
     <span class='ocr_line' id='line_1_1' title="bbox 584 451 2599 524; baseline 0 -2"><span class='ocrx_word' id='word_1_1' title='bbox 584 473 726 524; x_wconf 73' lang='lat' dir='ltr'><strong>cn.</strong></span> <span class='ocrx_word' id='word_1_2' title='bbox 755 473 846 522; x_wconf 77' lang='lat' dir='ltr'><strong>iv.</strong></span> <span class='ocrx_word' id='word_1_3' title='bbox 869 472 949 522; x_wconf 75' lang='lat' dir='ltr'><strong>ns</strong></span> <span class='ocrx_word' id='word_1_4' title='bbox 973 471 1213 523; x_wconf 64' lang='lat' dir='ltr'><strong>Anaua.</strong></span> <span class='ocrx_word' id='word_1_5' title='bbox 1242 471 1358 521; x_wconf 73' lang='lat' dir='ltr'><strong>rso</strong></span> <span class='ocrx_word' id='word_1_6' title='bbox 1385 471 1541 522; x_wconf 70' lang='lat' dir='ltr'><strong>tros</strong></span> <span class='ocrx_word' id='word_1_7' title='bbox 1568 471 1648 520; x_wconf 73' lang='lat' dir='ltr'><strong>ns</strong></span> <span class='ocrx_word' id='word_1_8' title='bbox 1673 472 1863 522; x_wconf 74' lang='lat' dir='ltr'><strong>iura.</strong></span> <span class='ocrx_word' id='word_1_9' title='bbox 1890 470 2017 522; x_wconf 77' lang='lat' dir='ltr'><strong>civ.</strong></span> <span class='ocrx_word' id='word_1_10' title='bbox 2040 472 2180 522; x_wconf 61' lang='lat' dir='ltr'><strong>aar.</strong></span> <span class='ocrx_word' id='word_1_11' title='bbox 2204 473 2301 524; x_wconf 81' lang='grc' dir='ltr'><strong>ιιι.</strong></span> <span class='ocrx_word' id='word_1_12' title='bbox 2458 451 2599 523; x_wconf 75' lang='grc'><strong>395</strong></span> 
     </span>
    </p>
   </div>
   <div class='ocr_carea' id='block_1_2' title="bbox 365 589 2608 2880">
    <p class='ocr_par' dir='ltr' id='par_1_2' title="bbox 365 589 2606 2186">
     <span class='ocr_line' id='line_1_2' title="bbox 370 589 2598 690; baseline 0.002 -28"><span class='ocrx_word' id='word_1_13' title='bbox 370 591 692 689; x_wconf 89' lang='lat' dir='ltr'><strong>primario</strong></span> <span class='ocrx_word' id='word_1_14' title='bbox 731 590 817 664; x_wconf 89' lang='lat' dir='ltr'><strong>ad</strong></span> <span class='ocrx_word' id='word_1_15' title='bbox 863 589 1245 663; x_wconf 78' lang='lat' dir='ltr'><strong>felicitatem</strong></span> <span class='ocrx_word' id='word_1_16' title='bbox 1287 607 1662 677; x_wconf 87' lang='lat' dir='ltr'><strong>aeternam;</strong></span> <span class='ocrx_word' id='word_1_17' title='bbox 1714 615 1917 664; x_wconf 87' lang='lat' dir='ltr'><strong>unam</strong></span> <span class='ocrx_word' id='word_1_18' title='bbox 1957 589 2230 690; x_wconf 86' lang='lat' dir='ltr'><strong>quidem</strong></span> <span class='ocrx_word' id='word_1_19' title='bbox 2265 589 2353 664; x_wconf 84' lang='lat' dir='ltr'><strong>ab</strong></span> <span class='ocrx_word' id='word_1_20' title='bbox 2387 591 2598 666; x_wconf 81' lang='lat' dir='ltr'><strong>altera</strong></span> 
     </span>
     <span class='ocr_line' id='line_1_3' title="bbox 365 706 2603 807; baseline 0.001 -29"><span class='ocrx_word' id='word_1_21' title='bbox 365 706 679 779; x_wconf 71' lang='lat' dir='ltr'><strong><em>distinxit</em></strong></span> <span class='ocrx_word' id='word_1_22' title='bbox 721 722 1117 805; x_wconf 88' lang='lat' dir='ltr'><strong>potestatem</strong></span> <span class='ocrx_word' id='word_1_23' title='bbox 1142 762 1157 792; x_wconf 94' lang='lat'><strong>‚</strong></span> <span class='ocrx_word' id='word_1_24' title='bbox 1200 731 1335 779; x_wconf 89' lang='lat' dir='ltr'><strong>non</strong></span> <span class='ocrx_word' id='word_1_25' title='bbox 1368 721 1592 778; x_wconf 90' lang='lat' dir='ltr'><strong>tamen</strong></span> <span class='ocrx_word' id='word_1_26' title='bbox 1636 706 1867 779; x_wconf 83' lang='lat' dir='ltr'><strong>divisit</strong></span> <span class='ocrx_word' id='word_1_27' title='bbox 1890 722 2009 780; x_wconf 90' lang='lat' dir='ltr'><strong>aut</strong></span> <span class='ocrx_word' id='word_1_28' title='bbox 2031 709 2366 806; x_wconf 80' lang='lat' dir='ltr'><strong>separavit</strong></span> <span class='ocrx_word' id='word_1_29' title='bbox 2396 767 2412 796; x_wconf 90' lang='lat'>,</span> <span class='ocrx_word' id='word_1_30' title='bbox 2454 734 2603 807; x_wconf 77' lang='lat' dir='ltr'><strong>per-</strong></span> 
     </span>
     <span class='ocr_line' id='line_1_4' title="bbox 365 820 2604 922; baseline 0.002 -30"><span class='ocrx_word' id='word_1_31' title='bbox 365 820 525 894; x_wconf 89' lang='lat' dir='ltr'><strong>inde</strong></span> <span class='ocrx_word' id='word_1_32' title='bbox 573 847 652 896; x_wconf 85' lang='lat' dir='ltr'><strong>ac</strong></span> <span class='ocrx_word' id='word_1_33' title='bbox 702 821 762 895; x_wconf 87' lang='lat' dir='ltr'><strong>si</strong></span> <span class='ocrx_word' id='word_1_34' title='bbox 812 820 1121 895; x_wconf 80' lang='lat' dir='ltr'><strong>diversae</strong></span> <span class='ocrx_word' id='word_1_35' title='bbox 1168 836 1399 894; x_wconf 89' lang='lat' dir='ltr'><strong>essent</strong></span> <span class='ocrx_word' id='word_1_36' title='bbox 1442 823 1822 895; x_wconf 82' lang='lat' dir='ltr'><strong>societates.</strong></span> <span class='ocrx_word' id='word_1_37' title='bbox 1880 823 2047 895; x_wconf 84' lang='lat' dir='ltr'><strong>Nam</strong></span> <span class='ocrx_word' id='word_1_38' title='bbox 2090 849 2227 895; x_wconf 86' lang='lat' dir='ltr'><strong>una</strong></span> <span class='ocrx_word' id='word_1_39' title='bbox 2277 822 2604 922; x_wconf 82' lang='lat' dir='ltr'><strong>eademqe</strong></span> 
     </span>
     <span class='ocr_line' id='line_1_5' title="bbox 368 937 2602 1037; baseline 0.002 -29"><span class='ocrx_word' id='word_1_40' title='bbox 368 952 473 1011; x_wconf 89' lang='lat' dir='ltr'><strong>est</strong></span> <span class='ocrx_word' id='word_1_41' title='bbox 515 938 801 1012; x_wconf 84' lang='lat' dir='ltr'><strong>societas</strong></span> <span class='ocrx_word' id='word_1_42' title='bbox 827 995 842 1022; x_wconf 91' lang='lat'>‚</span> <span class='ocrx_word' id='word_1_43' title='bbox 885 963 1059 1037; x_wconf 87' lang='lat' dir='ltr'><strong>quae</strong></span> <span class='ocrx_word' id='word_1_44' title='bbox 1091 938 1347 1035; x_wconf 80' lang='lat' dir='ltr'><strong>regitur</strong></span> <span class='ocrx_word' id='word_1_45' title='bbox 1373 937 1461 1012; x_wconf 90' lang='lat' dir='ltr'><strong>ab</strong></span> <span class='ocrx_word' id='word_1_46' title='bbox 1485 953 1772 1037; x_wconf 87' lang='lat' dir='ltr'><strong>utraque</strong></span> <span class='ocrx_word' id='word_1_47' title='bbox 1807 955 2135 1037; x_wconf 79' lang='lat' dir='ltr'><strong>potestate</strong></span> <span class='ocrx_word' id='word_1_48' title='bbox 2171 938 2299 1013; x_wconf 86' lang='lat' dir='ltr'><strong>sub</strong></span> <span class='ocrx_word' id='word_1_49' title='bbox 2333 939 2602 1013; x_wconf 85' lang='lat' dir='ltr'><strong>diverso</strong></span> 
     </span>
     <span class='ocr_line' id='line_1_6' title="bbox 380 1051 2583 1153; baseline 0.001 -28"><span class='ocrx_word' id='word_1_50' title='bbox 380 1067 727 1152; x_wconf 78' lang='lat' dir='ltr'><strong>respectu,</strong></span> <span class='ocrx_word' id='word_1_51' title='bbox 775 1080 1088 1153; x_wconf 88' lang='lat' dir='ltr'><strong>quaeque</strong></span> <span class='ocrx_word' id='word_1_52' title='bbox 1121 1053 1239 1125; x_wconf 87' lang='lat' dir='ltr'><strong>uni</strong></span> <span class='ocrx_word' id='word_1_53' title='bbox 1277 1051 1514 1126; x_wconf 88' lang='lat' dir='ltr'><strong>subest</strong></span> <span class='ocrx_word' id='word_1_54' title='bbox 1563 1054 1817 1127; x_wconf 85' lang='lat' dir='ltr'><strong>auctori</strong></span> <span class='ocrx_word' id='word_1_55' title='bbox 1854 1080 1933 1127; x_wconf 89' lang='lat' dir='ltr'><strong>ac</strong></span> <span class='ocrx_word' id='word_1_56' title='bbox 1965 1054 2252 1128; x_wconf 88' lang='lat' dir='ltr'><strong>Domino</strong></span> <span class='ocrx_word' id='word_1_57' title='bbox 2289 1053 2583 1129; x_wconf 86' lang='lat' dir='ltr'><strong>Christo.</strong></span> 
     </span>
     <span class='ocr_line' id='line_1_7' title="bbox 375 1166 2599 1270; baseline 0.002 -30"><span class='ocrx_word' id='word_1_58' title='bbox 375 1166 958 1253; x_wconf 81' lang='lat' dir='ltr'><strong>Quemadmodum</strong></span> <span class='ocrx_word' id='word_1_59' title='bbox 1019 1168 1333 1268; x_wconf 88' lang='lat' dir='ltr'><strong>superius</strong></span> <span class='ocrx_word' id='word_1_60' title='bbox 1384 1168 1719 1256; x_wconf 81' lang='lat' dir='ltr'><strong>diximus,</strong></span> <span class='ocrx_word' id='word_1_61' title='bbox 1770 1170 1865 1242; x_wconf 90' lang='lat' dir='ltr'><strong>ita</strong></span> <span class='ocrx_word' id='word_1_62' title='bbox 1913 1195 1990 1241; x_wconf 92' lang='lat' dir='ltr'><strong>se</strong></span> <span class='ocrx_word' id='word_1_63' title='bbox 2039 1169 2243 1242; x_wconf 86' lang='lat' dir='ltr'><strong>habet</strong></span> <span class='ocrx_word' id='word_1_64' title='bbox 2296 1186 2599 1270; x_wconf 83' lang='lat' dir='ltr'><strong>potestas</strong></span> 
     </span>
     <span class='ocr_line' id='line_1_8' title="bbox 371 1282 2590 1384; baseline 0.001 -30"><span class='ocrx_word' id='word_1_65' title='bbox 371 1283 645 1381; x_wconf 88' lang='lat' dir='ltr'><strong>politica</strong></span> <span class='ocrx_word' id='word_1_66' title='bbox 683 1284 769 1357; x_wconf 88' lang='lat' dir='ltr'><strong>ad</strong></span> <span class='ocrx_word' id='word_1_67' title='bbox 814 1299 1203 1384; x_wconf 87' lang='lat' dir='ltr'><strong>potestatem</strong></span> <span class='ocrx_word' id='word_1_68' title='bbox 1259 1282 1786 1358; x_wconf 86' lang='lat' dir='ltr'><strong>ecelesiasticam</strong></span> <span class='ocrx_word' id='word_1_69' title='bbox 1820 1310 1903 1356; x_wconf 85' lang='lat' dir='ltr'><strong>ex</strong></span> <span class='ocrx_word' id='word_1_70' title='bbox 1941 1284 2243 1357; x_wconf 88' lang='lat' dir='ltr'><strong>doctrina</strong></span> <span class='ocrx_word' id='word_1_71' title='bbox 2292 1300 2553 1384; x_wconf 87' lang='lat' dir='ltr'><strong>patrum</strong></span> <span class='ocrx_word' id='word_1_72' title='bbox 2574 1341 2590 1370; x_wconf 88' lang='lat'>‚</span> 
     </span>
     <span class='ocr_line' id='line_1_9' title="bbox 372 1398 2590 1499; baseline 0.001 -28"><span class='ocrx_word' id='word_1_73' title='bbox 372 1399 468 1471; x_wconf 89' lang='lat' dir='ltr'><strong>uti</strong></span> <span class='ocrx_word' id='word_1_74' title='bbox 521 1425 595 1472; x_wconf 92' lang='lat' dir='ltr'><strong>se</strong></span> <span class='ocrx_word' id='word_1_75' title='bbox 644 1398 850 1472; x_wconf 87' lang='lat' dir='ltr'><strong>habet</strong></span> <span class='ocrx_word' id='word_1_76' title='bbox 912 1425 1158 1498; x_wconf 87' lang='lat' dir='ltr'><strong>corpus</strong></span> <span class='ocrx_word' id='word_1_77' title='bbox 1221 1398 1311 1472; x_wconf 91' lang='lat' dir='ltr'><strong>ad</strong></span> <span class='ocrx_word' id='word_1_78' title='bbox 1377 1401 1676 1473; x_wconf 88' lang='lat' dir='ltr'><strong>animam</strong></span> <span class='ocrx_word' id='word_1_79' title='bbox 1704 1457 1719 1485; x_wconf 91' lang='lat'>,</span> <span class='ocrx_word' id='word_1_80' title='bbox 1778 1425 1954 1499; x_wconf 87' lang='lat' dir='ltr'><strong>quae</strong></span> <span class='ocrx_word' id='word_1_81' title='bbox 2004 1399 2172 1472; x_wconf 82' lang='lat' dir='ltr'><strong>illud</strong></span> <span class='ocrx_word' id='word_1_82' title='bbox 2235 1400 2590 1487; x_wconf 81' lang='lat' dir='ltr'><strong>informat,</strong></span> 
     </span>
     <span class='ocr_line' id='line_1_10' title="bbox 370 1512 2602 1613; baseline 0.001 -29"><span class='ocrx_word' id='word_1_83' title='bbox 370 1514 543 1610; x_wconf 79' lang='lat' dir='ltr'><strong>regit</strong></span> <span class='ocrx_word' id='word_1_84' title='bbox 580 1539 660 1588; x_wconf 89' lang='lat' dir='ltr'><strong>ac</strong></span> <span class='ocrx_word' id='word_1_85' title='bbox 697 1513 1102 1588; x_wconf 82' lang='lat' dir='ltr'><strong>moderatur.</strong></span> <span class='ocrx_word' id='word_1_86' title='bbox 1136 1514 1484 1613; x_wconf 76' lang='lat' dir='ltr'><strong>Separatio</strong></span> <span class='ocrx_word' id='word_1_87' title='bbox 1521 1514 1809 1587; x_wconf 80' lang='lat' dir='ltr'><strong>duarum</strong></span> <span class='ocrx_word' id='word_1_88' title='bbox 1854 1513 2243 1587; x_wconf 82' lang='lat' dir='ltr'><strong>societatum</strong></span> <span class='ocrx_word' id='word_1_89' title='bbox 2288 1512 2602 1612; x_wconf 81' lang='lat' dir='ltr'><strong>politicae</strong></span> 
     </span>
     <span class='ocr_line' id='line_1_11' title="bbox 377 1627 2600 1726; baseline 0 -26"><span class='ocrx_word' id='word_1_90' title='bbox 377 1652 458 1703; x_wconf 90' lang='lat' dir='ltr'><strong>ac</strong></span> <span class='ocrx_word' id='word_1_91' title='bbox 508 1627 866 1726; x_wconf 78' lang='lat' dir='ltr'><strong>religiosae</strong></span> <span class='ocrx_word' id='word_1_92' title='bbox 915 1644 1021 1703; x_wconf 87' lang='lat' dir='ltr'><strong>est</strong></span> <span class='ocrx_word' id='word_1_93' title='bbox 1068 1629 1413 1702; x_wconf 83' lang='lat' dir='ltr'><strong>inventum</strong></span> <span class='ocrx_word' id='word_1_94' title='bbox 1435 1686 1451 1715; x_wconf 94' lang='lat'>,</span> <span class='ocrx_word' id='word_1_95' title='bbox 1501 1645 1582 1701; x_wconf 85' lang='lat' dir='ltr'><strong>ut</strong></span> <span class='ocrx_word' id='word_1_96' title='bbox 1618 1628 1915 1702; x_wconf 77' lang='lat' dir='ltr'><strong>vidimus</strong></span> <span class='ocrx_word' id='word_1_97' title='bbox 1940 1687 1956 1715; x_wconf 95' lang='lat'>,</span> <span class='ocrx_word' id='word_1_98' title='bbox 2016 1628 2600 1703; x_wconf 82' lang='lat' dir='ltr'><strong>schismaticorum</strong></span> 
     </span>
     <span class='ocr_line' id='line_1_12' title="bbox 377 1742 2604 1844; baseline 0.001 -30"><span class='ocrx_word' id='word_1_99' title='bbox 377 1742 582 1816; x_wconf 90' lang='lat' dir='ltr'><strong>medii</strong></span> <span class='ocrx_word' id='word_1_100' title='bbox 618 1744 806 1830; x_wconf 87' lang='lat' dir='ltr'><strong>aevi,</strong></span> <span class='ocrx_word' id='word_1_101' title='bbox 846 1743 1029 1842; x_wconf 89' lang='lat' dir='ltr'><strong>quod</strong></span> <span class='ocrx_word' id='word_1_102' title='bbox 1066 1744 1358 1843; x_wconf 88' lang='lat' dir='ltr'><strong>primum</strong></span> <span class='ocrx_word' id='word_1_103' title='bbox 1395 1759 1842 1844; x_wconf 85' lang='lat' dir='ltr'><strong>protestantes</strong></span> <span class='ocrx_word' id='word_1_104' title='bbox 1893 1760 2328 1843; x_wconf 88' lang='lat' dir='ltr'><strong>acceperunt,</strong></span> <span class='ocrx_word' id='word_1_105' title='bbox 2368 1760 2604 1842; x_wconf 84' lang='lat' dir='ltr'><strong>postea</strong></span> 
     </span>
     <span class='ocr_line' id='line_1_13' title="bbox 371 1857 2604 1957; baseline 0.001 -26"><span class='ocrx_word' id='word_1_106' title='bbox 371 1883 529 1932; x_wconf 75' lang='lat' dir='ltr'><strong>vero</strong></span> <span class='ocrx_word' id='word_1_107' title='bbox 577 1857 935 1933; x_wconf 86' lang='lat' dir='ltr'><strong>increduli.</strong></span> <span class='ocrx_word' id='word_1_108' title='bbox 972 1859 1298 1944; x_wconf 81' lang='lat' dir='ltr'><strong>Quocirca</strong></span> <span class='ocrx_word' id='word_1_109' title='bbox 1339 1859 1677 1957; x_wconf 85' lang='lat' dir='ltr'><strong>separatio</strong></span> <span class='ocrx_word' id='word_1_110' title='bbox 1702 1875 2084 1935; x_wconf 88' lang='lat' dir='ltr'><strong>contractus</strong></span> <span class='ocrx_word' id='word_1_111' title='bbox 2121 1858 2343 1933; x_wconf 85' lang='lat' dir='ltr'><strong>civilis</strong></span> <span class='ocrx_word' id='word_1_112' title='bbox 2375 1861 2604 1933; x_wconf 88' lang='lat' dir='ltr'><strong>coniu-</strong></span> 
     </span>
     <span class='ocr_line' id='line_1_14' title="bbox 376 1972 2605 2069; baseline 0 -24"><span class='ocrx_word' id='word_1_113' title='bbox 376 1972 550 2068; x_wconf 85' lang='lat' dir='ltr'><strong>galis</strong></span> <span class='ocrx_word' id='word_1_114' title='bbox 577 1999 619 2045; x_wconf 89' lang='lat' dir='ltr'><strong>a</strong></span> <span class='ocrx_word' id='word_1_115' title='bbox 643 1988 1064 2048; x_wconf 89' lang='lat' dir='ltr'><strong>sacramento</strong></span> <span class='ocrx_word' id='word_1_116' title='bbox 1102 1973 1173 2044; x_wconf 89' lang='lat' dir='ltr'><strong>in</strong></span> <span class='ocrx_word' id='word_1_117' title='bbox 1208 1973 1541 2069; x_wconf 83' lang='lat' dir='ltr'><strong>coniugiis</strong></span> <span class='ocrx_word' id='word_1_118' title='bbox 1576 1973 1968 2047; x_wconf 87' lang='lat' dir='ltr'><strong>christianis</strong></span> <span class='ocrx_word' id='word_1_119' title='bbox 2013 1989 2119 2047; x_wconf 89' lang='lat' dir='ltr'><strong>est</strong></span> <span class='ocrx_word' id='word_1_120' title='bbox 2156 1989 2605 2047; x_wconf 89' lang='lat' dir='ltr'><strong>commentum</strong></span> 
     </span>
     <span class='ocr_line' id='line_1_15' title="bbox 384 2085 2606 2186; baseline 0 -27"><span class='ocrx_word' id='word_1_121' title='bbox 384 2085 1100 2186; x_wconf 87' lang='lat' dir='ltr'><strong>pseudo-politicorum</strong></span> <span class='ocrx_word' id='word_1_122' title='bbox 1150 2085 1401 2160; x_wconf 89' lang='lat' dir='ltr'><strong>seculis</strong></span> <span class='ocrx_word' id='word_1_123' title='bbox 1444 2087 1771 2159; x_wconf 88' lang='lat' dir='ltr'><strong>anteactis</strong></span> <span class='ocrx_word' id='word_1_124' title='bbox 1823 2087 2547 2185; x_wconf 84' lang='lat' dir='ltr'><strong>prorsusinauditum.</strong></span> <span class='ocrx_word' id='word_1_125' title='bbox 2603 2118 2606 2123; x_wconf 54' lang='lat'><strong>⁴</strong></span> 
     </span>
    </p>

    <p class='ocr_par' dir='ltr' id='par_1_3' title="bbox 376 2200 2608 2880">
     <span class='ocr_line' id='line_1_16' title="bbox 522 2200 2602 2300; baseline 0.001 -27"><span class='ocrx_word' id='word_1_126' title='bbox 522 2201 706 2273; x_wconf 80' lang='lat' dir='ltr'><strong>Dixit</strong></span> <span class='ocrx_word' id='word_1_127' title='bbox 752 2201 1028 2300; x_wconf 89' lang='lat' dir='ltr'><strong>quidem</strong></span> <span class='ocrx_word' id='word_1_128' title='bbox 1078 2200 1427 2275; x_wconf 85' lang='lat' dir='ltr'><strong>Christus:</strong></span> <span class='ocrx_word' id='word_1_129' title='bbox 1487 2202 1782 2299; x_wconf 76' lang='lat' dir='ltr'><strong>Reqnum</strong></span> <span class='ocrx_word' id='word_1_130' title='bbox 1830 2230 2042 2274; x_wconf 78' lang='lat' dir='ltr'><strong>meum</strong></span> <span class='ocrx_word' id='word_1_131' title='bbox 2082 2229 2210 2274; x_wconf 79' lang='lat' dir='ltr'><strong>non</strong></span> <span class='ocrx_word' id='word_1_132' title='bbox 2245 2218 2340 2276; x_wconf 83' lang='lat' dir='ltr'><strong>est</strong></span> <span class='ocrx_word' id='word_1_133' title='bbox 2373 2202 2452 2275; x_wconf 79' lang='lat' dir='ltr'><strong>cle</strong></span> <span class='ocrx_word' id='word_1_134' title='bbox 2488 2205 2602 2275; x_wconf 76' lang='lat' dir='ltr'><strong>hoc</strong></span> 
     </span>
     <span class='ocr_line' id='line_1_17' title="bbox 379 2316 2606 2413; baseline 0.001 -25"><span class='ocrx_word' id='word_1_135' title='bbox 379 2316 616 2389; x_wconf 74' lang='lat' dir='ltr'><strong>mundo</strong></span> <span class='ocrx_word' id='word_1_136' title='bbox 637 2372 657 2401; x_wconf 91' lang='lat'><em>,</em></span> <span class='ocrx_word' id='word_1_137' title='bbox 715 2316 786 2389; x_wconf 87' lang='lat' dir='ltr'><strong>id</strong></span> <span class='ocrx_word' id='word_1_138' title='bbox 837 2331 941 2389; x_wconf 89' lang='lat' dir='ltr'><strong>est</strong></span> <span class='ocrx_word' id='word_1_139' title='bbox 990 2331 1309 2388; x_wconf 77' lang='lat' dir='ltr'><strong>terrenum</strong></span> <span class='ocrx_word' id='word_1_140' title='bbox 1332 2372 1351 2399; x_wconf 91' lang='lat'>‚</span> <span class='ocrx_word' id='word_1_141' title='bbox 1410 2343 1534 2389; x_wconf 93' lang='lat' dir='ltr'><strong>seu</strong></span> <span class='ocrx_word' id='word_1_142' title='bbox 1582 2342 1860 2413; x_wconf 85' lang='lat' dir='ltr'><strong>regnum</strong></span> <span class='ocrx_word' id='word_1_143' title='bbox 1913 2343 2136 2390; x_wconf 90' lang='lat' dir='ltr'><strong>meum</strong></span> <span class='ocrx_word' id='word_1_144' title='bbox 2188 2343 2320 2391; x_wconf 91' lang='lat' dir='ltr'><strong>non</strong></span> <span class='ocrx_word' id='word_1_145' title='bbox 2372 2335 2500 2390; x_wconf 86' lang='lat' dir='ltr'><strong>est</strong></span> <span class='ocrx_word' id='word_1_146' title='bbox 2529 2334 2606 2390; x_wconf 86' lang='lat' dir='ltr'><strong>ut</strong></span> 
     </span>
     <span class='ocr_line' id='line_1_18' title="bbox 381 2430 2605 2531; baseline 0 -28"><span class='ocrx_word' id='word_1_147' title='bbox 381 2457 587 2529; x_wconf 79' lang='lat' dir='ltr'><strong>regna</strong></span> <span class='ocrx_word' id='word_1_148' title='bbox 614 2448 878 2515; x_wconf 85' lang='lat' dir='ltr'><strong>terrena</strong></span> <span class='ocrx_word' id='word_1_149' title='bbox 900 2490 915 2518; x_wconf 93' lang='lat'>,</span> <span class='ocrx_word' id='word_1_150' title='bbox 950 2431 1070 2505; x_wconf 93' lang='lat' dir='ltr'><strong>sed</strong></span> <span class='ocrx_word' id='word_1_151' title='bbox 1096 2430 1375 2505; x_wconf 89' lang='lat' dir='ltr'><strong>alterius</strong></span> <span class='ocrx_word' id='word_1_152' title='bbox 1425 2431 1624 2531; x_wconf 91' lang='lat' dir='ltr'><strong>plane</strong></span> <span class='ocrx_word' id='word_1_153' title='bbox 1674 2449 1983 2518; x_wconf 89' lang='lat' dir='ltr'><strong>naturae,</strong></span> <span class='ocrx_word' id='word_1_154' title='bbox 2016 2449 2089 2504; x_wconf 90' lang='lat' dir='ltr'><strong>ut</strong></span> <span class='ocrx_word' id='word_1_155' title='bbox 2112 2448 2296 2531; x_wconf 83' lang='lat' dir='ltr'><strong>patet</strong></span> <span class='ocrx_word' id='word_1_156' title='bbox 2327 2457 2407 2504; x_wconf 86' lang='lat' dir='ltr'><strong>ex</strong></span> <span class='ocrx_word' id='word_1_157' title='bbox 2442 2456 2605 2505; x_wconf 90' lang='lat' dir='ltr'><strong>con-</strong></span> 
     </span>
     <span class='ocr_line' id='line_1_19' title="bbox 377 2545 2605 2647; baseline 0 -28"><span class='ocrx_word' id='word_1_158' title='bbox 377 2563 559 2620; x_wconf 83' lang='lat' dir='ltr'><strong>textu</strong></span> <span class='ocrx_word' id='word_1_159' title='bbox 607 2549 785 2641; x_wconf 83' lang='lat'><strong>(78).</strong></span> <span class='ocrx_word' id='word_1_160' title='bbox 839 2545 1034 2632; x_wconf 89' lang='lat' dir='ltr'><strong>Quod</strong></span> <span class='ocrx_word' id='word_1_161' title='bbox 1087 2546 1146 2620; x_wconf 88' lang='lat' dir='ltr'><strong>si</strong></span> <span class='ocrx_word' id='word_1_162' title='bbox 1208 2546 1469 2646; x_wconf 86' lang='lat' dir='ltr'><strong>antiqui</strong></span> <span class='ocrx_word' id='word_1_163' title='bbox 1521 2546 1754 2647; x_wconf 92' lang='lat' dir='ltr'><strong>populi</strong></span> <span class='ocrx_word' id='word_1_164' title='bbox 1797 2562 2155 2647; x_wconf 67' lang='lat' dir='ltr'><strong>utramque</strong></span> <span class='ocrx_word' id='word_1_165' title='bbox 2205 2562 2605 2646; x_wconf 86' lang='lat' dir='ltr'><strong>potestatem</strong></span> 
     </span>
     <span class='ocr_line' id='line_1_20' title="bbox 377 2661 2599 2764; baseline 0.001 -31"><span class='ocrx_word' id='word_1_166' title='bbox 377 2661 712 2761; x_wconf 88' lang='lat' dir='ltr'><strong>politicam</strong></span> <span class='ocrx_word' id='word_1_167' title='bbox 763 2679 830 2734; x_wconf 90' lang='lat' dir='ltr'><strong>et</strong></span> <span class='ocrx_word' id='word_1_168' title='bbox 893 2661 1275 2759; x_wconf 81' lang='lat' dir='ltr'><strong>religiosam</strong></span> <span class='ocrx_word' id='word_1_169' title='bbox 1346 2663 1927 2761; x_wconf 89' lang='lat' dir='ltr'><strong>permiscuerunt,</strong></span> <span class='ocrx_word' id='word_1_170' title='bbox 1999 2663 2159 2738; x_wconf 88' lang='lat' dir='ltr'><strong>inde</strong></span> <span class='ocrx_word' id='word_1_171' title='bbox 2235 2663 2599 2764; x_wconf 80' lang='lat' dir='ltr'><strong>provenit,</strong></span> 
     </span>
     <span class='ocr_line' id='line_1_21' title="bbox 376 2778 2608 2880; baseline -0.001 -26"><span class='ocrx_word' id='word_1_172' title='bbox 376 2779 558 2878; x_wconf 86' lang='lat' dir='ltr'><strong>quod</strong></span> <span class='ocrx_word' id='word_1_173' title='bbox 612 2779 910 2879; x_wconf 91' lang='lat' dir='ltr'><strong>supremi</strong></span> <span class='ocrx_word' id='word_1_174' title='bbox 957 2779 1369 2878; x_wconf 87' lang='lat' dir='ltr'><strong>imperantes</strong></span> <span class='ocrx_word' id='word_1_175' title='bbox 1422 2778 1553 2852; x_wconf 91' lang='lat' dir='ltr'><strong>sibi</strong></span> <span class='ocrx_word' id='word_1_176' title='bbox 1595 2794 1952 2879; x_wconf 88' lang='lat' dir='ltr'><strong>utramque</strong></span> <span class='ocrx_word' id='word_1_177' title='bbox 2002 2780 2490 2880; x_wconf 85' lang='lat' dir='ltr'><strong>adscripserint</strong></span> <span class='ocrx_word' id='word_1_178' title='bbox 2526 2804 2608 2852; x_wconf 89' lang='lat' dir='ltr'><strong>ac</strong></span> 
     </span>
    </p>
   </div>
   <div class='ocr_carea' id='block_1_3' title="bbox 372 2983 2626 4484">
    <p class='ocr_par' dir='ltr' id='par_1_4' title="bbox 372 2983 2619 3929">
     <span class='ocr_line' id='line_1_22' title="bbox 523 2983 2604 3050; baseline 0.002 -18"><span class='ocrx_word' id='word_1_179' title='bbox 523 2983 622 3044; x_wconf 79' lang='grc'><strong>(78)</strong></span> <span class='ocrx_word' id='word_1_180' title='bbox 656 2983 811 3033; x_wconf 87' lang='lat' dir='ltr'><strong>Cuius</strong></span> <span class='ocrx_word' id='word_1_181' title='bbox 851 2983 1053 3047; x_wconf 86' lang='lat' dir='ltr'><strong>quidem</strong></span> <span class='ocrx_word' id='word_1_182' title='bbox 1094 2984 1507 3048; x_wconf 81' lang='lat' dir='ltr'><strong>interpretationis</strong></span> <span class='ocrx_word' id='word_1_183' title='bbox 1542 2984 1696 3035; x_wconf 79' lang='lat' dir='ltr'><strong>vades</strong></span> <span class='ocrx_word' id='word_1_184' title='bbox 1731 2984 1907 3036; x_wconf 88' lang='lat' dir='ltr'><strong>damus</strong></span> <span class='ocrx_word' id='word_1_185' title='bbox 1927 2998 2025 3036; x_wconf 87' lang='lat' dir='ltr'><strong>non</strong></span> <span class='ocrx_word' id='word_1_186' title='bbox 2049 2987 2273 3050; x_wconf 78' lang='lat' dir='ltr'><strong>exegetas</strong></span> <span class='ocrx_word' id='word_1_187' title='bbox 2307 2986 2604 3045; x_wconf 78' lang='lat' dir='ltr'><strong>catholicos,</strong></span> 
     </span>
     <span class='ocr_line' id='line_1_23' title="bbox 382 3060 2616 3128; baseline 0.002 -19"><span class='ocrx_word' id='word_1_188' title='bbox 382 3060 538 3110; x_wconf 86' lang='lat' dir='ltr'><strong>multo</strong></span> <span class='ocrx_word' id='word_1_189' title='bbox 558 3073 674 3111; x_wconf 82' lang='lat' dir='ltr'><strong>vero</strong></span> <span class='ocrx_word' id='word_1_190' title='bbox 693 3063 857 3110; x_wconf 85' lang='lat' dir='ltr'><strong>minus</strong></span> <span class='ocrx_word' id='word_1_191' title='bbox 877 3062 1076 3112; x_wconf 79' lang='lat' dir='ltr'><strong>iesuitas</strong></span> <span class='ocrx_word' id='word_1_192' title='bbox 1093 3101 1108 3126; x_wconf 88' lang='lat'>‚</span> <span class='ocrx_word' id='word_1_193' title='bbox 1133 3063 1220 3126; x_wconf 86' lang='lat' dir='ltr'><strong>qui</strong></span> <span class='ocrx_word' id='word_1_194' title='bbox 1240 3062 1572 3113; x_wconf 79' lang='lat' dir='ltr'><strong>hilaritatem</strong></span> <span class='ocrx_word' id='word_1_195' title='bbox 1602 3064 1874 3114; x_wconf 82' lang='lat' dir='ltr'><strong>excitarent</strong></span> <span class='ocrx_word' id='word_1_196' title='bbox 1902 3065 1955 3115; x_wconf 92' lang='lat' dir='ltr'><strong>in</strong></span> <span class='ocrx_word' id='word_1_197' title='bbox 1986 3061 2257 3128; x_wconf 78' lang='lat' dir='ltr'><strong>subalpinis</strong></span> <span class='ocrx_word' id='word_1_198' title='bbox 2286 3064 2530 3125; x_wconf 83' lang='lat' dir='ltr'><strong>comitiis,</strong></span> <span class='ocrx_word' id='word_1_199' title='bbox 2558 3066 2616 3114; x_wconf 89' lang='lat' dir='ltr'><strong>ut</strong></span> 
     </span>
     <span class='ocr_line' id='line_1_24' title="bbox 382 3139 2609 3207; baseline 0.002 -18"><span class='ocrx_word' id='word_1_200' title='bbox 382 3139 451 3189; x_wconf 83' lang='lat' dir='ltr'><strong>ibi</strong></span> <span class='ocrx_word' id='word_1_201' title='bbox 471 3139 682 3203; x_wconf 85' lang='lat' dir='ltr'><strong>dicitur,</strong></span> <span class='ocrx_word' id='word_1_202' title='bbox 702 3139 790 3190; x_wconf 85' lang='lat' dir='ltr'><strong>sed</strong></span> <span class='ocrx_word' id='word_1_203' title='bbox 810 3143 1158 3204; x_wconf 80' lang='lat' dir='ltr'><strong>protestantes,</strong></span> <span class='ocrx_word' id='word_1_204' title='bbox 1181 3142 1281 3193; x_wconf 88' lang='lat' dir='ltr'><strong>imo</strong></span> <span class='ocrx_word' id='word_1_205' title='bbox 1302 3145 1352 3193; x_wconf 89' lang='lat' dir='ltr'><strong>et</strong></span> <span class='ocrx_word' id='word_1_206' title='bbox 1374 3142 1703 3194; x_wconf 75' lang='lat' dir='ltr'><strong>rationaiistas</strong></span> <span class='ocrx_word' id='word_1_207' title='bbox 1721 3157 1846 3207; x_wconf 83' lang='lat' dir='ltr'><strong>qnos</strong></span> <span class='ocrx_word' id='word_1_208' title='bbox 1865 3143 2134 3194; x_wconf 79' lang='lat' dir='ltr'><strong>adversarii</strong></span> <span class='ocrx_word' id='word_1_209' title='bbox 2156 3144 2312 3194; x_wconf 87' lang='lat' dir='ltr'><strong>nostrl</strong></span> <span class='ocrx_word' id='word_1_210' title='bbox 2327 3141 2528 3194; x_wconf 76' lang='lat' dir='ltr'><strong>maioris</strong></span> <span class='ocrx_word' id='word_1_211' title='bbox 2540 3142 2609 3193; x_wconf 75' lang='lat' dir='ltr'><strong>ra·</strong></span> 
     </span>
     <span class='ocr_line' id='line_1_25' title="bbox 372 3219 2613 3284; baseline 0.001 -14"><span class='ocrx_word' id='word_1_212' title='bbox 372 3220 529 3270; x_wconf 85' lang='lat' dir='ltr'><strong>ciunt.</strong></span> <span class='ocrx_word' id='word_1_213' title='bbox 561 3219 717 3284; x_wconf 76' lang='lat' dir='ltr'><strong>Igitur</strong></span> <span class='ocrx_word' id='word_1_214' title='bbox 753 3221 1090 3272; x_wconf 80' lang='lat' dir='ltr'><strong>Rosenmilller</strong></span> <span class='ocrx_word' id='word_1_215' title='bbox 1127 3221 1291 3272; x_wconf 88' lang='lat' dir='ltr'><strong>senior</strong></span> <span class='ocrx_word' id='word_1_216' title='bbox 1322 3224 1372 3273; x_wconf 91' lang='lat' dir='ltr'><strong>in</strong></span> <span class='ocrx_word' id='word_1_217' title='bbox 1416 3223 1617 3274; x_wconf 83' lang='lat' dir='ltr'><strong>scholiis</strong></span> <span class='ocrx_word' id='word_1_218' title='bbox 1654 3225 1718 3274; x_wconf 81' lang='lat' dir='ltr'><strong>sd</strong></span> <span class='ocrx_word' id='word_1_219' title='bbox 1759 3226 1829 3274; x_wconf 88' lang='lat' dir='ltr'><strong>lo.</strong></span> <span class='ocrx_word' id='word_1_220' title='bbox 1860 3225 2037 3274; x_wconf 81' lang='lat' dir='ltr'><strong>xvm.</strong></span> <span class='ocrx_word' id='word_1_221' title='bbox 2064 3230 2139 3274; x_wconf 77' lang='grc'><strong>36.</strong></span> <span class='ocrx_word' id='word_1_222' title='bbox 2168 3224 2237 3274; x_wconf 79' lang='lat' dir='ltr'><strong>ita</strong></span> <span class='ocrx_word' id='word_1_223' title='bbox 2259 3223 2408 3274; x_wconf 82' lang='lat' dir='ltr'><strong>verba</strong></span> <span class='ocrx_word' id='word_1_224' title='bbox 2430 3224 2613 3275; x_wconf 82' lang='lat' dir='ltr'><strong>Christi</strong></span> 
     </span>
     <span class='ocr_line' id='line_1_26' title="bbox 376 3291 2612 3368; baseline 0.001 -18"><span class='ocrx_word' id='word_1_225' title='bbox 376 3303 594 3351; x_wconf 75' lang='lat' dir='ltr'><strong>enarrat:</strong></span> <span class='ocrx_word' id='word_1_226' title='bbox 619 3320 643 3345; x_wconf 72' lang='grc' dir='ltr'><strong><em>κ</em></strong></span> <span class='ocrx_word' id='word_1_227' title='bbox 668 3304 901 3365; x_wconf 75' lang='lat' dir='ltr'><strong>Reqnum</strong></span> <span class='ocrx_word' id='word_1_228' title='bbox 927 3314 1099 3351; x_wconf 77' lang='lat' dir='ltr'><strong>meum</strong></span> <span class='ocrx_word' id='word_1_229' title='bbox 1124 3314 1227 3351; x_wconf 81' lang='lat' dir='ltr'><strong>non</strong></span> <span class='ocrx_word' id='word_1_230' title='bbox 1250 3305 1328 3352; x_wconf 78' lang='lat' dir='ltr'><strong>est</strong></span> <span class='ocrx_word' id='word_1_231' title='bbox 1352 3305 1620 3353; x_wconf 79' lang='lat' dir='ltr'><strong>terrenum</strong></span> <span class='ocrx_word' id='word_1_232' title='bbox 1680 3291 1813 3350; x_wconf 77' lang='grc' dir='ltr'><strong><em>εἶναι</em></strong></span> <span class='ocrx_word' id='word_1_233' title='bbox 1859 3295 1911 3349; x_wconf 78' lang='grc' dir='ltr'><strong>ἐκ</strong></span> <span class='ocrx_word' id='word_1_234' title='bbox 1950 3296 2046 3348; x_wconf 79' lang='grc' dir='ltr'><strong>τοῦ</strong></span> <span class='ocrx_word' id='word_1_235' title='bbox 2081 3297 2306 3368; x_wconf 61' lang='lat' dir='ltr'><strong>noo-poti,</strong></span> <span class='ocrx_word' id='word_1_236' title='bbox 2341 3301 2612 3365; x_wconf 76' lang='lat' dir='ltr'><strong>significare</strong></span> 
     </span>
     <span class='ocr_line' id='line_1_27' title="bbox 378 3381 2613 3446; baseline -0.001 -14"><span class='ocrx_word' id='word_1_237' title='bbox 378 3382 540 3444; x_wconf 84' lang='lat' dir='ltr'><strong>potest</strong></span> <span class='ocrx_word' id='word_1_238' title='bbox 558 3381 636 3432; x_wconf 78' lang='lat' dir='ltr'><strong>rol</strong></span> <span class='ocrx_word' id='word_1_239' title='bbox 653 3382 892 3445; x_wconf 77' lang='lat' dir='ltr'><strong>originem</strong></span> <span class='ocrx_word' id='word_1_240' title='bbox 913 3394 1108 3432; x_wconf 87' lang='lat' dir='ltr'><strong>sumere</strong></span> <span class='ocrx_word' id='word_1_241' title='bbox 1123 3395 1185 3432; x_wconf 79' lang='lat' dir='ltr'><strong>ex</strong></span> <span class='ocrx_word' id='word_1_242' title='bbox 1205 3382 1282 3432; x_wconf 85' lang='lat' dir='ltr'><strong>his</strong></span> <span class='ocrx_word' id='word_1_243' title='bbox 1295 3383 1606 3446; x_wconf 73' lang='lat' dir='ltr'><strong>hominibus:</strong></span> <span class='ocrx_word' id='word_1_244' title='bbox 1625 3384 1705 3434; x_wconf 80' lang='lat' dir='ltr'><strong>vel</strong></span> <span class='ocrx_word' id='word_1_245' title='bbox 1726 3383 1888 3434; x_wconf 85' lang='lat' dir='ltr'><strong>simile</strong></span> <span class='ocrx_word' id='word_1_246' title='bbox 1904 3395 2011 3434; x_wconf 85' lang='lat' dir='ltr'><strong>esse</strong></span> <span class='ocrx_word' id='word_1_247' title='bbox 2027 3395 2176 3446; x_wconf 81' lang='lat' dir='ltr'><strong>regno</strong></span> <span class='ocrx_word' id='word_1_248' title='bbox 2190 3383 2613 3433; x_wconf 83' lang='lat' dir='ltr'><strong>terreno.Utrnm-</strong></span> 
     </span>
     <span class='ocr_line' id='line_1_28' title="bbox 378 3460 2616 3527; baseline 0 -16"><span class='ocrx_word' id='word_1_249' title='bbox 378 3472 477 3523; x_wconf 79' lang='lat' dir='ltr'><strong>que</strong></span> <span class='ocrx_word' id='word_1_250' title='bbox 506 3460 680 3512; x_wconf 87' lang='lat' dir='ltr'><strong>eodem</strong></span> <span class='ocrx_word' id='word_1_251' title='bbox 716 3460 843 3512; x_wconf 85' lang='lat' dir='ltr'><strong>redit</strong></span> <span class='ocrx_word' id='word_1_252' title='bbox 860 3499 876 3524; x_wconf 88' lang='lat'>,</span> <span class='ocrx_word' id='word_1_253' title='bbox 899 3462 940 3512; x_wconf 90' lang='lat' dir='ltr'><strong>si</strong></span> <span class='ocrx_word' id='word_1_254' title='bbox 961 3462 1202 3513; x_wconf 76' lang='lat' dir='ltr'><strong>sententia</strong></span> <span class='ocrx_word' id='word_1_255' title='bbox 1229 3465 1490 3527; x_wconf 84' lang='lat' dir='ltr'><strong>spectetur.</strong></span> <span class='ocrx_word' id='word_1_256' title='bbox 1516 3464 1677 3515; x_wconf 78' lang='lat' dir='ltr'><strong>Verba</strong></span> <span class='ocrx_word' id='word_1_257' title='bbox 1695 3467 1861 3514; x_wconf 84' lang='lat' dir='ltr'><strong>tamen</strong></span> <span class='ocrx_word' id='word_1_258' title='bbox 1884 3465 2137 3527; x_wconf 80' lang='lat' dir='ltr'><strong>sequentia</strong></span> <span class='ocrx_word' id='word_1_259' title='bbox 2159 3463 2437 3527; x_wconf 79' lang='lat' dir='ltr'><strong>declarant,</strong></span> <span class='ocrx_word' id='word_1_260' title='bbox 2459 3462 2616 3526; x_wconf 77' lang='lat' dir='ltr'><strong>magis</strong></span> 
     </span>
     <span class='ocr_line' id='line_1_29' title="bbox 376 3542 2613 3607; baseline 0.001 -17"><span class='ocrx_word' id='word_1_261' title='bbox 376 3543 629 3603; x_wconf 78' lang='lat' dir='ltr'><strong>naturam,</strong></span> <span class='ocrx_word' id='word_1_262' title='bbox 654 3555 806 3606; x_wconf 79' lang='lat' dir='ltr'><strong>quam</strong></span> <span class='ocrx_word' id='word_1_263' title='bbox 827 3543 1068 3607; x_wconf 82' lang='lat' dir='ltr'><strong>originem</strong></span> <span class='ocrx_word' id='word_1_264' title='bbox 1090 3544 1223 3606; x_wconf 81' lang='lat' dir='ltr'><strong>regni</strong></span> <span class='ocrx_word' id='word_1_265' title='bbox 1249 3542 1472 3593; x_wconf 84' lang='lat' dir='ltr'><strong>indicari.</strong></span> <span class='ocrx_word' id='word_1_266' title='bbox 1499 3545 1703 3594; x_wconf 86' lang='lat' dir='ltr'><strong>Sensus:</strong></span> <span class='ocrx_word' id='word_1_267' title='bbox 1727 3546 1949 3607; x_wconf 81' lang='lat' dir='ltr'><strong>Regnum</strong></span> <span class='ocrx_word' id='word_1_268' title='bbox 1969 3557 2133 3595; x_wconf 88' lang='lat' dir='ltr'><strong>meum</strong></span> <span class='ocrx_word' id='word_1_269' title='bbox 2153 3557 2252 3593; x_wconf 92' lang='lat' dir='ltr'><strong>non</strong></span> <span class='ocrx_word' id='word_1_270' title='bbox 2271 3546 2346 3594; x_wconf 88' lang='lat' dir='ltr'><strong>est</strong></span> <span class='ocrx_word' id='word_1_271' title='bbox 2365 3542 2515 3593; x_wconf 86' lang='lat' dir='ltr'><strong>huius</strong></span> <span class='ocrx_word' id='word_1_272' title='bbox 2534 3554 2613 3605; x_wconf 76' lang='lat' dir='ltr'><strong>ge·</strong></span> 
     </span>
     <span class='ocr_line' id='line_1_30' title="bbox 376 3621 2616 3687; baseline 0.001 -17"><span class='ocrx_word' id='word_1_273' title='bbox 376 3621 510 3670; x_wconf 81' lang='lat' dir='ltr'><strong>neris</strong></span> <span class='ocrx_word' id='word_1_274' title='bbox 529 3621 671 3672; x_wconf 83' lang='lat' dir='ltr'><strong>cuius</strong></span> <span class='ocrx_word' id='word_1_275' title='bbox 691 3624 810 3672; x_wconf 87' lang='lat' dir='ltr'><strong>snnt</strong></span> <span class='ocrx_word' id='word_1_276' title='bbox 842 3634 989 3684; x_wconf 77' lang='lat' dir='ltr'><strong>regns</strong></span> <span class='ocrx_word' id='word_1_277' title='bbox 1018 3623 1236 3685; x_wconf 77' lang='lat' dir='ltr'><strong>terrena,</strong></span> <span class='ocrx_word' id='word_1_278' title='bbox 1258 3622 1394 3673; x_wconf 83' lang='lat' dir='ltr'><strong>velut</strong></span> <span class='ocrx_word' id='word_1_279' title='bbox 1411 3625 1673 3684; x_wconf 81' lang='lat' dir='ltr'><strong>cesarum,</strong></span> <span class='ocrx_word' id='word_1_280' title='bbox 1693 3624 1876 3673; x_wconf 81' lang='lat' dir='ltr'><strong>statum</strong></span> <span class='ocrx_word' id='word_1_281' title='bbox 1897 3624 2088 3687; x_wconf 84' lang='lat' dir='ltr'><strong>imperii</strong></span> <span class='ocrx_word' id='word_1_282' title='bbox 2113 3623 2304 3673; x_wconf 81' lang='lat' dir='ltr'><strong>romani</strong></span> <span class='ocrx_word' id='word_1_283' title='bbox 2324 3635 2424 3673; x_wconf 88' lang='lat' dir='ltr'><strong>non</strong></span> <span class='ocrx_word' id='word_1_284' title='bbox 2444 3621 2616 3672; x_wconf 84' lang='lat' dir='ltr'><strong>laedit.</strong></span> 
     </span>
     <span class='ocr_line' id='line_1_31' title="bbox 374 3692 2619 3772; baseline 0.004 -27"><span class='ocrx_word' id='word_1_285' title='bbox 374 3693 431 3745; x_wconf 75' lang='lat' dir='ltr'><strong>oi</strong></span> <span class='ocrx_word' id='word_1_286' title='bbox 468 3692 762 3765; x_wconf 70' lang='grc' dir='ltr'><strong>ὖπηρτᾶαι-</strong></span> <span class='ocrx_word' id='word_1_287' title='bbox 781 3696 892 3756; x_wconf 77' lang='grc' dir='ltr'><strong><em>τοῖς</em></strong></span> <span class='ocrx_word' id='word_1_288' title='bbox 920 3694 1207 3758; x_wconf 74' lang='grc' dir='ltr'><strong><em>Ἰουδαίοις.</em></strong></span> <span class='ocrx_word' id='word_1_289' title='bbox 1235 3703 1499 3755; x_wconf 69' lang='lat' dir='ltr'><strong>satellites</strong></span> <span class='ocrx_word' id='word_1_290' title='bbox 1526 3707 1627 3755; x_wconf 83' lang='lat' dir='ltr'><strong>mei</strong></span> <span class='ocrx_word' id='word_1_291' title='bbox 1653 3704 2039 3770; x_wconf 72' lang='lat' dir='ltr'><strong>‹tepuqnamnt</strong></span> <span class='ocrx_word' id='word_1_292' title='bbox 2065 3708 2347 3772; x_wconf 73' lang='lat' dir='ltr'><strong>quominus</strong></span> <span class='ocrx_word' id='word_1_293' title='bbox 2376 3704 2619 3769; x_wconf 71' lang='lat' dir='ltr'><strong>synedrw</strong></span> 
     </span>
     <span class='ocr_line' id='line_1_32' title="bbox 380 3778 2612 3847; baseline 0.003 -19"><span class='ocrx_word' id='word_1_294' title='bbox 380 3779 679 3842; x_wconf 76' lang='lat' dir='ltr'><strong>(captivus)</strong></span> <span class='ocrx_word' id='word_1_295' title='bbox 703 3778 962 3830; x_wconf 80' lang='lat' dir='ltr'><strong>traderer.</strong></span> <span class='ocrx_word' id='word_1_296' title='bbox 985 3780 1228 3832; x_wconf 80' lang='lat' dir='ltr'><strong>Haberem</strong></span> <span class='ocrx_word' id='word_1_297' title='bbox 1253 3785 1499 3833; x_wconf 77' lang='lat' dir='ltr'><strong>armatum</strong></span> <span class='ocrx_word' id='word_1_298' title='bbox 1530 3784 1815 3835; x_wconf 79' lang='lat' dir='ltr'><strong>satellitium</strong></span> <span class='ocrx_word' id='word_1_299' title='bbox 1833 3822 1849 3847; x_wconf 88' lang='lat'>,</span> <span class='ocrx_word' id='word_1_300' title='bbox 1876 3785 2106 3836; x_wconf 80' lang='lat' dir='ltr'><strong>haberem</strong></span> <span class='ocrx_word' id='word_1_301' title='bbox 2138 3785 2403 3835; x_wconf 82' lang='lat' dir='ltr'><strong>instructas</strong></span> <span class='ocrx_word' id='word_1_302' title='bbox 2427 3783 2612 3847; x_wconf 80' lang='lat' dir='ltr'><strong>copias,</strong></span> 
     </span>
     <span class='ocr_line' id='line_1_33' title="bbox 381 3857 2617 3929; baseline 0.003 -21"><span class='ocrx_word' id='word_1_303' title='bbox 381 3857 625 3921; x_wconf 69' lang='lat' dir='ltr'><strong>praesidia</strong></span> <span class='ocrx_word' id='word_1_304' title='bbox 648 3857 956 3910; x_wconf 76' lang='lat' dir='ltr'><strong>decertarent</strong></span> <span class='ocrx_word' id='word_1_305' title='bbox 968 3862 1120 3911; x_wconf 81' lang='lat' dir='ltr'><strong>armis</strong></span> <span class='ocrx_word' id='word_1_306' title='bbox 1141 3875 1232 3925; x_wconf 90' lang='lat' dir='ltr'><strong>pro</strong></span> <span class='ocrx_word' id='word_1_307' title='bbox 1250 3875 1357 3925; x_wconf 86' lang='lat' dir='ltr'><strong>me,</strong></span> <span class='ocrx_word' id='word_1_308' title='bbox 1374 3875 1438 3914; x_wconf 88' lang='lat' dir='ltr'><strong>ne</strong></span> <span class='ocrx_word' id='word_1_309' title='bbox 1459 3862 1626 3914; x_wconf 80' lang='lat' dir='ltr'><strong>iudaei</strong></span> <span class='ocrx_word' id='word_1_310' title='bbox 1648 3866 1762 3928; x_wconf 86' lang='lat' dir='ltr'><strong>hoc,</strong></span> <span class='ocrx_word' id='word_1_311' title='bbox 1778 3864 1914 3929; x_wconf 87' lang='lat' dir='ltr'><strong>quod</strong></span> <span class='ocrx_word' id='word_1_312' title='bbox 1935 3865 2207 3917; x_wconf 86' lang='lat' dir='ltr'><strong>moliuntur</strong></span> <span class='ocrx_word' id='word_1_313' title='bbox 2226 3866 2279 3916; x_wconf 86' lang='lat' dir='ltr'><strong>in</strong></span> <span class='ocrx_word' id='word_1_314' title='bbox 2299 3877 2396 3927; x_wconf 88' lang='lat' dir='ltr'><strong>me,</strong></span> <span class='ocrx_word' id='word_1_315' title='bbox 2417 3865 2617 3928; x_wconf 86' lang='lat' dir='ltr'><strong>impune</strong></span> 
     </span>
    </p>

    <p class='ocr_par' dir='ltr' id='par_1_5' title="bbox 385 4019 2626 4248">
     <span class='ocr_line' id='line_1_34' title="bbox 530 4019 2619 4088; baseline 0.001 -19"><span class='ocrx_word' id='word_1_316' title='bbox 530 4019 740 4070; x_wconf 70' lang='lat' dir='ltr'><strong>Kuinoei</strong></span> <span class='ocrx_word' id='word_1_317' title='bbox 764 4023 930 4071; x_wconf 81' lang='lat' dir='ltr'><strong>autem</strong></span> <span class='ocrx_word' id='word_1_318' title='bbox 950 4022 1074 4073; x_wconf 83' lang='lat' dir='ltr'><strong>alter</strong></span> <span class='ocrx_word' id='word_1_319' title='bbox 1094 4022 1403 4073; x_wconf 80' lang='lat' dir='ltr'><strong>rationalista</strong></span> <span class='ocrx_word' id='word_1_320' title='bbox 1424 4023 1474 4072; x_wconf 85' lang='lat' dir='ltr'><strong>in</strong></span> <span class='ocrx_word' id='word_1_321' title='bbox 1494 4023 1646 4074; x_wconf 86' lang='lat' dir='ltr'><strong>eund.</strong></span> <span class='ocrx_word' id='word_1_322' title='bbox 1667 4023 1762 4075; x_wconf 86' lang='lat' dir='ltr'><strong>loc.</strong></span> <span class='ocrx_word' id='word_1_323' title='bbox 1780 4025 1852 4074; x_wconf 89' lang='lat' dir='ltr'><strong>sic</strong></span> <span class='ocrx_word' id='word_1_324' title='bbox 1875 4025 2062 4076; x_wconf 82' lang='lat' dir='ltr'><strong>Christi</strong></span> <span class='ocrx_word' id='word_1_325' title='bbox 2082 4024 2231 4075; x_wconf 80' lang='lat' dir='ltr'><strong>verba</strong></span> <span class='ocrx_word' id='word_1_326' title='bbox 2254 4024 2479 4088; x_wconf 82' lang='lat' dir='ltr'><strong>exponit:</strong></span> <span class='ocrx_word' id='word_1_327' title='bbox 2510 4043 2532 4065; x_wconf 78' lang='grc' dir='ltr'><strong><em>κ</em></strong></span> <span class='ocrx_word' id='word_1_328' title='bbox 2547 4022 2619 4073; x_wconf 76' lang='lat' dir='ltr'><strong>Ad</strong></span> 
     </span>
     <span class='ocr_line' id='line_1_35' title="bbox 385 4100 2626 4167; baseline 0.001 -17"><span class='ocrx_word' id='word_1_329' title='bbox 385 4101 700 4151; x_wconf 73' lang='lat' dir='ltr'><strong>refellendam</strong></span> <span class='ocrx_word' id='word_1_330' title='bbox 739 4100 1028 4152; x_wconf 80' lang='lat' dir='ltr'><strong>iudaeorum</strong></span> <span class='ocrx_word' id='word_1_331' title='bbox 1068 4103 1366 4153; x_wconf 72' lang='lat' dir='ltr'><strong>calumniam</strong></span> <span class='ocrx_word' id='word_1_332' title='bbox 1380 4140 1396 4166; x_wconf 87' lang='lat'>,</span> <span class='ocrx_word' id='word_1_333' title='bbox 1417 4102 1552 4167; x_wconf 89' lang='lat' dir='ltr'><strong>quod</strong></span> <span class='ocrx_word' id='word_1_334' title='bbox 1574 4115 1629 4154; x_wconf 89' lang='lat' dir='ltr'><strong>se</strong></span> <span class='ocrx_word' id='word_1_335' title='bbox 1652 4117 1813 4167; x_wconf 80' lang='lat' dir='ltr'><strong>regem</strong></span> <span class='ocrx_word' id='word_1_336' title='bbox 1833 4107 2109 4155; x_wconf 86' lang='lat' dir='ltr'><strong>terrestrem</strong></span> <span class='ocrx_word' id='word_1_337' title='bbox 2148 4103 2381 4166; x_wconf 78' lang='lat' dir='ltr'><strong>dixisset3</strong></span> <span class='ocrx_word' id='word_1_338' title='bbox 2410 4102 2626 4153; x_wconf 79' lang='lat' dir='ltr'><strong>declarat</strong></span> 
     </span>
     <span class='ocr_line' id='line_1_36' title="bbox 385 4182 2620 4248; baseline 0.001 -19"><span class='ocrx_word' id='word_1_339' title='bbox 385 4182 538 4244; x_wconf 82' lang='lat' dir='ltr'><strong>lesus,</strong></span> <span class='ocrx_word' id='word_1_340' title='bbox 554 4194 758 4246; x_wconf 76' lang='lat' dir='ltr'><strong>regnum</strong></span> <span class='ocrx_word' id='word_1_341' title='bbox 777 4195 924 4233; x_wconf 86' lang='lat' dir='ltr'><strong>sunm</strong></span> <span class='ocrx_word' id='word_1_342' title='bbox 946 4196 1045 4234; x_wconf 86' lang='lat' dir='ltr'><strong>non</strong></span> <span class='ocrx_word' id='word_1_343' title='bbox 1066 4196 1173 4234; x_wconf 88' lang='lat' dir='ltr'><strong>esse</strong></span> <span class='ocrx_word' id='word_1_344' title='bbox 1190 4186 1459 4247; x_wconf 84' lang='lat' dir='ltr'><strong>terrenum,</strong></span> <span class='ocrx_word' id='word_1_345' title='bbox 1474 4183 1699 4247; x_wconf 75' lang='lat' dir='ltr'><strong>adeoque</strong></span> <span class='ocrx_word' id='word_1_346' title='bbox 1712 4186 1999 4248; x_wconf 77' lang='lat' dir='ltr'><strong>neutiquam</strong></span> <span class='ocrx_word' id='word_1_347' title='bbox 2014 4185 2228 4236; x_wconf 77' lang='lat' dir='ltr'><strong>romanis</strong></span> <span class='ocrx_word' id='word_1_348' title='bbox 2244 4182 2620 4247; x_wconf 77' lang='lat' dir='ltr'><strong>periculosum.-</strong></span> 
     </span>
    </p>

    <p class='ocr_par' dir='ltr' id='par_1_6' title="bbox 377 4260 2617 4484">
     <span class='ocr_line' id='line_1_37' title="bbox 530 4260 2616 4327; baseline -0 -16"><span class='ocrx_word' id='word_1_349' title='bbox 530 4263 703 4327; x_wconf 79' lang='lat' dir='ltr'><strong>ltsqne</strong></span> <span class='ocrx_word' id='word_1_350' title='bbox 727 4261 906 4313; x_wconf 86' lang='lat' dir='ltr'><strong>melius</strong></span> <span class='ocrx_word' id='word_1_351' title='bbox 926 4262 1121 4314; x_wconf 78' lang='lat' dir='ltr'><strong>fecisset</strong></span> <span class='ocrx_word' id='word_1_352' title='bbox 1137 4265 1336 4313; x_wconf 80' lang='lat' dir='ltr'><strong>senator</strong></span> <span class='ocrx_word' id='word_1_353' title='bbox 1355 4262 1643 4327; x_wconf 79' lang='lat' dir='ltr'><strong>subalpinos</strong></span> <span class='ocrx_word' id='word_1_354' title='bbox 1659 4299 1673 4324; x_wconf 89' lang='lat'>‚</span> <span class='ocrx_word' id='word_1_355' title='bbox 1700 4263 1741 4313; x_wconf 84' lang='lat' dir='ltr'><strong>si</strong></span> <span class='ocrx_word' id='word_1_356' title='bbox 1764 4263 2018 4326; x_wconf 76' lang='lat' dir='ltr'><strong>allegasset</strong></span> <span class='ocrx_word' id='word_1_357' title='bbox 2037 4262 2190 4313; x_wconf 83' lang='lat' dir='ltr'><strong>verba</strong></span> <span class='ocrx_word' id='word_1_358' title='bbox 2216 4261 2400 4313; x_wconf 87' lang='lat' dir='ltr'><strong>christi</strong></span> <span class='ocrx_word' id='word_1_359' title='bbox 2423 4260 2616 4312; x_wconf 68' lang='lat' dir='ltr'><strong>nauh.</strong></span> 
     </span>
     <span class='ocr_line' id='line_1_38' title="bbox 380 4337 2617 4406; baseline -0.001 -17"><span class='ocrx_word' id='word_1_360' title='bbox 380 4337 470 4389; x_wconf 87' lang='lat' dir='ltr'><strong>ult.</strong></span> <span class='ocrx_word' id='word_1_361' title='bbox 487 4342 719 4392; x_wconf 75' lang='lat' dir='ltr'><strong>Dataest</strong></span> <span class='ocrx_word' id='word_1_362' title='bbox 731 4340 863 4392; x_wconf 72' lang='lat' dir='ltr'><strong>mihi</strong></span> <span class='ocrx_word' id='word_1_363' title='bbox 881 4344 1049 4392; x_wconf 74' lang='lat' dir='ltr'><strong>omnis</strong></span> <span class='ocrx_word' id='word_1_364' title='bbox 1067 4342 1297 4405; x_wconf 74' lang='lat' dir='ltr'><strong>potestas</strong></span> <span class='ocrx_word' id='word_1_365' title='bbox 1314 4344 1370 4391; x_wconf 76' lang='lat' dir='ltr'><strong>in</strong></span> <span class='ocrx_word' id='word_1_366' title='bbox 1389 4343 1535 4392; x_wconf 79' lang='lat' dir='ltr'><strong>caelo</strong></span> <span class='ocrx_word' id='word_1_367' title='bbox 1558 4345 1611 4392; x_wconf 84' lang='lat' dir='ltr'><strong>et</strong></span> <span class='ocrx_word' id='word_1_368' title='bbox 1634 4344 1690 4392; x_wconf 82' lang='lat' dir='ltr'><strong>tn</strong></span> <span class='ocrx_word' id='word_1_369' title='bbox 1716 4344 1895 4403; x_wconf 76' lang='lat' dir='ltr'><strong>term,-</strong></span> <span class='ocrx_word' id='word_1_370' title='bbox 1914 4355 2005 4392; x_wconf 83' lang='lat' dir='ltr'><strong>nec</strong></span> <span class='ocrx_word' id='word_1_371' title='bbox 2025 4354 2124 4392; x_wconf 83' lang='lat' dir='ltr'><strong>non</strong></span> <span class='ocrx_word' id='word_1_372' title='bbox 2147 4340 2361 4406; x_wconf 67' lang='lat' dir='ltr'><strong>apocal.</strong></span> <span class='ocrx_word' id='word_1_373' title='bbox 2385 4343 2516 4390; x_wconf 80' lang='lat' dir='ltr'><strong>xlx.</strong></span> <span class='ocrx_word' id='word_1_374' title='bbox 2546 4348 2617 4389; x_wconf 79' lang='lat' dir='ltr'><strong>ts.</strong></span> 
     </span>
     <span class='ocr_line' id='line_1_39' title="bbox 377 4416 2538 4484; baseline 0 -19"><span class='ocrx_word' id='word_1_375' title='bbox 377 4416 459 4466; x_wconf 79' lang='lat' dir='ltr'><strong>ubi</strong></span> <span class='ocrx_word' id='word_1_376' title='bbox 478 4417 540 4468; x_wconf 87' lang='lat' dir='ltr'><strong>de</strong></span> <span class='ocrx_word' id='word_1_377' title='bbox 559 4421 759 4471; x_wconf 80' lang='lat' dir='ltr'><strong>christo</strong></span> <span class='ocrx_word' id='word_1_378' title='bbox 786 4421 1023 4484; x_wconf 78' lang='lat' dir='ltr'><strong>seriphum</strong></span> <span class='ocrx_word' id='word_1_379' title='bbox 1046 4422 1116 4472; x_wconf 83' lang='lat' dir='ltr'><strong>est</strong></span> <span class='ocrx_word' id='word_1_380' title='bbox 1130 4457 1146 4480; x_wconf 88' lang='lat'>‚</span> <span class='ocrx_word' id='word_1_381' title='bbox 1169 4420 1301 4484; x_wconf 85' lang='lat' dir='ltr'><strong>qnod</strong></span> <span class='ocrx_word' id='word_1_382' title='bbox 1320 4421 1386 4472; x_wconf 89' lang='lat' dir='ltr'><strong>sit</strong></span> <span class='ocrx_word' id='word_1_383' title='bbox 1407 4424 1518 4472; x_wconf 72' lang='lat' dir='ltr'><strong>Rex</strong></span> <span class='ocrx_word' id='word_1_384' title='bbox 1537 4433 1722 4484; x_wconf 65' lang='lat' dir='ltr'><strong>repunt</strong></span> <span class='ocrx_word' id='word_1_385' title='bbox 1756 4423 1812 4471; x_wconf 79' lang='lat' dir='ltr'><strong>et</strong></span> <span class='ocrx_word' id='word_1_386' title='bbox 1845 4423 2100 4473; x_wconf 73' lang='lat' dir='ltr'><strong>Dominus</strong></span> <span class='ocrx_word' id='word_1_387' title='bbox 2130 4420 2538 4472; x_wconf 64' lang='lat' dir='ltr'><strong>dominantium.</strong></span> 
     </span>
    </p>
   </div>
  </div>
 </body>
</html>
