3276 5083
633 412 769 480 298
1016 434 1135 482 un.
1183 433 1229 482 1.
1272 433 1447 483 ster.
1490 433 1750 482 ursas.
1795 434 1874 485 nin
1927 433 2187 483 uranu.
2233 433 2444 482 cmm.

632 551 799 649 ipsis
841 568 980 636 est,
1030 550 1443 648 deprimant,
1488 552 1887 650 faveantque
1923 551 2077 624 totis
2112 550 2371 624 viribus
2412 551 2838 649 protestanti-

628 664 756 737 bus
784 723 798 751 ‚
855 681 1083 765 utpote
1132 666 1348 762 magis
1401 667 1662 739 idoneis
1696 666 1781 739 ad
1828 665 2295 738 commercium
2328 722 2343 751 ‚
2393 664 2834 752 industriam,
2905 655 2915 669 ⁷

628 781 1172 881 mundanamque
1219 781 1597 855 felicitatem
1636 781 2179 880 promovendam.
2214 781 2386 853 Hinc
2424 780 2840 876 irreligiosae

631 895 810 992 leges
838 954 853 982 ,
895 922 1069 995 quae
1102 896 1471 969 catholicos
1507 896 1792 983 feriunt,
1836 895 2225 995 praesertim
2261 920 2418 967 vero
2453 894 2835 992 praesules,

628 1010 1007 1084 sacerdotes
1050 1037 1130 1085 ac
1172 1011 1522 1107 religiosos
1572 1012 1787 1097 viroS,
1845 1037 2017 1110 quos
2069 1025 2411 1110 tamquam
2462 1009 2843 1108 peripsema

630 1127 880 1200 habent
906 1126 1193 1225 pedibus
1221 1128 1718 1225 proterendum,
1753 1152 1832 1199 ac
1861 1153 1982 1224 per
2006 1141 2452 1224 contemptum
2481 1125 2845 1197 clericalem

627 1242 972 1338 factionem
1008 1259 1420 1339 nuncupant.
1465 1240 1631 1312 Cum
1668 1240 1753 1314 de
1789 1240 1900 1313 his
1935 1240 2156 1337 agitur
2181 1296 2197 1326 ,
2240 1256 2397 1312 tunc
2440 1238 2676 1335 legalis
2726 1238 2843 1312 illa

631 1357 811 1429 fictio
860 1357 1327 1431 abstractionis
1365 1384 1405 1430 a
1440 1356 1760 1454 religione
1791 1373 2051 1442 cessat,
2097 1355 2439 1453 religionis
2475 1354 2843 1429 catholicae

631 1471 1167 1570 pseudo-politici
1204 1472 1670 1560 recordantur,
1703 1489 1903 1571 atque
1936 1473 2004 1543 in
2044 1472 2143 1545 eis
2177 1497 2310 1545 non
2347 1472 2532 1553 civia,
2575 1471 2697 1543 sed
2734 1498 2842 1545 ca-

631 1589 855 1658 tholici
890 1587 1177 1659 ministri
1231 1586 1619 1686 qualitatem
1671 1588 2105 1660 insectantur.

773 1701 990 1788 Haec,
1047 1727 1222 1799 quae
1270 1702 1377 1773 vix
1430 1700 1911 1788 delibavimuS,
1968 1701 2024 1773 si
2079 1701 2234 1799 quis
2286 1701 2511 1774 animo
2561 1726 2682 1773 suo
2734 1727 2839 1773 re-

630 1830 815 1914 putet
862 1817 1173 1916 serioque
1222 1816 1631 1915 perpendat,
1690 1816 2175 1890 animadvertet
2208 1842 2339 1889 non
2383 1843 2537 1890 esse
2568 1843 2608 1889 a
2643 1815 2837 1889 nobis

626 1929 833 2003 veluti
885 1931 1178 2029 imagine
1227 1932 1551 2019 conficta,
1611 1932 1734 2004 sed
1787 1932 1980 2005 sactis
2031 1930 2483 2030 comprobata.
2526 1931 2701 2003 Satis
2738 1947 2842 2003 est

626 2045 858 2119 oculos
909 2046 1160 2119 circum
1214 2046 1383 2119 ferre
1434 2073 1555 2145 per
1601 2047 1825 2119 varias
1875 2045 2187 2119 catholici
2239 2044 2421 2119 orbis
2467 2062 2729 2142 partes,
2770 2061 2841 2116 ut

632 2158 812 2233 illico
852 2160 1144 2259 quisque
1185 2160 1526 2234 veritatem
1571 2160 1796 2233 videat
1837 2186 2090 2245 eorum,
2125 2185 2301 2258 quae
2326 2159 2831 2232 affirmavimus.

777 2276 981 2349 Porro
1039 2302 1119 2348 ex
1166 2275 1296 2348 hoc
1346 2274 1583 2373 legalis
1649 2276 1960 2348 atheismi
2030 2274 2364 2373 principio
2413 2275 2548 2373 peti
2597 2273 2842 2346 debent

630 2388 932 2463 inaudita
966 2391 1290 2463 hactenus
1318 2394 1387 2461 in
1413 2391 1799 2488 regionibus
1836 2391 2185 2463 catholicis
2221 2390 2644 2462 matrimonia
2679 2414 2843 2489 pure

630 2505 893 2591 civilia,
950 2522 1015 2579 et
1062 2504 1167 2577 lex
1219 2505 1302 2578 ad
1355 2532 1436 2578 ea
1486 2506 1987 2580 cohonestanda
2038 2530 2117 2578 ac
2168 2504 2619 2602 promovenda
2684 2529 2840 2577 cum

629 2637 811 2694 tanta
861 2622 1233 2693 animarum
1270 2637 1473 2718 atque
1507 2621 1726 2719 ipsius
1764 2620 2070 2718 publicae
2121 2618 2492 2691 honestatis
2544 2618 2843 2714 pernicie

632 2751 699 2806 et
746 2736 1024 2807 iactura.

769 2850 1023 2948 Ecquis
1075 2874 1231 2921 vero
1281 2866 1415 2935 est,
1473 2850 1589 2948 qui
1646 2875 1777 2921 non
1827 2847 2093 2933 videat,
2166 2848 2497 2920 eiusmodi
2564 2846 2834 2919 exitiale

628 2963 1032 3062 principium
1085 2989 1353 3059 germen
1404 2989 1556 3036 esse
1608 2962 1971 3062 impietatis
2022 2961 2405 3034 maximae?
2445 2962 2622 3046 Quid
2662 2962 2837 3033 enim

627 3096 731 3152 est
779 3079 962 3151 aliud
1015 3105 1329 3178 separare
1367 3106 1504 3151 rem
1539 3077 1801 3151 civilem
1840 3103 1881 3150 a
1914 3077 2263 3174 religiosa,
2306 3104 2508 3176 quam
2557 3077 2835 3148 fulcrum

628 3195 1063 3293 praecipuum
1110 3194 1327 3292 ipsius
1380 3193 1721 3267 societatis
1758 3192 2071 3291 politicae
2120 3219 2490 3280 removere,
2549 3219 2629 3265 ac
2677 3192 2840 3265 civi-

626 3310 756 3383 bus
796 3310 1303 3383 incitamentum
1343 3310 1778 3408 praecipuum
1815 3309 1899 3380 ad
1938 3307 2106 3405 legis
2142 3296 2633 3381 observantiam
2682 3306 2841 3380 sub-

628 3426 891 3498 trahere
914 3484 928 3509 ,
959 3426 1095 3500 vim
1121 3424 1474 3525 physicam
1510 3426 1574 3497 vi
1614 3422 1850 3497 morali
1889 3449 1968 3495 ac
2002 3423 2357 3518 religiosae
2392 3419 2841 3495 substituere?

631 3541 805 3625 Quid
849 3539 1033 3612 aliud
1077 3556 1221 3626 est,
1265 3566 1467 3639 quam
1503 3538 1754 3612 calcem
1782 3564 1862 3611 ac
1887 3554 2300 3611 caementum
2327 3564 2368 3610 a
2394 3538 2736 3637 lapidibus
2772 3536 2840 3607 in

626 3656 917 3729 aedilicii
970 3656 1143 3729 mole
1193 3654 1624 3739 subtrahere,
1684 3655 1957 3727 unicum
2009 3654 2247 3727 efficax
2301 3653 2599 3740 frenum,
2659 3652 2837 3753 quod

629 3787 957 3856 remanet,
1016 3771 1344 3870 proiicere
1397 3768 1483 3842 ad
1534 3769 1718 3842 cives
1774 3769 2177 3842 coercendos
2204 3828 2219 3855 ,
2279 3796 2363 3841 ne
2413 3768 2727 3841 diffluant
2773 3769 2841 3839 in

627 3909 822 3957 omne
874 3886 1127 3985 scelusj
1171 3884 1469 3957 habenas
1521 3884 1745 3956 laxare
1795 3883 1974 3956 omni
2025 3883 2397 3983 iniquitati,
2439 3883 2585 3955 iura
2619 3882 2842 3955 omnia

626 4002 1065 4098 pessumdare
1098 4017 1164 4074 et
1197 4017 1470 4100 quatere
1493 4058 1508 4086 ,
1551 4026 1728 4099 quae
1761 3999 2071 4072 columen
2125 4000 2607 4097 munimenque
2644 4023 2840 4071 suum

631 4143 671 4187 a
716 4115 1037 4213 religione
1085 4118 1284 4190 unice
1333 4115 1772 4189 mutuantur?
1805 4116 1888 4188 Et
1922 4132 2141 4187 tamen
2179 4115 2307 4188 hoc
2343 4115 2428 4186 ab
2463 4116 2549 4187 iis
2588 4115 2684 4200 fit,
2725 4113 2840 4213 qui

630 4231 964 4303 honestati
1019 4231 1326 4330 publicae
1377 4231 1731 4329 invigilare
1767 4257 1846 4302 ex
1882 4230 2106 4303 officio
2159 4245 2504 4316 tenentur,
2561 4254 2843 4328 eamque

630 4347 808 4419 omni
849 4373 982 4445 qua
1023 4365 1308 4445 possunt
1340 4373 1465 4445 ope
1501 4372 1926 4443 promovere:
1972 4345 2173 4416 immo
2209 4344 2385 4417 addo
2434 4344 2841 4442 quandoque
