3276 5083
664 421 797 490 338
1030 443 1152 493 m.
1195 444 1238 492 ι.
1284 445 1495 495 suerio
1546 449 1805 497 ALTERA.
1849 449 1929 497 ns
1964 449 2225 499 numu.
2272 412 2504 498 civlus‘

802 566 1075 665 lamque
1099 567 1385 663 digressi
1417 592 1649 640 sumus
1679 568 1746 636 in
1777 565 2058 637 alterum
2086 566 2406 638 motivum
2435 588 2648 636 novae
2676 563 2878 637 istius

660 681 1108 755 instituendae
1159 682 1330 779 legis
1380 709 1458 754 ac
1501 684 1707 755 veteri
1755 681 2225 766 sufficiendae;
2271 706 2510 779 nempe
2537 683 2879 778 principia

658 797 891 893 quibus
915 802 1166 894 reqitur
1191 826 1425 871 novum
1448 800 1870 895 subalpinum
1892 798 2300 895 qubernium.
2326 794 2669 881 Quaenam
2697 796 2799 894 pri
2811 822 2888 866 n·

657 912 835 1009 cipia
875 912 1040 985 haec
1092 914 1159 984 in
1211 914 1436 1013 specie
1474 914 1655 998 sint,
1701 912 2010 1011 nuspiam
2048 911 2215 984 satis
2250 935 2573 1009 expressa
2618 910 2878 1006 reperi3

658 1027 716 1097 si
758 1040 980 1099 tamen
1033 1028 1453 1100 coniecturae
1501 1028 1689 1100 locus
1739 1025 2003 1099 dandus
2054 1039 2157 1098 est
2206 1049 2286 1096 ex
2337 1023 2532 1097 factis
2585 1022 2887 1121 publicis

657 1167 735 1214 ac
775 1143 1090 1228 notoriis,
1150 1170 1328 1241 quae
1370 1143 1501 1216 sibi
1554 1144 1840 1215 invicem
1892 1142 2133 1239 raptim
2189 1140 2592 1224 succedunt,
2642 1164 2890 1237 opero-

656 1282 804 1328 sum
856 1285 988 1331 non
1041 1274 1144 1331 est
1194 1259 1519 1331 divinare.
1574 1259 1896 1330 Videntur
1945 1258 2150 1354 igitur
2199 1282 2350 1328 esse
2400 1255 2709 1329 voluntas
2758 1281 2894 1353 op-

654 1373 988 1469 primendi
1042 1389 1400 1473 utrumque
1456 1373 1735 1458 clerum,
1779 1372 2147 1445 secularem
2201 1370 2457 1453 scilicet
2503 1385 2569 1442 et
2620 1368 2892 1466 regula—

658 1513 833 1574 rem;
878 1488 1236 1586 expoliatio
1281 1516 1359 1562 ac
1400 1488 1834 1587 depraedatio
1875 1487 2200 1561 bonorum
2241 1484 2881 1569 ecclesiasticorum3

660 1617 854 1674 cauta
891 1628 968 1674 ac
1003 1630 1126 1701 per
1159 1603 1408 1700 gradus
1462 1604 1832 1701 procedens
1885 1601 2159 1675 abolitio
2207 1602 2405 1700 primi
2466 1601 2893 1675 constitutio-

656 1716 763 1786 nis
809 1717 1115 1804 articuli,
1175 1744 1309 1816 quo
1360 1717 1596 1813 religio
1648 1716 1978 1790 catholica
2026 1716 2167 1787 sola
2220 1732 2433 1788 status
2486 1715 2719 1813 religio
2759 1713 2888 1786 de-

656 1828 905 1902 clarata
955 1846 1095 1915 est;
1139 1831 1435 1904 inductio
1486 1830 1957 1928 anglicanismi
2009 1831 2406 1928 temperati;
2466 1831 2886 1930 compressio

656 1943 978 2018 bonorum
1048 1961 1114 2019 et
1178 1947 1433 2019 evectio
1495 1947 1944 2045 pessimorum
1988 2004 2002 2031 ‚
2078 1971 2154 2018 ac
2222 1946 2489 2018 demum
2558 1945 2884 2018 effraenis

656 2060 881 2133 carnis
931 2060 1225 2134 licentia.
1295 2062 1481 2135 Talia
1533 2078 1691 2135 sunt
1743 2062 2119 2161 principia,
2187 2061 2438 2160 quibus
2490 2087 2624 2133 non
2676 2063 2878 2161 pauci

653 2174 901 2248 vellent
960 2176 1102 2247 fieri
1156 2176 1363 2250 duces
1414 2176 1724 2275 gubernii
1778 2175 2154 2274 subalpini,
2216 2200 2367 2248 cum
2425 2176 2673 2274 quibus
2723 2202 2886 2274 pro-

656 2290 826 2363 secto
861 2290 964 2362 lex
999 2292 1330 2365 catholica
1379 2293 1658 2390 antiqua
1708 2309 1775 2363 et
1819 2318 2051 2365 recens
2087 2290 2173 2363 de
2208 2290 2521 2387 coniugio
2564 2290 2883 2387 religioso

655 2410 963 2505 componi
1020 2408 1273 2507 nequit.
1327 2408 1537 2507 quue
1589 2407 1879 2505 ingenue
1931 2405 2271 2478 fatendum
2316 2422 2441 2479 est.
2484 2406 2723 2478 Verum
2757 2411 2881 2504 qui

655 2522 984 2620 eiusmodi
1046 2521 1376 2621 principia
1436 2521 1879 2621 profitentur,
1952 2518 2715 2600 meminissedeberent
2760 2545 2880 2593 ve-

658 2636 817 2708 teris
869 2636 1054 2709 illius
1103 2638 1331 2709 effati:
1392 2636 1572 2735 quod
1609 2695 1624 2721 ‚
1682 2638 1796 2734 qui
1850 2637 2088 2735 spinas
2142 2636 2350 2721 serit,
2408 2634 2688 2708 tribulos
2737 2635 2878 2708 col-

655 2748 819 2845 ligat
864 2776 1139 2824 necesse
1182 2766 1309 2823 est.
1358 2752 1441 2820 Hi
1478 2766 1698 2823 autem
1736 2750 1960 2822 tribuli
1996 2766 2192 2823 erunt
2225 2749 2545 2823 anarchia
2569 2807 2584 2836 ‚
2639 2750 2879 2823 tumul-

657 2881 802 2950 tus,
861 2864 1355 2964 perduelliones
1381 2924 1396 2952 ,
1437 2865 1725 2964 direptio
1760 2866 2082 2940 bonorum
2109 2924 2124 2953 ,
2167 2866 2533 2940 destructio
2581 2866 2875 2940 familiae

652 2995 719 3050 et
769 2983 1134 3055 societatis.
1645 3009 1656 3016 ·
2529 3063 2532 3066 .

803 3097 995 3183 Quod
1051 3100 1106 3171 si
1161 3100 1489 3173 eiusmodi
1549 3118 1709 3173 sunt
1767 3100 2145 3200 principia,
2194 3099 2441 3198 quibus
2496 3125 2625 3173 non
2677 3100 2871 3197 pauci

653 3213 982 3286 moderari
1021 3214 1268 3288 vellent
1307 3215 1629 3312 gubernio
1679 3214 2072 3314 subalpino,
2125 3231 2321 3313 prout
2370 3240 2452 3286 ex
2501 3214 2870 3287 continenti

656 3329 1071 3427 publicorum
1108 3331 1429 3405 sactorum
1468 3331 1896 3406 successione
1933 3331 2284 3404 manifeste
2317 3327 2686 3427 colligitur3
2717 3355 2871 3403 cum

652 3444 862 3542 impia
901 3471 983 3518 ea
1022 3446 1197 3533 sint,
1243 3445 1723 3520 concludamus
1777 3471 2054 3519 necesse
2103 3461 2240 3531 est,
2300 3445 2480 3543 piam
2533 3469 2684 3518 esse
2735 3468 2867 3516 non

650 3584 853 3657 posse
890 3559 1135 3655 legem,
1168 3573 1343 3659 qnae
1370 3586 1519 3634 cum
1548 3559 1684 3633 illis
1711 3561 2022 3659 componi
2058 3559 2277 3632 debet.
2312 3559 2398 3631 At
2432 3559 2598 3646 sorte
2633 3584 2874 3631 norma

649 3863 755 3913 pag.
780 3856 888 3901 46¹.
914 3873 938 3894 «ι
961 3854 1152 3902 Fratres
1167 3854 1217 3902 et
1234 3865 1428 3902 sorores
1446 3852 1521 3902 lex
1543 3852 1778 3903 concedet
1799 3865 1896 3901 una
1915 3851 2171 3914 congredi,
2192 3853 2231 3912 si
2256 3865 2363 3902 sors
2381 3853 2450 3902 ita
2471 3852 2745 3903 tribuerit.»
2768 3852 2869 3899 Noc

640 3928 949 3980 obliviscitur
973 3931 1095 3980 ritus
1115 3931 1352 3994 religiosi,
1377 3930 1591 3992 subdens
1607 3943 1717 3994 pag.
1741 3931 2048 3993 assentimur
2074 3931 2184 3981 sesti
2218 3930 2419 3993 quidam
2456 3930 2562 3981 dies
2583 3931 2729 3981 erunt
2750 3929 2867 3990 legi-

647 4010 738 4058 bus
770 4010 1123 4074 constituendi,
1150 4013 1201 4061 in
1220 4011 1403 4075 quibus
1420 4024 1625 4075 sponsos
1653 4014 1703 4061 et
1733 4024 1939 4075 sponsas
1974 4024 2351 4076 congregemus,
2375 4016 2427 4062 et
2450 4025 2589 4064 secra
2610 4014 2661 4061 et
2683 4010 2870 4073 hymni,

648 4089 733 4152 qui
758 4090 941 4150 nuptiis
966 4089 1063 4140 illis
1078 4091 1394 4154 conveniant,
1418 4105 1450 4141 a
1476 4091 1634 4155 poetis
1656 4092 1835 4141 nostris
1856 4091 2195 4155 instituantur,
2215 4092 2494 4155 nuptiarum
2517 4095 2682 4142 autem
2703 4100 2870 4139 nume·

647 4182 755 4217 rum
794 4170 1210 4230 Maqistraeuum
1243 4171 1468 4222 arbitrio
1507 4172 1883 4235 permittimus.»
1913 4171 2149 4222 Platonis
2177 4175 2301 4237 opp.
2327 4176 2560 4223 omnium
2583 4175 2704 4222 tom.
2730 4172 2792 4220 ΙΙ.
2819 4169 2872 4217 in

644 4247 729 4297 sol.
746 4259 904 4309 graec.
919 4249 968 4296 et
990 4248 1125 4298 latin.
1145 4262 1203 4298 ex
1224 4250 1425 4313 interpr.
1444 4250 1658 4313 Serrani,
1676 4250 1754 4299 ed.
1780 4252 1929 4299 llenr.
1943 4250 2178 4314 Stephani
2202 4256 2334 4302 1578.
2347 4252 2501 4302 omisi
2525 4252 2688 4315 turpia
2709 4260 2877 4312 quum-

644 4326 873 4389 plurima,
891 4339 1019 4388 quae
1040 4327 1221 4377 ibidem
1247 4327 1463 4380 divinus
1492 4328 1630 4378 Plato
1654 4329 1922 4379 constituit.
1947 4331 2033 4379 lsti
2054 4331 2170 4380 sunt
2187 4331 2430 4390 sontes,ex
2449 4329 2629 4393 quibus
2650 4338 2872 4378 commu·

640 4407 795 4456 nistae
816 4406 1039 4458 hodierni
1060 4419 1214 4469 aquas
1233 4421 1345 4458 suas
1369 4408 1669 4458 derivarunt.
