3276 5083
444 507 580 556 cn.
607 505 695 555 ιν.
725 503 991 554 uxrem».
1017 504 1161 553 Ano.
1184 503 1263 553 nn
1286 503 1424 553 um.
1445 501 1618 552 saon.
1648 501 1790 552 Aur.
1811 502 1904 552 ιιι.
1930 502 2071 553 Ano.
2096 504 2320 554 ruem..
2415 484 2448 552 1
2465 484 2544 553 31

346 636 762 695 contractum
784 678 799 705 ‚
844 618 1029 693 nulla
1063 635 1342 718 apparet
1376 619 1543 692 ratio
1578 644 1785 718 quare
1812 644 1943 691 non
1971 620 2261 693 sufficiat
2289 620 2372 693 ad
2399 645 2558 694 eon-

345 735 781 810 validandum
832 736 1326 808 matrimonium
1361 761 1496 835 qua
1529 751 2041 808 sacramentum.
2073 736 2312 808 Verum
2332 793 2348 823 ,
2379 738 2559 836 quod

349 867 559 950 caput
590 866 724 937 est,
764 866 901 923 tota
935 848 1296 923 difficultas
1337 849 1576 950 pendet
1600 876 1641 921 a
1669 850 1935 923 notione
1961 850 2164 923 huius
2192 852 2560 925 sanationis

349 966 425 1036 in
473 965 730 1050 radice;
774 989 926 1036 nam
963 964 1019 1037 si
1058 989 1176 1061 per
1208 963 1383 1036 hanc
1417 989 1546 1036 non
1588 963 1908 1036 tolluntur
1934 964 2066 1036 nisi
2102 961 2375 1037 effectus
2397 1023 2411 1052 ,
2443 966 2560 1064 qui

348 1105 391 1152 a
451 1078 755 1151 nullitate
814 1077 1235 1151 matrimonio
1296 1094 1726 1176 promanant,
1784 1104 1905 1150 nec
1953 1080 2201 1177 sactum
2264 1079 2566 1153 redditur

343 1194 692 1291 infectum,
744 1192 923 1292 quod
977 1191 1343 1264 absurdum
1394 1209 1578 1265 esset
1625 1191 1731 1265 vel
1781 1192 2108 1290 cogitare,
2152 1208 2332 1292 patet
2367 1220 2568 1267 sana-

349 1308 528 1379 tione
577 1307 645 1377 in
699 1305 925 1379 radice
973 1305 1143 1377 nihil
1186 1306 1519 1377 immutari
1571 1303 1876 1405 respectu
1925 1321 2300 1380 contractus
2338 1308 2569 1380 matri-

351 1419 660 1495 monialis
698 1422 767 1491 in
803 1446 902 1492 se.
934 1420 1033 1493 Eo
1057 1419 1162 1492 vel
1197 1420 1413 1516 magis
1449 1420 1628 1519 quod
1666 1420 1996 1493 interdum
2033 1436 2356 1494 sanentur
2385 1422 2568 1495 eius-

351 1533 531 1607 modi
560 1532 871 1629 coniugia
910 1531 1227 1607 alterutro
1260 1533 1542 1630 coniuge
1577 1533 1710 1605 iam
1743 1533 1881 1605 vita
1916 1532 2140 1607 functo
2162 1592 2177 1621 ,
2220 1552 2335 1609 aut
2366 1535 2569 1609 etiam

351 1665 509 1748 post
539 1649 892 1748 utriusque
925 1648 1230 1745 coniugis
1263 1645 1516 1721 obitum
1543 1704 1558 1735 ,
1599 1646 1686 1720 ad
1723 1646 2266 1745 legitimationem
2310 1648 2520 1749 prolis
2545 1707 2562 1736 ,

346 1762 917 1863 quemadmodum
970 1787 1094 1835 suo
1144 1760 1328 1846 loco,
1372 1786 1492 1833 seu
1550 1761 1621 1832 in
1671 1760 1843 1834 libro
1893 1762 2187 1836 secundo
2235 1762 2561 1838 dicemus.

494 1880 613 1949 10.
673 1875 1000 1972 Coniugia
1051 1874 1536 1949 haereticorum
1571 1933 1587 1962 ,
1645 1876 1733 1949 iis
1799 1878 2191 1975 praesertim
2239 1878 2310 1949 in
2364 1880 2576 1976 regio-

349 1991 579 2078 nibus,
611 1991 680 2062 in
708 1989 956 2090 quibus
981 1990 1323 2063 decretum
1360 1990 1792 2063 tridentinum
1819 1989 1905 2064 de
1930 1991 2369 2065 matrimoniis
2397 1991 2580 2066 clan-

348 2105 639 2179 destinis
687 2104 1101 2204 publicatum
1143 2131 1278 2179 non
1313 2104 1473 2192 suit,
1513 2105 1624 2178 vix
1658 2104 1936 2177 dubium
1972 2132 2124 2179 esse
2158 2122 2376 2204 potest
2408 2106 2574 2206 quin

357 2246 524 2292 vera
559 2220 693 2292 sint
725 2235 1139 2293 sacramenta
1159 2275 1174 2304 ,
1217 2218 1276 2291 si
1311 2217 1778 2292 contrahentes
1824 2218 2304 2317 impedimento
2347 2218 2577 2318 aliquo

356 2334 712 2407 dirimente
743 2361 871 2408 non
906 2333 1351 2407 detineantur.
1386 2334 1553 2406 Nam
1587 2332 1916 2431 quamvis
1938 2332 2312 2429 dogmatice
2351 2333 2422 2403 id
2458 2333 2581 2407 de-

356 2447 802 2521 finitum‘non
850 2449 978 2533 sit,
1036 2448 1241 2520 immo
1290 2471 1608 2546 expresse
1652 2444 1987 2517 interdum
2021 2470 2189 2518 rom.
2226 2446 2575 2545 pontifices

354 2564 648 2665 professi
684 2565 822 2638 sint
852 2590 927 2638 se
951 2563 1020 2636 id
1061 2562 1239 2636 nolle
1273 2563 1842 2657 decernere'(45),
1875 2588 1956 2635 ex
1989 2562 2328 2634 communi
2357 2577 2577 2635 tamen

352 2696 757 2778 receptaque
807 2677 1139 2752 sententia
1181 2676 1646 2774 theologorum
1694 2676 1764 2748 id
1816 2676 2240 2774 exploratum*
2265 2675 2580 2750 habetur.

353 2795 521 2868 Nam
574 2793 893 2867 haeretici
944 2819 1024 2865 ex
1076 2791 1407 2866 catholica
1455 2791 1762 2865 doctrina
1808 2790 2029 2864 valide
2068 2808 2484 2864 sacramenta
2515 2807 2582 2865 et

353 2909 707 2983 conserunt
755 2924 819 2981 et
869 2907 1202 3006 recipiunt
1242 2966 1257 2994 ,
1328 2900 1642 3010 quamvis
1708 2905 1959 2979 illicite.
2017 2907 2160 2979 Non
2211 2922 2314 2979 est
2361 2922 2580 2980 autem

357 3025 531 3124 ipsis
564 3023 951 3097 necessaria
982 3022 1266 3096 intentio
1299 3047 1646 3120 expressa,
1678 3022 1822 3094 sive
1854 3020 2167 3119 explicita
2202 3047 2588 3095 sacramen-

356 3158 499 3213 tum
559 3138 999 3224 conficiendi,
1073 3154 1277 3237 atque
1339 3137 1621 3208 intentio
1688 3135 1987 3223 formalis
2055 3136 2340 3207 faciendi
2401 3135 2582 3235 quod

362 3255 522 3329 facit
567 3253 888 3340 ecclesia,
933 3251 1052 3325 sed
1088 3251 1256 3325 satis
1305 3266 1449 3338 est,
1504 3250 1603 3322 uti
1653 3251 1784 3323 iam
1833 3249 2296 3324 adnotavimus
2323 3307 2339 3337 ‚
2378 3266 2454 3323 ut
2484 3247 2585 3322 sa-

359 3396 515 3444 cere
558 3369 800 3456 velint,
843 3366 1023 3467 quod
1059 3366 1370 3439 Christus
1406 3364 1702 3438 instituit
1736 3366 1913 3460 (46),
1946 3364 2071 3438 etsi
2117 3389 2392 3437 erronee
2436 3364 2590 3462 opi-

514 3564 611 3626 (45)
639 3566 711 3614 En
736 3562 888 3614 verba
906 3563 984 3614 Pii
1002 3565 1113 3614 vu.
1138 3563 1190 3613 in
1218 3562 1358 3613 Brevi
1379 3562 1496 3612 doto
1518 3560 1583 3611 ad
1605 3561 1891 3627 archiepisc.
1915 3561 2255 3626 moguntinum
2278 3560 2360 3611 die
2382 3561 2584 3623 &Deto-

368 3641 448 3692 br.
469 3648 598 3693 180³.
617 3662 639 3686 σι
656 3645 999 3694 praetermissa
1011 3644 1294 3706 quaestione
1314 3642 1424 3705 iiia,
1447 3640 1509 3691 de
1529 3654 1627 3704 qua
1650 3642 1790 3692 nihil
1806 3640 2207 3692 modostatuere
2230 3639 2507 3700 volumus,
2524 3654 2590 3691 an

366 3721 724 3772 iraeretieornm
752 3722 980 3785 coniugia
1001 3735 1165 3772 coram
1188 3722 1412 3771 ministro
1443 3721 1715 3771 acatholico
1737 3711 1987 3772 contracta
2002 3760 2016 3783 ,
2051 3722 2352 3771 sacramenta
2370 3721 2470 3771 siut
2496 3734 2589 3771 nec

363 3802 619 3865 neu-Apud
631 3800 918 3865 Roskovany
929 3803 1271 3852 Monumenta
1281 3800 1541 3851 catholica
1556 3803 1676 3851 tom.
1687 3802 1751 3851 11.
1763 3814 1873 3865 pag.
1886 3808 1964 3851 9³.
1977 3801 2205 3864 Quinque
2219 3800 2437 3851 ecclesiis
2450 3802 2566 3852 1847
2574 3840 2585 3851 .

510 3881 611 3944 (46)
644 3880 801 3931 Lubet
837 3882 961 3930 hanc
992 3880 1044 3929 in
1075 3894 1176 3930 rem
1211 3879 1363 3930 verba
1399 3878 1671 3930 describere
1700 3880 1875 3929 Piivi.
1893 3880 1946 3930 in
1965 3881 2141 3930 titteris
2162 3879 2442 3943 apostolicis
2461 3879 2591 3931 datis

366 3957 448 4010 die
476 3966 551 4009 ιι.
574 3959 707 4009 Iulii.
741 3964 875 4011 1789.
901 3959 964 4009 ad
988 3958 1252 4009 Antonium
1295 3958 1577 4022 archiepisc.
1620 3971 1926 4021 pragensem:
1962 3960 2187 4009 «Locum
2224 3971 2360 4022 esse,
2401 3958 2589 4022 inquit,

366 4039 785 4104 praesumptioni,
821 4041 879 4090 nt
913 4039 1034 4089 dnm
1070 4038 1438 4090 matrimonium
1475 4039 1763 4089 contrahere
1794 4038 2088 4102 voluerunt,
2112 4038 2442 4102 (acatholici)
2465 4038 2592 4089 iliud

368 4121 528 4170 iuxta
570 4121 880 4169 institutum
921 4118 1149 4178 Christi,
1198 4120 1347 4181 atque
1399 4117 1523 4168 adeo
1573 4112 1835 4168 insolubile
1869 4117 1994 4168 inire
2034 4118 2311 4182 voluerint,
2355 4120 2591 4170 nimirum

364 4198 576 4262 generali
608 4211 667 4249 ea
697 4198 965 4248 intentione
998 4197 1316 4247 contrahendi
1343 4198 1483 4247 iuxta
1510 4196 1865 4247 institutionem
1893 4196 2103 4261 Christi,
2128 4200 2405 4262 privatum
2434 4198 2594 4249 illum

366 4289 599 4328 errorem
632 4274 1015 4341 quodammodo
1047 4274 1555 4339 absorbente-Apud
1579 4277 1836 4327 Caesarem
1854 4276 2151 4328 Brancadori
2175 4280 2262 4328 Pu
2281 4279 2428 4329 Sexti
2442 4280 2592 4342 pont.

367 4370 516 4408 max.
540 4357 914 4418 allocutiones,
945 4356 1191 4408 homiliae
1221 4358 1470 4421 epistolae
1486 4360 1585 4409 etc.
1604 4358 1724 4408 tom.
1749 4360 1789 4409 1.
1811 4357 1896 4411 toi.
1914 4357 2261 4411 Amstelodami
2286 4359 2411 4424 (seu
2432 4358 2596 4423 potius

369 4438 593 4502 Rome)
617 4442 752 4490 1792.
777 4450 887 4501 pag.
915 4439 1025 4488 2⁴6.

2405 4517 2448 4558 ιιι
