3276 5083
581 455 718 506 mr.
752 450 841 504 ιιι.
874 451 956 501 nr.
989 453 1223 504 ιιιιιιιιι.
1258 453 1374 502 rao
1410 452 1565 503 taes
1600 428 1686 502 ni
1716 449 2200 501 nrmcnmnr.
2248 449 2342 499 111.
2452 424 2587 497 ⁴37

391 596 551 644 nam
605 572 706 643 uti
758 572 1139 645 haereticam
1203 569 1415 643 fuisse
1483 570 1552 641 in
1606 556 1976 651 ¹constitut.
2043 566 2390 637 Auctorem
2443 564 2597 663 fidei

390 688 774 761 damnatam
826 711 1064 787 propp.
1123 685 1262 757 LIX
1310 700 1377 758 et
1423 683 1552 756 Lx.
1610 708 1781 783 quas
1833 679 2035 781 paulo
2093 695 2246 752 ante
2297 668 2598 751 recitavi-
2685 680 2689 685 ’

390 829 584 888 mus;
642 803 711 873 in
755 800 1005 901 quibus
1056 798 1438 874 baereticali
1484 813 1642 874 nota
1689 797 2056 894 configitur
2091 794 2596 894 pistoriensium

390 915 730 1003 doctrina,
787 941 922 1014 qua
971 906 1287 986 tribuitur
1335 912 1756 1013 principibus
1812 926 2111 1011 potestas
2164 906 2592 993 immutandi,

390 1026 703 1103 abolendi
734 1045 850 1103 aut
866 1027 1322 1103 substituendi
1375 1026 1852 1128 impedimenta
1901 1023 2396 1097 matrimonium
2445 1021 2602 1133 diri-

394 1144 664 1217 mentia.

536 1259 739 1333 Miror
782 1282 941 1333 vero
981 1246 1282 1358 potuisse
1324 1243 1650 1332 oratorem
1694 1254 2123 1354 subalpinum
2156 1253 2358 1329 etiam
2400 1267 2603 1351 atque

392 1375 595 1448 etiam
656 1373 993 1447 affirmare
1054 1372 1476 1447 matrimonia
1533 1371 1956 1447 clandestina
2024 1384 2178 1442 ante
2245 1366 2601 1442 concilium

395 1487 826 1562 tridentinum
874 1506 1002 1559 non
1049 1487 1252 1586 [υιέςεο
1297 1501 1479 1570 rata,
1537 1510 1691 1559 cum
1742 1472 1970 1594 aperte
2005 1481 2198 1593 boc
2180 1506 2402 1581 rpsum
2455 1505 2607 1553 con-

392 1601 621 1679 cilium
675 1600 1090 1674 anathema
1073 1622 1143 1672 ιιι
1182 1626 1300 1674 eos
1337 1598 1878 1700 pronunciaverit
1934 1598 2051 1697 qui
2114 1596 2455 1707 negaverit
2512 1595 2609 1667 fu·

394 1715 533 1788 isse
565 1739 720 1788 vera
751 1728 814 1786 et
842 1728 1025 1798 rata,
1067 1739 1148 1787 ac
1181 1712 1436 1787 tamdiu
1469 1738 1625 1785 vera
1658 1727 1721 1784 et
1749 1725 1901 1784 rata
1947 1734 2337 1810 permanere
2371 1735 2609 1808 quam-

390 1830 513 1902 diu
556 1854 688 1904 non
730 1829 931 1903 fuerit
964 1853 1163 1902 suum
1198 1828 1538 1902 decretum
1574 1827 2064 1926 promulgatum
2093 1882 2110 1912 ‚
2150 1839 2348 1925 prout
2385 1825 2609 1922 reipsa

394 1944 556 2017 talia
591 1943 816 2017 adbuc
845 1968 995 2016 eam
1026 1943 1163 2016 vim
1201 1942 1452 2015 babent
1499 1943 1588 2015 iis
1636 1932 1951 2017 omnibus
2002 1941 2071 2013 in
2121 1938 2289 2013 locis
2339 1939 2407 2010 in
2458 1940 2610 2038 qui-

394 2059 523 2133 bus
573 2058 867 2133 nondum
917 2072 1020 2130 est
1069 2055 1504 2156 publicatum.

541 2168 734 2258 Quod
757 2186 978 2244 autem
1009 2171 1252 2244 asserit
1275 2170 1361 2244 de
1382 2169 1668 2245 concilio
1704 2171 2045 2244 sanciente
2070 2168 2259 2241 illum
2286 2193 2608 2242 canonem

397 2281 805 2382 (decretum)
832 2285 919 2359 ob
943 2280 1432 2382 delegationem
1460 2285 1886 2385 principum,
1930 2284 2183 2383 duplici
2219 2309 2432 2384 eoque
2467 2307 2612 2380 gra-

395 2398 675 2474 vissimo
732 2398 955 2472 errore
1020 2398 1293 2485 nititur,
1359 2395 1564 2471 altero
1624 2399 1820 2498 sacti,
1886 2400 2055 2470 iuris
2119 2398 2347 2471 altero.
2405 2392 2610 2470 Error

394 2511 553 2589 facti
587 2530 729 2601 est,
770 2512 951 2613 quod
995 2510 1193 2585 card.
1222 2510 1698 2610 Lotharingius
1745 2511 1907 2585 dum
1955 2510 2210 2609 rogavit
2255 2509 2610 2585 concilium

396 2645 473 2702 ut
521 2627 821 2702 irritaret
864 2625 1176 2724 coniugia
1224 2623 1643 2700 clandestina
1676 2626 1829 2700 ob
1809 2651 2162 2700 innumera
2197 2651 2369 2724 pene
2405 2625 2606 2712 mala,

399 2768 573 2843 quae
622 2741 865 2816 exinde
906 2739 1386 2827 dimanabant,
1443 2739 1855 2813 transtulerit
1904 2741 1973 2811 in
2023 2740 2380 2814 concilium
2435 2755 2615 2838 pote-

400 2873 681 2942 statem‚·
736 2881 871 2956 qua
923 2856 1235 2956 princeps
1270 2870 1542 2927 ‘natura
1584 2871 1706 2927 -est
1763 2855 2151 2929 instructus.
2221 2853 2422 2927 Porro
2479 2851 2619 2926 tan-

402 2989 540 3046 tum
589 2969 781 3044 abest
811 2986 888 3043 ut
920 2970 1283 3044 Galliarum
1331 2994 1444 3041 rex
1488 2970 1825 3042 censuerit
1873 2995 1993 3067 per
2038 2985 2363 3042 oratorem
2415 2967 2614 3042 suum

397 3083 807 3159 cardinalem
851 3082 1356 3181 Lotharingium
1406 3082 1718 3180 delegare
1767 3099 2162 3182 potestatem
2215 3108 2408 3156 suam
2461 3108 2613 3156 con-

399 3198 554 3274 cilio
592 3258 608 3286 ‚
676 3213 755 3290 ut
814 3212 1140 3270 statueret
1185 3196 1352 3268 illud
1394 3196 1740 3269 'dirimens
1792 3196 2386 3296 impedimentum,
2443 3195 2612 3294 quin

400 3313 623 3413 potius
670 3313 889 3384 enixis
930 3310 1233 3409 precibus
1280 3308 1641 3384 concilium
1695 3310 2055 3408 rogaverit,
2098 3326 2174 3384 ut
2222 3310 2618 3407 dignaretur

402 3428 735 3501 eiusmodi
784 3426 1211 3500 matrimonia
1260 3425 1451 3498 irrita
1496 3425 1738 3499 facere.
1782 3426 1992 3524 quue
2029 3451 2165 3498 non
2201 3427 2349 3500 sine
2385 3426 2615 3523 ingen-

402 3541 1140 3616 tibus=difficultatibus
1188 3540 1478 3613 obtinuit
1510 3540 1826 3613 laudatus
1865 3540 2230 3614 cardinalis
2266 3568 2307 3613 a
2343 3539 2617 3615 concilii

404 3655 743 3757 patribus,
778 3682 1067 3756 quorum
1117 3656 1329 3755 aliqui
1372 3655 1443 3727 in
1478 3672 1767 3752 negante
1799 3655 2148 3728 ‘sententia
2171 3655 2620 3754 perstiterunt

402 3768 574 3871 pene
598 3796 817 3870 usque
843 3770 929 3844 ad
956 3771 1282 3844 sessionis
1324 3768 1508 3843 illius
1544 3768 1748 3842 finem
1784 3772 2009 3864 (120).
2048 3770 2121 3842 ld
2150 3796 2236 3842 ne
2267 3769 2370 3843 est
2408 3785 2620 3843 trans-

402 3885 662 3958 mittere
697 3900 1090 3984 potestatem
1130 3885 1201 3957 in
1236 3883 1515 3958 alterum
1541 3941 1558 3971 ‚
1591 3910 1678 3958 an
1701 3884 1926 3958 verius
1955 3910 2317 3981 agnoscere
2352 3911 2434 3959 ac
2468 3910 2623 3984 pro—

404 4001 572 4074 fiteri
644 4025 719 4072 se
766 3999 896 4073 bac
946 4015 1271 4099 potestate
1322 3999 1520 4099 plane
1583 4026 1736 4074 esse
1792 3998 2180 4073 destitutum
2206 4001 2244 4071 Y
2296 4001 2616 4086 Accedit,

403 4114 584 4214 quod
633 4113 820 4186 eard.
879 4113 1345 4211 Lotharingius
1397 4114 1531 4187 duo
1583 4115 1760 4212 regis
1815 4113 1919 4187 sui
1971 4113 2242 4186 nomine
2299 4140 2341 4186 a
2399 4113 2626 4186 conci-

404 4228 496 4302 lio
559 4226 1044 4327 postulaverit,
1114 4245 1254 4303 tum
1323 4229 1763 4304 irritationem
1833 4227 2292 4325 coniugiorum
2350 4226 2628 4301 clande—

422 4387 427 4398 '
550 4396 679 4460 (120)
710 4397 788 4449 Cf.
814 4396 1046 4449 Pallavic.
1076 4411 1154 4462 op.
1183 4401 1233 4450 et
1266 4397 1464 4448 loccit
