3276 5083
678 433 814 503 290
1063 454 1185 506 m.
1229 453 1274 502 ι.
1319 453 1488 503 suc-r.
1533 452 1792 502 Auem.
1831 453 1917 507 nn
1951 451 2213 502 nram.
2258 450 2471 500 civru.

674 574 791 672 qui
841 572 1282 668 obstringitur
1316 572 1401 643 iis
1436 572 1750 645 omnibus
1801 571 2043 644 officiis
2071 628 2086 657 ,
2127 595 2303 668 quae
2337 568 2423 641 ad
2469 585 2643 640 recte
2695 570 2891 641 insti·

675 702 882 759 tutam
935 686 1321 759 societatem
1357 685 1722 784 pertinent;
1766 710 1975 783 quare
2008 709 2168 781 ergo
2206 682 2551 781 politicum
2590 682 2891 778 regimen

673 802 797 875 hac
846 801 1079 874 eadem
1131 801 1397 874 fictione
1448 801 1689 887 utitur,
1747 801 1951 873 immo
1998 826 2155 874 vero
2206 814 2273 872 et
2319 798 2537 870 eidem
2583 798 2894 873 innititur

671 933 1010 1015 tamquam
1063 915 1494 989 fundamento
1546 915 1632 988 ad
1686 916 2053 989 sancienda
2102 914 2371 988 foedera
2421 913 2754 1011 nuptialia
2801 915 2895 987 ci-

675 1031 878 1119 vilia,
937 1057 1113 1130 quae
1160 1058 1202 1105 a
1251 1031 1396 1105 cive
1447 1030 1599 1104 iniri
1652 1057 1731 1105 eo
1781 1031 1932 1130 ipso
1982 1046 2371 1129 nequeunt,
2441 1028 2625 1128 quod
2684 1029 2889 1101 simul

674 1146 1086 1220 christianus
1140 1144 1278 1219 sit?

815 1261 1010 1334 Haud
1064 1278 1282 1335 tamen
1335 1262 1505 1334 inter
1555 1288 1631 1334 se
1682 1262 2087 1360 permiscere
2146 1260 2558 1335 intendimus
2606 1259 2832 1334 officia
2867 1319 2886 1347 ,

669 1389 736 1447 et
784 1374 1264 1473 obligationes,
1308 1376 1556 1475 quibus
1591 1402 1799 1449 unum
1838 1375 2152 1474 idemque
2203 1375 2580 1448 subiectum
2616 1375 2746 1447 sub
2780 1375 2889 1447 di-

668 1515 862 1563 verso
915 1508 1223 1590 respectu
1273 1490 1673 1565 devincitur.
1732 1492 1963 1590 Neque
2012 1490 2188 1563 enim
2240 1490 2627 1587 ignoramus
2669 1549 2685 1577 ‚
2755 1490 2892 1565 alia

668 1630 821 1677 esse
870 1605 1095 1679 officia
1144 1631 1223 1678 ac
1273 1607 1541 1692 munia,
1590 1631 1767 1704 quae
1814 1606 1992 1678 idem
2043 1605 2244 1679 homo
2295 1622 2639 1705 praestare
2687 1607 2889 1680 debet

668 1735 865 1815 prout
897 1719 1065 1791 civis
1101 1736 1206 1792 est
1235 1776 1251 1806 ,
1308 1735 1373 1792 et
1423 1719 1558 1791 alia
1607 1718 1836 1792 officia
1870 1745 1949 1792 ac
1982 1720 2239 1807 munia,
2279 1720 2366 1793 ad
2403 1746 2578 1820 quae
2629 1736 2888 1793 tenetur

666 1849 740 1905 ut
777 1833 1212 1908 christianus.
1257 1834 1382 1907 Ubi
1418 1850 1759 1933 spectetur
1807 1851 1881 1907 ut
1930 1834 2120 1920 talis,
2181 1861 2315 1908 non
2366 1834 2725 1908 abnuimus
2774 1834 2884 1907 di-

668 1947 1092 2021 stinctionem
1146 1949 1318 2021 inter
1365 1950 1577 2022 civem
1629 1966 1694 2021 et
1741 1948 2186 2022 christianum
2240 1951 2611 2023 admittere.
2643 1950 2882 2023 Verum

664 2061 848 2134 aliud
898 2081 1001 2136 est
1047 2063 1390 2136 ferendum
1428 2064 1787 2152 iudicium,
1828 2065 2099 2163 quando
2133 2065 2352 2163 agitur
2384 2066 2470 2137 de
2505 2066 2879 2139 actionibus

669 2176 841 2249 inter
874 2203 949 2251 se
985 2203 1064 2249 ac
1100 2194 1340 2251 natura
1376 2204 1500 2251 sua
1535 2179 1846 2265 diversiS‚
1890 2206 2198 2279 quaeque
2249 2179 2511 2278 impleri
2551 2195 2833 2279 possunt
2863 2238 2881 2263 ,

664 2310 783 2364 aut
815 2291 1059 2364 debent
1108 2293 1371 2366 diverso
1423 2310 1759 2392 tempore,
1816 2294 2221 2394 diversoque
2273 2296 2438 2382 fine,
2490 2322 2797 2394 quaeque
2844 2321 2889 2368 a

663 2405 929 2480 diverso
978 2406 1406 2503 obligationis
1458 2408 1635 2481 sonte
1677 2409 2059 2495 dimanant,
2117 2426 2320 2507 atque
2369 2436 2408 2480 a
2460 2408 2728 2481 diversa
2761 2434 2884 2506 po·-

665 2535 901 2597 testate
946 2521 1290 2621 proprium
1343 2523 1453 2596 ius
1500 2523 1790 2597 habente
1824 2522 2362 2622 praecipiuntur,
2402 2548 2577 2621 quae
2627 2523 2696 2594 in
2747 2548 2887 2596 uno

662 2636 1036 2735 eodemque
1086 2637 1386 2711 subiecto
1435 2639 1684 2737 optime
1734 2639 2133 2711 consistunt.
2180 2639 2344 2709 Nam
2394 2637 2659 2709 diversa
2707 2637 2890 2709 obli-

661 2750 841 2846 gatio
875 2750 945 2820 in
981 2751 1248 2825 diversa
1281 2753 1548 2826 caderet
1580 2753 1862 2826 obiecta.
1897 2751 2096 2823 Aliud
2131 2777 2287 2824 vero
2321 2765 2457 2836 est,
2490 2776 2643 2823 cum
2678 2751 2763 2824 de
2798 2778 2886 2827 eo

665 2865 908 2961 agitur,
943 2866 1122 2964 quod
1151 2867 1217 2937 in
1246 2894 1381 2939 una
1405 2867 1771 2965 eademque
1797 2890 2086 2963 persona
2113 2865 2478 2939 consistere
2506 2865 2888 2940 nullatenus

661 2995 902 3078 potest.
931 2982 1004 3052 ln
1043 2983 1261 3080 prima
1303 2981 1660 3080 hypothesi
1698 2982 2001 3054 diversas
2038 2980 2190 3054 illas
2227 2980 2435 3078 leges,
2476 2982 2880 3081 diversaque

663 3096 885 3169 officia
936 3098 1246 3197 componi
1298 3122 1503 3194 posse
1552 3121 1631 3168 ac
1682 3096 2068 3169 harmonice
2118 3097 2293 3170 inter
2344 3124 2419 3170 se
2467 3098 2877 3182 coordinari,

660 3226 867 3311 atque
901 3215 1295 3298 consistere,
1322 3210 1742 3287 saeculorum
1777 3212 2074 3284 omnium
2111 3214 2520 3311 experientia
2546 3213 2886 3287 evidenter

659 3327 1092 3400 demonstrat.
1136 3328 1412 3400 Plurimi
1451 3353 1719 3427 semper
1751 3328 2119 3401 floruerunt
2153 3354 2231 3400 ac
2265 3329 2545 3414 florent,
2585 3329 2701 3427 qui
2739 3355 2874 3401 non

658 3443 884 3517 minus
935 3444 1168 3542 optimi
1220 3445 1436 3532 cives,
1495 3472 1699 3544 quam
1760 3443 1992 3541 optimi
2060 3443 2409 3536 christiani
2469 3443 2704 3517 merito
2755 3471 2875 3515 au-

656 3558 883 3644 diunt;
941 3559 1181 3658 optimi
1233 3585 1311 3632 ac
1364 3560 1619 3633 strenui
1670 3559 1924 3641 duces,
1986 3559 2394 3655 integerrimi
2449 3560 2877 3655 magistratus

655 3673 921 3746 suerunt
968 3690 1035 3747 et
1084 3689 1279 3754 sunt,
1336 3674 1681 3772 iidemque
1730 3673 2100 3747 christiano
2151 3672 2354 3746 simul
2407 3674 2673 3746 nomine
2723 3672 2879 3743 insi·
2922 3761 2927 3766 μ

655 3814 844 3883 gnes.
898 3789 1108 3864 Immo
1158 3804 1225 3861 et
1275 3787 1482 3874 illud,
1540 3789 1599 3862 si
1654 3788 1876 3874 lubet,
1932 3788 2246 3862 adiiciam
2286 3847 2300 3874 ‚
2358 3789 2700 3861 meliorem
2762 3813 2878 3858 ne-

658 3903 902 3976 minem
953 3904 1167 3976 civem
1220 3903 1452 3976 haberi
1514 3928 1592 3976 eo
1651 3929 1885 4002 posse,
1943 3904 2060 4002 qui
2115 3902 2438 3999 religione
2499 3928 2579 3975 ac
2626 3903 2870 4001 pietate

652 4016 951 4103 excellit,
1011 4020 1341 4092 neminem
1387 4018 1754 4093 fideliorem
1789 4020 1916 4112 (4).
1952 4019 2026 4088 ln
2065 4017 2272 4092 altera
2313 4045 2469 4094 vero
2514 4017 2871 4119 hypothesi

797 4238 865 4300 (4)
896 4239 1040 4288 Nulla
1059 4243 1217 4293 aetate
1237 4171 1495 4292 dernier-unt
1517 4240 1607 4290 viri
1632 4240 1874 4304 dignitate
1906 4238 2129 4302 principe
2150 4240 2276 4290 inter
2297 4252 2436 4300 snoS,
2459 4241 2543 4302 qui
2565 4241 2633 4290 rei
2655 4240 2878 4303 publicae

649 4316 1117 4368 administrationem
1135 4321 1196 4368 ad
1218 4320 1466 4385 religionis
1481 4321 1608 4383 leges
1623 4318 1901 4381 exegerunt,
1917 4317 2006 4367 hos
2026 4319 2169 4380 inter,
2183 4332 2307 4381 quos
2328 4319 2503 4368 referre
2519 4319 2716 4382 longum
2732 4320 2876 4379 soret,

650 4410 798 4447 unum
816 4398 1113 4460 memorabo,
1130 4401 1215 4460 qui
1238 4399 1400 4450 civilis
1413 4401 1559 4450 simul
1580 4413 1638 4449 ac
1657 4397 1948 4449 christianae
1968 4397 2166 4448 virtutis
2184 4398 2424 4461 specimen
2444 4398 2687 4460 singulare
2708 4398 2876 4458 dedit,
