3276 5083
639 403 773 473 372
1020 423 1141 473 ω.
1182 422 1229 470 1.
1271 420 1442 471 secr.
1484 420 1743 470 ursui.
1788 419 1866 468 nt
1900 419 2165 470 numu.
2208 418 2425 469 mviu.

635 541 1232 639 emancipationem
1260 541 1327 611 in
1355 565 1560 613 sensu
1605 536 1974 611 adversarii
2023 562 2390 635 numquam
2429 535 2674 633 adepta
2709 553 2861 621 est,

640 683 759 731 nec
789 681 935 729 eam
976 679 1295 753 umquam
1340 653 1778 751 adipiscetur.

780 768 1267 841 Matrimonium
1302 784 1495 866 prout
1536 783 1642 839 est
1679 765 1976 839 officium
2013 780 2287 837 namt-ae
2320 779 2497 837 certe
2529 780 2635 837 est
2666 763 2870 862 prin-

637 887 885 985 cipium
939 909 1017 955 ac
1069 883 1347 954 materia
1399 882 1619 980 prima
1652 938 1667 967 ,
1723 896 1798 954 ut
1846 880 2141 979 loquitur
2188 895 2412 952 orator
2442 936 2459 966 ‚
2505 879 2682 953 vitae
2731 905 2870 950 na-

641 1001 910 1082 turalis,
956 1024 1089 1072 non
1142 1012 1364 1070 autem
1415 997 1659 1079 civilis,
1700 1021 1876 1095 quae
1923 1010 2202 1071 naturae
2244 994 2579 1068 adiicitur.
2609 995 2866 1068 Verum

637 1131 993 1213 antequam
1044 1113 1215 1186 inter
1265 1111 1670 1185 christianos
1717 1138 1798 1186 ex
1851 1110 2074 1184 officio
2131 1126 2412 1184 naturae
2461 1110 2578 1183 fiat
2624 1110 2870 1182 matri-

640 1230 934 1304 monium
963 1286 978 1315 ,
1051 1228 1183 1300 iam
1246 1227 1329 1299 ad
1389 1226 1744 1300 ecclesiam
1800 1225 2084 1325 pertinet
2132 1241 2511 1300 contractus
2584 1241 2868 1297 natura-

639 1344 761 1429 lis,
835 1370 917 1417 ex
982 1368 1118 1442 quo
1185 1358 1675 1415 sacramentum
1745 1341 2064 1438 exurgit,
2121 1357 2189 1414 et
2250 1342 2399 1414 sine
2464 1366 2600 1439 quo
2668 1337 2868 1412 nullo

640 1457 840 1532 modo
890 1457 1199 1530 consistit
1249 1458 1376 1529 iste
1423 1473 1831 1530 contractus.
1892 1455 2313 1556 Quapropter
2361 1456 2681 1555 princeps
2731 1480 2869 1527 nec

643 1574 749 1645 ius
821 1597 1038 1671 neque
1105 1596 1349 1644 munus
1395 1569 1598 1644 habet
1648 1585 2061 1644 contractum
2113 1570 2259 1643 suis
2309 1568 2571 1667 legibus
2621 1569 2862 1642 mode-

642 1685 861 1759 randi.

784 1799 1022 1873 Nescio
1065 1823 1261 1899 porro
1312 1798 1474 1898 quid
1526 1798 1862 1896 significet
1896 1797 2009 1872 illa
2043 1814 2325 1898 potestas
2362 1803 2611 1885 anaim,-
2659 1824 2862 1871 uum-

644 1916 812 2018 quid
866 1914 1152 1989 ecclesia
1200 1914 1286 1986 ad
1337 1914 1552 1987 instar
1585 1929 1692 1987 est
1731 1914 2078 2011 regiminis
2128 1914 2384 2001 civilis,
2444 1916 2537 1988 ita
2587 1930 2662 1986 ut
2714 1914 2855 1986 dici

643 2032 857 2131 possit
921 2045 1221 2129 potestas
1286 2031 1499 2102 amica
1527 2030 1563 2099 9
1627 2029 1845 2114 Quam
1909 2030 2167 2103 absona
2233 2046 2301 2103 et
2362 2030 2621 2103 abiecta
2687 2029 2859 2102 haec

642 2163 802 2221 sunt
839 2148 907 2217 in
950 2170 1068 2218 ore
1116 2146 1342 2243 gravis
1391 2143 1758 2218 senatoris!
1809 2144 2112 2218 Ecclesia
2155 2170 2419 2245 semper
2466 2144 2595 2217 fuit
2640 2158 2707 2216 et
2751 2158 2860 2216 est

640 2260 952 2345 omnibus
1004 2257 1394 2331 hominibus
1453 2259 1666 2329 amica
1687 2312 1705 2341 ,
1762 2273 1868 2330 est
1916 2257 2030 2356 pia
2079 2274 2290 2331 mater
2337 2273 2404 2331 et
2451 2256 2856 2330 benevolen-

644 2374 906 2447 tissima
966 2373 1210 2445 nutrix.
1267 2371 1576 2445 Ceterum
1626 2395 1824 2443 nemo
1874 2387 2096 2469 potest
2149 2397 2229 2444 ex
2280 2397 2356 2444 se
2406 2372 2623 2445 facere
2670 2371 2852 2470 quod

643 2514 775 2563 nou
824 2504 928 2561 est
976 2488 1041 2558 in
1103 2512 1227 2560 sua
1278 2501 1621 2586 potestate.
1684 2487 1836 2559 lura
1886 2485 2182 2585 denique
2207 2545 2222 2574 ,
2281 2512 2460 2587 quae
2521 2511 2853 2587 nusquam

641 2603 931 2676 existunt
964 2659 978 2686 ‚
1035 2627 1157 2674 nec
1196 2601 1755 2698 praescriptibilia
1789 2600 1921 2673 dici
1960 2617 2538 2701 possunt‚·neque
2572 2603 2852 2699 imprae-

641 2714 1061 2810 scriptibilia.

788 2826 979 2912 Quod
1024 2853 1179 2900 vero
1222 2829 1454 2901 attinet
1487 2828 1573 2900 ad
1607 2855 1722 2914 ea,
1763 2856 1938 2929 quae
1973 2847 2308 2904 oratorum
2345 2830 2511 2905 alter
2541 2830 2848 2928 urgebat,

645 2944 854 3039 legem
906 2941 1081 3015 hanc
1130 2941 1251 3013 niti
1300 2943 1562 3016 duobus
1614 2943 2004 3044 principiis,
2046 2972 2221 3045 quae
2270 2946 2723 3019 humanitaria
2757 2946 2854 3019 si-

642 3055 782 3129 mul
804 3059 805 3062 ’
826 3074 983 3130 sunt
1014 3073 1080 3129 et
1110 3058 1534 3154 evangelica,
1577 3059 1872 3132 sufficiat
1908 3060 2346 3159 respondere,
2378 3088 2460 3135 ea
2483 3087 2638 3134 esse
2670 3061 2855 3160 priu-

642 3173 820 3272 cipia
860 3172 1248 3273 aptissima,
1291 3190 1486 3273 prout
1519 3173 1605 3247 ab
1637 3191 1898 3249 oratore
1948 3176 2450 3274 intelliguntur,
2491 3176 2575 3250 ad
2621 3178 2856 3250 huma-

644 3287 916 3360 nitatem
952 3287 1187 3374 simul,
1227 3313 1588 3387 veramque
1621 3288 2072 3386 evangelicam
2109 3290 2500 3387 religionem
2538 3291 2854 3364 abiicien-

643 3400 824 3474 dam.
875 3402 959 3474 Et
1007 3402 1324 3502 quoniam
1376 3402 1694 3501 profanus
1744 3417 1966 3476 orator
1996 3403 2085 3477 ad
2118 3404 2464 3501 evangelia
2510 3420 2845 3504 provocat,

643 3516 1126 3617 respondemus
1158 3576 1173 3602 ‚
1246 3541 1397 3592 eum
1461 3519 1692 3617 utique
1740 3518 1854 3617 qui
1909 3519 2255 3616 evangelia
2305 3521 2563 3619 aperiat
2610 3519 2853 3618 spiritu

645 3633 1116 3730 protestantico
1166 3631 1561 3705 informatus
1611 3648 1813 3731 atque
1863 3650 2421 3732 praeoccupatus,
2463 3632 2553 3705 ibi
2596 3632 2855 3733 procla-

644 3763 890 3820 matum
939 3746 1229 3846 reperire
1278 3746 1767 3846 separationem
1820 3763 2035 3821 status
2086 3747 2172 3820 ab
2221 3748 2542 3835 ecclesia,
2599 3746 2855 3821 scilicet

645 3887 687 3933 a
709 3862 886 3948 Deo;
927 3879 996 3935 at
1028 3888 1180 3936 eum
1216 3863 1332 3960 qui
1370 3878 1589 3935 mente
1620 3862 1953 3936 catholica
1986 3889 2067 3936 ea
2100 3863 2396 3962 aperiat,
2431 3862 2616 3937 nullo
2651 3861 2849 3936 modo

642 3977 1140 4072 separationem,
1175 3975 1293 4048 sed
1330 3974 1807 4048 distinctionem
1842 3975 2053 4049 solam
2090 3976 2579 4075 praesidiorum
2605 3993 2670 4051 et
2696 3976 2851 4049 finis

648 4114 768 4186 pro
816 4105 993 4162 statu
1045 4106 1245 4189 atque
1294 4089 1579 4163 ecclesia
1622 4089 1955 4177 invenire;
1996 4108 2197 4191 atque
2231 4093 2584 4193 utriusque
2633 4091 2848 4165 amico

646 4202 911 4277 foedere
942 4204 1364 4278 concordiam
1393 4236 1406 4278 :
1441 4231 1642 4305 quam
1679 4205 1949 4305 quidem
1988 4206 2353 4281 doctrinam
2392 4226 2613 4307 patres
2648 4234 2850 4309 expo-

647 4333 850 4406 nunt;
900 4334 1148 4393 tantum
1193 4318 1413 4406 abest,
1453 4335 1557 4406 ut,
1602 4321 2162 4418 quemadmodum
2218 4337 2441 4397 orator
2491 4338 2715 4396 noster
2750 4322 2849 4394 af-
