3276 5083
603 365 737 434 392
1001 388 1119 436 un.
1164 388 1211 436 ι.
1255 387 1428 436 sacr.
1469 387 1725 436 Atrum.
1773 388 1850 436 na
1888 386 2150 437 nrum.
2196 386 2411 435 civim.

596 506 953 604 pertinere.
1000 507 1142 579 Non
1183 522 1287 578 est
1321 505 1820 578 matrimonium
1859 506 2037 578 sicut
2071 520 2493 578 sacramenta
2531 503 2819 604 reliqua,

599 645 773 718 quae
813 619 898 690 ad
945 618 1157 692 solam
1212 619 1492 720 spiritus
1543 619 1745 692 vitam
1802 619 2212 704 referuntur3
2272 634 2490 691 status
2540 644 2664 692 seu
2712 646 2828 716 gu—

598 735 908 809 bernium
962 735 1196 833 nequit
1244 734 1380 807 ullo
1433 760 1557 808 suo
1608 734 1855 834 privari
1894 734 2077 819 iure;
2132 733 2335 807 immo
2381 759 2543 807 vero
2589 761 2828 807 munus

602 878 725 924 seu
776 850 1252 946 obligationem
1303 848 1504 922 babet
1556 851 1704 922 iura
1749 849 1977 922 omnia
2026 847 2158 921 sibi
2213 849 2484 948 propria
2532 850 2817 922 tutandi.

599 967 788 1039 Hanc
811 964 1042 1038 vocavi
1081 964 1415 1038 fictionem
1452 990 1532 1037 ac
1565 963 2020 1064 hypothesim
2063 981 2356 1037 ceterum
2391 990 2470 1037 ea
2508 965 2602 1036 nil
2640 965 2828 1038 aliud

596 1097 737 1166 est,
772 1106 973 1179 quam
1010 1079 1290 1180 simplex
1334 1079 1849 1181 historia3Cum
1895 1079 2438 1153 christianismus
2492 1081 2823 1154 introduci

598 1194 819 1295 coepit
845 1252 861 1279 ,
905 1194 1087 1292 leges
1140 1194 1373 1268 civiles
1422 1195 1602 1267 circa
1647 1195 2144 1268 matrimonium
2190 1194 2528 1291 vigebant,
2571 1195 2825 1269 nullum

603 1336 844 1383 novum
885 1310 990 1382 ius
1027 1325 1186 1383 tunc
1235 1310 1569 1383 invectum
1621 1310 1776 1395 fuit,
1831 1336 1911 1382 ac
1964 1308 2179 1382 solum
2238 1309 2309 1380 in
2363 1310 2596 1384 densis
2647 1327 2830 1383 tene-

604 1427 745 1500 bris
789 1426 992 1500 medii
1030 1427 1175 1500 aevi
1208 1426 1571 1499 constituta
1609 1425 1794 1498 suere
1828 1424 2164 1525 principia
2198 1440 2430 1498 contra
2477 1422 2700 1522 legum
2734 1425 2834 1499 ci-

602 1542 835 1616 vilium
885 1543 1366 1616 auctoritatem.

752 1656 929 1743 Quid
982 1655 1231 1756 plura?
1262 1656 1368 1730 vel
1405 1658 1629 1755 ipsum
1681 1655 2041 1729 concilium
2092 1654 2527 1728 tridentinum
2580 1655 2834 1730 consti-

614 1793 799 1846 tuere
831 1772 1043 1846 voluit
1078 1771 1546 1845 necessitatem
1600 1770 1872 1844 ineundi
1928 1771 2202 1870 nuptias
2238 1796 2463 1843 coram
2499 1770 2825 1870 parocho,

607 1888 728 1961 sed
765 1914 845 1959 ea
882 1888 1138 1960 ratione
1172 1886 1242 1957 id
1281 1886 1438 1959 fecit
1462 1944 1478 1973 ‚
1518 1904 1595 1961 ut
1628 1886 1991 1969 indicaret,
2034 1912 2165 1959 non
2204 1903 2338 1960 tam
2376 1913 2452 1959 se
2483 1886 2834 1961 intendere

609 2003 697 2075 ad
747 2002 1317 2076 consecrationem
1371 2000 1756 2099 religiosam
1785 2059 1802 2086 ,
1852 2028 2057 2101 quam
2093 2002 2179 2074 ad
2216 2003 2534 2075 certiores
2578 2001 2832 2075 facien-

608 2119 733 2192 dos
797 2118 1230 2216 magistratus
1282 2117 1557 2204 civiles;
1616 2116 1955 2217 siquidem
1990 2116 2246 2203 nullum
2287 2116 2698 2216 peculiarem
2744 2118 2838 2189 ri-

609 2251 748 2308 tum
774 2234 1317 2308 benedictionum
1343 2234 1637 2334 praescri
1649 2235 1816 2332 psit3
1842 2233 1938 2305 uti
1964 2231 2227 2306 validas
2258 2233 2530 2330 agnovit
2553 2234 2840 2333 nuptias

607 2377 831 2423 coram
900 2349 1192 2449 parocho
1253 2349 1460 2422 invito
1522 2375 1599 2421 ac
1653 2348 2002 2420 interdicto
2069 2348 2273 2421 etiam
2331 2347 2596 2433 initas;
2666 2349 2842 2421 inter

605 2490 849 2537 causas
899 2490 1073 2565 quas
1125 2462 1401 2563 protulit
1448 2463 1654 2536 huius
1704 2463 2025 2550 canonis,
2086 2489 2170 2535 ne
2229 2462 2505 2536 verbum
2557 2462 2831 2564 quidem

610 2580 812 2654 habet
857 2581 942 2655 de
987 2581 1392 2655 necessitate
1441 2579 1969 2654 consecrationis
2022 2579 2411 2677 religiosae,
2467 2579 2589 2653 sed
2641 2579 2842 2653 unice

610 2722 691 2770 eo
743 2712 1046 2794 spectare
1097 2695 1545 2794 significavit,
1601 2713 1678 2768 ut
1727 2712 2025 2769 cessaret
2085 2694 2419 2768 dubitatio
2468 2695 2647 2769 circa
2698 2721 2842 2769 ma-

609 2811 920 2884 trimonia
974 2811 1139 2883 inita
1195 2809 1339 2883 sola
1390 2810 1926 2885 contrahentium
1976 2809 2346 2883 voluntate.

769 2924 1008 2998 Infelix
1056 2926 1174 3025 qui
1228 2925 1360 2997 sibi
1410 2924 1800 3000 adiumenta
1834 2950 1968 2998 non
2003 2943 2348 3024 comparat
2380 2952 2462 2999 ex
2499 2925 2843 3023 religionis

613 3040 1022 3140 praesidiis!
1082 3043 1217 3114 Nos
1280 3041 1348 3112 id
1412 3041 1701 3115 libenter
1768 3040 2260 3127 concedimus;
2319 3057 2427 3114 ast
2473 3041 2642 3114 illud
2707 3067 2840 3115 non

614 3155 979 3255 probamus
1015 3155 1197 3257 quod
1234 3156 1610 3230 auctoritati
1660 3155 2115 3230 conscientiae
2150 3154 2599 3253 subrogentur
2648 3155 2839 3228 iussa

615 3270 1022 3368 legislatoris
1074 3271 1334 3357 civilis;
1395 3271 1462 3343 id
1515 3298 1648 3345 non
1701 3271 2067 3369 probamus
2123 3273 2191 3341 1.
2235 3270 2396 3369 quia
2436 3296 2572 3343 non
2607 3295 2845 3343 cense-

617 3412 769 3460 mus
814 3386 1147 3460 eiusmodi
1185 3386 1520 3486 principia
1556 3385 1925 3460 conformia
1961 3384 2320 3483 principiis
2364 3382 2838 3482 legislationiS,

614 3526 815 3599 quam
868 3498 1210 3574 liberalem
1262 3501 1591 3588 dicimus,
1654 3503 1720 3571 2.
1765 3525 1988 3600 neque
2035 3498 2405 3574 conformia
2435 3506 2594 3573 esse
2630 3498 2839 3572 indoli

615 3615 797 3690 illius
849 3615 1232 3715 religionis,
1288 3643 1465 3716 quae
1515 3616 1601 3689 ab
1652 3631 1924 3689 externa
1982 3614 2228 3712 refugit
2277 3615 2623 3690 coactione
2655 3617 2834 3710 (71).

658 3779 661 3788 ·
758 3733 1007 3829 Regius
1059 3732 1261 3806 etiam
1313 3733 1622 3807 minister
1656 3731 1941 3818 adiecit,
1984 3757 2059 3805 se
2096 3757 2231 3805 non
2270 3731 2645 3828 intelligere
2676 3756 2848 3829 quo-

612 3849 814 3923 modo
864 3849 1337 3923 anticatholica
1384 3876 1464 3923 ea
1513 3849 1618 3922 lex
1669 3848 1802 3923 dici
1857 3848 2117 3948 possit,
2162 3874 2338 3947 quae
2389 3847 2565 3921 inter
2598 3863 2695 3920 tot
2726 3873 2847 3947 po·

617 3963 816 4063 pulos
876 3958 1255 4039 catholicos
1304 3965 1558 4039 obtinet
1597 3993 1613 4049 ;
1682 3990 1888 4064 quam
1949 3964 2352 4038 contrariam
2402 3990 2559 4037 esse
2610 3962 2845 4036 dicunt

619 4106 747 4152 non
785 4078 1078 4176 dogmati
1105 4138 1120 4168 ,
1152 4081 1270 4153 sed
1314 4080 1743 4180 disciplinae.
1777 4081 1859 4152 At
1886 4080 2318 4179 quandonam
2364 4079 2672 4153 illicitum
2723 4079 2850 4151 erit

614 4212 818 4294 atque
847 4194 1199 4269 schismati
1239 4197 1619 4295 proximum
1650 4198 1719 4268 in
1750 4223 1953 4293 regno
1990 4196 2350 4296 subalpino
2377 4197 2444 4269 id
2473 4196 2654 4296 quod
2683 4194 2844 4267 alibi

760 4350 860 4411 (71)
892 4350 1098 4402 senato.
1133 4356 1203 4399 m.
1236 4349 1455 4401 Dicemb.
1476 4362 1583 4413 pag.
1613 4356 1716 4400 189.
1743 4357 1842 4402 190.
