3276 5083
711 434 845 504 236
1093 457 1212 505 un.
1258 457 1302 505 ι.
1349 455 1521 505 sacr.
1566 456 1823 505 Αιτιιιυι.
1868 456 1944 503 nn
1996 452 2261 504 ιιΑτιιιιι.
2307 452 2520 503 οινιιι.

707 573 832 645 etsi
883 588 1111 645 sancte
1158 570 1520 658 celebrata,
1578 574 1672 645 ita
1719 588 1794 644 ut
1841 574 2166 669 coniuges
2216 570 2306 643 ab
2369 571 2649 644 invicem
2718 596 2917 669 sepa-

709 701 969 771 rentur,
1024 683 1139 757 ubi
1192 685 1586 783 praesertim
1638 686 1858 782 agitur
1904 686 1993 758 de
2042 683 2403 784 zelotypia,
2459 684 2544 756 de
2586 685 2917 784 suspicio—

709 799 906 873 nibus
955 799 1241 874 alicuius
1294 799 1746 886 infidelitatis,
1803 818 1918 873 aut
1966 800 2161 873 etiam
2212 800 2295 871 de
2342 799 2627 895 negotiis
2660 816 2916 898 tempo-

707 914 955 989 ralibus
983 973 998 1000 ,
1038 914 1326 1015 aliisque
1358 915 1683 988 eiusmodi
1723 942 1852 987 non
1894 914 2125 1013 paucis
2168 916 2344 1009 (41).
2380 913 2570 999 Quod
2603 914 2661 986 si
2692 913 2912 987 locum

708 1032 874 1103 haec
921 1029 1171 1103 habent
1221 1031 1391 1102 inter
1440 1030 1731 1127 legitime
1763 1030 2191 1113 coniunctoS‚
2233 1028 2349 1125 qui
2395 1046 2722 1102 noverunt
2761 1056 2915 1128 pro·

707 1145 924 1242 prium
962 1143 1255 1243 nuptiale
1290 1143 1522 1216 foedus
1551 1169 1703 1216 esse
1731 1170 2008 1241 prorsus
2039 1141 2397 1216 insolubile
2419 1199 2435 1227 ‚
2466 1142 2662 1240 quid,
2716 1168 2919 1241 quae-

709 1285 825 1344 so,
883 1258 1139 1332 eveniet
1188 1258 1361 1330 inter
1415 1257 1597 1343 illos,
1655 1258 1770 1357 qui
1834 1257 2016 1330 nullo
2072 1283 2229 1331 vero
2289 1257 2555 1330 vinculo
2623 1258 2914 1356 copulati

710 1388 907 1458 sunt,
968 1399 1251 1472 quorum
1302 1372 1680 1446 coniunctio
1730 1398 1862 1444 non
1913 1371 2127 1444 solum
2180 1371 2499 1444 rationem
2543 1397 2674 1445 non
2718 1372 2917 1444 habet

710 1488 1103 1561 sacramenti
1133 1545 1147 1573 ,
1190 1488 1309 1559 sed
1338 1512 1557 1586 neque
1583 1501 1954 1559 contractus
1979 1543 1994 1573 ,
2027 1486 2134 1559 cui
2174 1484 2507 1558 inhabiles
2536 1486 2687 1559 sacti
2716 1484 2916 1559 sunt?

709 1603 987 1686 Eorum,
1046 1603 1317 1700 inquam
1344 1658 1359 1687 ‚
1417 1602 1532 1699 qui
1570 1627 1700 1675 non
1738 1601 1939 1674 modo
1973 1628 2013 1673 a
2049 1600 2369 1698 religione
2418 1627 2549 1673 non
2584 1601 2918 1673 deterren-

709 1731 815 1787 tur
847 1741 887 1786 a
922 1718 1336 1813 separatione
1370 1732 1597 1787 mutua
1620 1772 1635 1801 ‚
1679 1740 1908 1788 verum
1944 1716 2144 1787 etiam
2173 1773 2187 1800 ,
2224 1714 2356 1787 nisi
2382 1740 2604 1787 coram
2638 1713 2918 1787 ecclesia

709 1828 995 1916 nubant,
1051 1829 1136 1902 ad
1188 1830 1668 1929 separationem
1714 1829 2142 1927 impelluntur
2166 1887 2181 1917 ,
2237 1846 2310 1901 ut
2344 1855 2419 1902 se
2450 1856 2489 1901 a
2525 1844 2700 1901 statu
2733 1828 2920 1902 habi-

708 1943 870 2016 tuali
910 1944 1159 2042 peccati
1208 1942 1545 2042 eripiant?
1580 1943 1708 2029 Qui
1759 1943 2258 2017 sacramentalis
2293 1944 2545 2041 gratiae
2580 1944 2918 2043 praesidio

710 2083 840 2130 non
891 2058 1289 2131 adiuvantur
1339 2073 1475 2130 tum
1528 2058 1617 2130 ad
1668 2084 1819 2131 sese
1869 2057 2149 2131 honeste
2198 2058 2574 2154 diligendos
2601 2116 2617 2143 ‚
2658 2074 2794 2130 tum
2829 2059 2914 2130 ad

709 2198 911 2246 onera
959 2173 1240 2246 ferenda
1293 2173 1497 2245 statui
1561 2173 1890 2269 coniugali
1955 2173 2188 2244 intime
2254 2172 2509 2246 adnexa
2536 2170 2572 2242 9
2624 2172 2921 2245 Profecto

707 2288 915 2361 velint
947 2287 1163 2361 nolint
1199 2288 1364 2385 legis
1392 2347 1407 2374 ,
1450 2315 1586 2387 qua
1619 2288 1705 2360 de
1730 2289 1993 2383 agimus
2021 2345 2035 2373 ‚
2069 2288 2361 2361 fautores
2387 2303 2453 2360 et
2479 2302 2921 2386 propugnato—

712 2429 859 2490 res,
918 2430 1282 2503 numquam
1333 2404 1662 2489 efficient,
1729 2419 1802 2475 ut
1838 2402 2068 2476 civiles
2107 2403 2377 2502 nuptiae
2411 2400 2919 2476 indissolubiles

709 2518 1110 2619 saepissime
1160 2535 1363 2618 atque
1416 2518 1692 2592 stabiles
1745 2518 1906 2590 sint.

854 2634 956 2704 En
1006 2633 1207 2729 igitur
1255 2633 1529 2730 copiosa
1565 2659 1758 2729 seges
1794 2632 2339 2718 dissolutionum,
2381 2659 2422 2705 a
2457 2634 2703 2732 quibus
2739 2650 2918 2706 certe

711 2773 844 2819 non
895 2773 968 2820 se
1020 2747 1503 2845 temperabant,
1560 2749 1676 2846 qui
1729 2746 1985 2820 ludicra
2034 2764 2285 2821 tantum
2322 2747 2654 2822 connubia
2688 2747 2917 2821 civilia

714 2867 1197 2934 contraxerunt.
1240 2861 1541 2933 Indidem
1594 2888 1764 2935 nova
1797 2862 2095 2961 quotidie
2130 2863 2449 2936 scandala
2488 2863 2556 2933 in
2602 2862 2918 2936 societate

718 2976 1168 3074 pullulabunt,
1210 3005 1380 3077 quae
1416 2995 1642 3078 aperte
1679 2995 1977 3078 pugnant
2024 3006 2178 3052 cum
2234 2980 2502 3078 publica
2540 2979 2905 3052 honestate.

715 3092 880 3164 Nam
931 3092 1023 3164 ita
1073 3092 1159 3164 ab
1208 3093 1490 3166 invicem
1559 3092 1862 3180 divulsi,
1920 3110 2034 3165 aut
2097 3094 2296 3167 aliam
2362 3095 2713 3191 coniugem
2780 3093 2912 3166 sibi

716 3206 1139 3295 adsciscunt,
1195 3225 1260 3280 et
1309 3225 1465 3281 tunc
1515 3234 1757 3281 novum
1806 3210 2143 3282 enascitur
2191 3208 2583 3282 scandalum
2635 3209 2911 3308 polyga-

715 3323 886 3395 miae
929 3324 1072 3418 (42)
1103 3381 1117 3408 ‚
1174 3343 1288 3396 aut
1320 3350 1359 3395 a
1393 3323 1540 3421 lege
1587 3339 1893 3397 vetantur
1941 3325 2141 3397 aliam
2193 3324 2469 3408 ducere,
2515 3339 2581 3397 et
2616 3324 2912 3396 indicent

858 3509 957 3570 (41)
988 3510 1163 3572 Reipsa
1185 3511 1233 3559 in
1256 3510 1427 3560 Galliis
1447 3511 1508 3560 ab
1537 3524 1616 3560 an.
1645 3511 1856 3561 1841.ad
1884 3524 1962 3561 sn.
1988 3518 2121 3562 1850.
2157 3509 2423 3560 tribunalia
2453 3510 2619 3559 civilia
2645 3509 2915 3559 debuerunt

714 3601 970 3651 agnoscere
1005 3593 1189 3648 10,816.
1213 3602 1334 3652 quas
1354 3591 1529 3638 vocant
1550 3591 1778 3652 corporis
1801 3591 2170 3653 separationes.
2192 3592 2431 3638 Numerus
2460 3588 2650 3639 medius
2671 3591 2743 3637 est
2766 3587 2913 3649 igitur

718 3673 872 3727 t‚062.
893 3666 1033 3717 annis
1058 3667 1263 3730 singulis
1295 3666 1694 3731 compte-reuda
1719 3667 1935 3730 yeneral
1962 3666 2159 3729 officiet
2185 3667 2249 3718 de
2271 3666 2733 3717 l'admintstrauon
2763 3665 2828 3715 de
2861 3666 2919 3714 la

702 3747 897 3806 justice
922 3746 1078 3798 civile
1097 3760 1162 3797 en
1183 3750 1387 3798 Franco
1409 3761 1516 3812 par
1541 3748 1587 3797 le
1616 3747 1779 3811 qarde
1799 3748 1864 3798 de
1885 3761 2082 3798 sceaux
2109 3755 2240 3798 1850.
2267 3748 2531 3797 petitiones
2552 3747 2911 3810 separationum

715 3827 933 3890 corporis
956 3840 1035 3877 sn.
1060 3835 1192 3878 1851.
1209 3827 1405 3877 suerunt
1428 3835 1673 3890 t‚191.an.
1698 3830 2108 3878 1852.extiterunt
2136 3831 2287 3888 1,477.
2302 3841 2381 3876 an.
2408 3835 2537 3878 1853.
2554 3830 2726 3876 suctus
2745 3827 2817 3875 est
2836 3825 2919 3874 hic

714 3919 944 3957 numerus
986 3920 1139 3969 usque
1174 3907 1235 3958 ad
1281 3912 1434 3968 i,722.
1465 3909 1724 3971 postremis
1763 3908 1911 3971 igitur
1950 3909 2026 3957 his
2067 3907 2259 3958 duobus
2281 3908 2450 3970 aunis,
2471 3908 2627 3957 crevit
2647 3906 2727 3955 hic
2746 3916 2913 3955 nume-

715 3999 797 4034 rus
822 3993 927 4037 531.
953 3987 1140 4036 scilicet
1161 3991 1235 4037 43.
1260 4000 1347 4050 pro
1368 3987 1572 4050 singulis
1594 3987 1809 4038 centenis
1831 4001 1947 4051 prae
1966 3988 2105 4037 annis
2126 3987 2409 4051 praeteritis.
2444 3988 2496 4037 V.
2516 3983 2915 4050 compte-rende

713 4063 778 4114 de
805 4072 937 4116 1855.
965 4068 1229 4117 Moniteur
1254 4067 1320 4116 du
1356 4074 1428 4118 11.
1447 4068 1542 4116 Mai
1571 4075 1703 4118 1855.

860 4144 959 4206 (42)
991 4148 1185 4196 Praeter
1205 4147 1428 4211 superius
1457 4147 1604 4197 allata
1621 4147 1940 4208 documenta,
1969 4146 2168 4209 quidam
2198 4147 2367 4208 refert,
2391 4148 2440 4197 in
2464 4146 2729 4210 provinciis
2753 4143 2913 4194 foede·

716 4225 834 4275 ratis
853 4224 1100 4274 Americae
1117 4226 1310 4289 aliquos
1330 4226 1574 4277 interdum
1601 4227 1832 4287 coniungi
1860 4227 2170 4278 matrimonio
2192 4226 2397 4278 diversis
2419 4227 2470 4275 in
2492 4226 2613 4276 locis
2633 4239 2747 4275 cum
2766 4223 2913 4287 pluri-

716 4305 807 4354 bus
830 4304 1132 4355 mulieribus.
1148 4306 1455 4356 contrahunt
1474 4307 1522 4355 in
1543 4320 1643 4356 una
1665 4306 1936 4370 provincia,
1957 4319 2165 4369 cumque
2187 4306 2350 4356 dotem
2373 4305 2715 4368 dissipaverint
2739 4303 2917 4366 prioris

717 4385 907 4440 uxoris,
931 4384 1186 4434 conterunt
1208 4398 1260 4433 se
1287 4385 1335 4434 in
1365 4385 1511 4435 sliam
1534 4386 1831 4450 provinciam
1848 4421 1863 4448 ,
1891 4390 1946 4436 nt
1972 4387 2118 4436 aliam
2142 4386 2321 4435 ducant
2349 4397 2575 4445 uxorem,
2600 4387 2649 4434 et
2676 4386 2743 4433 its
2771 4394 2916 4446 porro
