3276 5083
630 422 723 492 ot
1018 442 1138 494 m.
1182 441 1442 493 nascer.
1486 443 1543 491 ι.
1572 441 1654 492 nn
1706 441 1975 493 uram.
2018 440 2449 493 stantano.

631 562 853 635 thetica
883 616 904 645 ,
942 575 1044 634 ⁴ut
1091 561 1313 648 aiunt,
1368 559 1585 633 solum
1655 559 2016 635 affirmavit
2074 575 2276 634 nutus
2336 557 2444 633 vel
2503 561 2701 658 signa
2758 558 2848 635 ad

627 674 1122 750 conficiendum
1165 673 1549 772 coniugium
1571 731 1587 761 ‚
1628 699 1752 748 seu
1787 682 2272 748 sacramentum
2321 699 2457 747 non
2507 674 2847 763 sufficere.

627 792 688 867 si
748 790 1066 864 Christus
1127 789 1629 863 determinasset·
1684 790 1884 863 verba
1949 789 2036 862 ad
2097 804 2584 863 sacramentum
2648 791 2860 865 confi·-

632 905 948 981 ciendum
990 960 1019 993 ‚a
1077 904 1258 1004 quod
1322 905 1469 1004 ipse
1530 930 1665 979 non
1701 903 2040 977 admittit.
2104 903 2289 978 Idem
2347 903 2460 976 dic
2520 904 2608 977 de
2666 906 2860 981 Petro

629 1019 999 1096 Lombardo
1024 1076 1040 1106 ,
1098 1019 1216 1118 qui
1270 1018 1502 1093 scribit
1546 1045 1684 1093 non
1735 1019 2042 1093 sufficere
2083 1019 2170 1091 ad
2213 1019 2733 1106 matrimonium,
2793 1021 2858 1094 si

629 1133 1098 1211 contrahentes
1147 1147 1352 1208 meme
1374 1202 1381 1209 .
1400 1133 1823 1208 consentiant
1854 1190 1870 1217 ‚
1929 1147 1995 1208 et
2047 1133 2228 1207 hunc
2271 1159 2667 1208 consensum
2719 1160 2858 1208 non

629 1249 1007 1349 exprimant
1030 1248 1255 1324 'verbis
1280 1248 1391 1323 vel
1411 1250 1567 1323 aliis
1590 1250 1784 1323 certis
1808 1250 2041 1347 siquis.
2063 1248 2174 1322 Sic
2199 1248 2401 1323 etiam
2439 1275 2496 1323 s.
2517 1248 2848 1337 ,Thomas4

633 1362 753 1462 qui
794 1361 1255 1449 «Dicendum,
1302 1362 1557 1461 inquit,
1618 1361 1797 1461 quod
1833 1362 2184 1462 quamvis>
2211 1388 2343 1437 non
2395 1363 2666 1461 possint
2703 1378 2860 1437 vota

632 1501 758 1549 sua
799 1489 1032 1557 mutuo
1073 1474 1297 1549 verbis
1345 1474 1511 1549 tales
1551 1475 1820 1571 (muti)
1859 1475 2231 1573 exprimere
2245 1532 2262 1564 ‚
2309 1490 2593 1574 possunt
2634 1490 2858 1549 tamen

626 1592 986 1687 emprimere
1031 1590 1327 1674 nutibus,
1368 1590 1623 1667 attalae
1672 1605 1867 1664 nutus
1893 1616 2017 1689 pro
2048 1590 2261 1667 verbis
2311 1605 2847 1688 conmutantur.»

632 1702 759 1776 Ubi
804 1703 1009 1801 igitur
1044 1703 1119 1777 hi
1155 1719 1460 1779 auctores
1498 1704 1866 1781 docuerunt
1904 1730 2039 1779 non
2075 1704 2314 1783 confici
2367 1720 2856 1779 sacramentum

630 1818 1041 1893 matrimonii
1093 1817 1260 1893 solis
1308 1817 1582 1897 nutibus
1604 1876 1621 1906 ‚
1694 1845 1843 1894 cum
1897 1844 2142 1899 ,omnes
2205 1819 2610 1895 contrarium
2675 1819 2861 1894 affir-

628 1946 811 2009 ment
842 1934 991 2028 (24)
1020 1931 1059 2005 ἲ

701 2100 707 2113 .
782 2046 1021 2146 Neque
1049 2046 1240 2123 aliter
1274 2047 1484 2122 sensit
1515 2048 1634 2148 qui
1672 2048 1928 2146 integro
1976 2063 2132 2147 post
2179 2047 2405 2122 seculo
2443 2047 2664 2122 floruit
2692 2048 2857 2122 Dio—

631 2160 871 2259 nysius
902 2161 1378 2239 carthusianus
1391 2165 1539 2260 (25)
1573 2163 1646 2235 in
1676 2165 1742 2235 4.
1767 2164 1948 2237 Sent.
1969 2163 2129 2236 dist.
2151 2164 2270 2243 262
2284 2189 2401 2263 qu.
2421 2161 2850 2238 ascribens:

634 2303 672 2347 a
696 2273 833 2347 Alii
866 2275 1140 2365 dicunt,
1180 2277 1375 2377 quod·
1394 2278 1613 2375 gratia
1644 2277 1841 2355 datur
1873 2277 1945 2350 in
1979 2277 2402 2351 matrimonio
2451 2276 2707 2352 ratione
2745 2277 2858 2352 be-

634 2389 1066 2467 nedictionis.
1101 2448 1160 2462 ..
1187 2391 1306 2466 sed
1347 2392 1477 2467 hoc
1518 2418 1653 2467 non
1688 2392 1904 2481 valet,
1952 2392 2270 2491 quoniam
2313 2391 2692 2467 benedictio
2741 2392 2860 2467 illa

629 2518 743 2576 est·
775 2504 936 2602 quid
977 2507 1448 2578 sacramentale
1477 2561 1498 2590 ,
1556 2518 2042 2582 sacramentum
2092 2520 2324 2580 autem
2361 2520 2466 2580 est
2513 2505 2857 2582 efficacius

625 2617 717 2689 ad
743 2617 1033 2691 dandam
1058 2619 1366 2715 gratiam,
1407 2645 1609 2718 quam
1648 2620 2147 2695 sacramentale.
2182 2619 2565 2694 Benedictio
2589 2648 2859 2723 quoque

630 2754 763 2804 non
813 2730 1009 2803 datur
1059 2731 1191 2803 nisi
1247 2731 1317 2803 in
1369 2733 1607 2831 primis
1659 2732 1991 2831 nuptiis.»

772 2844 898 2917 His
950 2844 1289 2921 coronidis
1339 2848 1557 2943 gratia
1605 2847 1963 2922 nonnullos
2011 2848 2255 2922 addam
2298 2873 2380 2920 ex
2429 2848 2854 2924 scholasticis

630 2959 1109 3057 posterioribus
1139 3018 1158 3048 ‚
1225 2961 1341 3061 qui
1408 2962 1750 3036 doctrinae
1809 2963 2134 3042 hactenus
2185 2963 2257 3036 in
2305 2963 2595 3038 ecclesia
2658 2965 2853 3039 unice

626 3073 877 3171 vigenti
930 3075 1131 3162 circa*
1159 3075 1555 3149 sacramenti
1608 3077 2014 3150 matrimonii
2085 3076 2463 3151 ministrum
2527 3077 2855 3152 calculum

630 3213 825 3261 suum
860 3187 1271 3276 adiecerunt,
1305 3190 1470 3289 quin
1487 3189 1610 3264 -vel
1636 3189 1780 3264 leve
1806 3190 2085 3263 dubium
2120 3189 2385 3264 deeius
2410 3191 2684 3264 veritate
2709 3216 2855 3264 mo-

625 3302 1108 3376 veant.Horum
1138 3303 1439 3402 plerique
1464 3303 1567 3379 vel
1596 3304 1749 3402 ipsa
1766 3303 1929 3377 Cani
1957 3319 2194 3392 aetate,
2212 3303 2317 3378 vel
2337 3303 2533 3403 paulo
2559 3318 2711 3401 post
2735 3303 2854 3377 sso-

628 3432 919 3508 ruerunt,
939 3444 1061 3491 nec
1078 3433 1299 3491 tamen
1326 3444 1365 3494 a
1393 3433 1657 3518 recepta
1674 3418 2049 3498 inxeoolesia
2067 3419 2395 3493 sententia
2411 3419 2844 3493 deflexerunt.

773 3534 1004 3634 Itaque
1055 3532 1299 3608 Paulus
1343 3534 1667 3608 Soncinas
1701 3535 1772 3607 in
1806 3534 2102 3632 Epitome
2136 3549 2384 3632 quaest.
2420 3533 2692 3609 Ioannis
2725 3533 2852 3610 Ca-

627 3646 835 3743 preoli
888 3649 960 3720 in
1012 3650 1075 3722 4.
1118 3649 1300 3738 Sent.
1334 3650 1493 3722 dist.
1533 3651 1648 3721 26.
1685 3646 2022 3721 inficiatur
2061 3647 2241 3747 quod
2292 3647 2421 3721 hoc
2471 3673 2852 3724 sacramen-

627 3775 765 3833 tum
809 3791 842 3831 α
865 3762 1294 3863 dispensetur
1325 3789 1446 3863 per
1488 3764 1832 3837 ministros
1882 3762 2242 3848 ecclesiae,
2284 3763 2446 3861 quia
2481 3788 2614 3836 non
2651 3762 2853 3838 habet

626 3900 750 3973 pro
799 3869 1078 3953 materia
1129 3895 1196 3954 et
1246 3880 1458 3954 forma
1509 3880 1644 3953 nisi
1699 3894 1916 3972 actum
1969 3879 2401 3978 suscipientis
2434 3880 2662 3974 (26).»
2719 3963 2724 3968 Ι
2806 3928 2809 3931 -

770 4064 871 4126 (24)
898 4062 976 4114 cr.
1002 4067 1201 4118 scotum
1231 4066 1348 4119 dist.
1371 4073 1448 4118 26.
1471 4069 1660 4130 quaest.
1685 4064 1831 4116 unica
1859 4066 2259 4128 tom.1x.p.587.
2276 4065 2406 4116 Petr.
2424 4063 2596 4116 Lomb.
2628 4064 2744 4116 dist.
2766 4067 2845 4115 27.

622 4142 734 4275 §.na
756 4145 834 4202 De
847 4157 1099 4275 gamen-eu
1118 4150 1211 4211 qut
1231 4146 1399 4210 efficit
1426 4146 1751 4200 mammed.
1766 4149 1887 4200 Lm.
1904 4159 2015 4209 pag.
2038 4150 2199 4199 taes.
2214 4146 2388 4198 Tuom.
2415 4145 2477 4197 ad
2496 4145 2706 4198 distv.
2725 4159 2776 4208 q.
2802 4152 2847 4195 ι.

626 4237 656 4274 a
708 4262 720 4274 .
748 4232 793 4276 2.
817 4237 846 4275 a
907 4233 952 4276 2.
2401 4269 2406 4274 .

774 4306 876 4370 (25)
906 4310 1000 4357 An.
1031 4310 1165 4359 1450.

772 4386 874 4451 (26)
906 4389 1020 4451 Pag.
1051 4394 1153 4440 159.
1177 4389 1272 4439 col.
1300 4396 1317 4439 ι
