3276 5083
743 425 879 494 38⁰
1150 447 1272 496 m.
1315 448 1363 496 1.
1403 447 1577 496 sacr.
1618 448 1880 497 ursas.
1914 448 1997 496 ns
2033 448 2297 497 ursin.
2325 448 2541 498 civim.

735 563 896 637 dent
945 564 1012 635 in
1063 563 1255 637 nobis
1310 565 1565 638 romani
1626 564 1977 662 pontifices
2028 564 2207 663 quod
2263 563 2330 635 in
2381 565 2619 638 ceteris
2669 566 2992 641 tolerant

737 677 1004 777 populis
1029 675 1066 747 P
1130 678 1426 752 Profecto
1479 704 1599 751 nec
1650 703 1891 751 nomen
1957 693 2306 765 nostrum,
2365 704 2489 751 nec
2553 704 2982 777 progressus

738 802 963 867 noster
1009 792 1173 865 feret
1205 819 1525 891 umquam
1578 809 1653 864 ut
1700 792 1981 865 minoris
2033 793 2273 864 fiamus
2323 793 2560 866 ceteris
2610 795 2969 891 gentibus.

738 906 932 992 Quod
988 907 1050 978 si
1100 907 1430 981 eiusmodi
1481 906 1587 980 lex
1638 908 1820 1006 apud
1874 905 2025 979 illas
2078 905 2246 978 nihil
2307 906 2527 980 attulit
2574 913 2978 985 nocumenti

737 1025 883 1095 sive
931 1020 1233 1096 moribus
1283 1021 1428 1094 sive
1478 1020 1788 1120 publicae
1840 1020 2351 1120 tranquillitati,
2409 1021 2552 1095 sive
2601 1022 2971 1120 religioni,

739 1135 882 1207 sive
924 1134 1199 1208 familiis
1221 1193 1236 1221 ,
1278 1135 1377 1208 uti
1412 1151 1512 1209 tot
1544 1161 1871 1208 annorum
1918 1135 2329 1234 experientia
2363 1134 2629 1208 abunde
2665 1154 2968 1224 constat,

739 1249 997 1324 nullum
1039 1252 1289 1350 pariter
1337 1268 1439 1324 est
1492 1266 1964 1325 nocumentum
2018 1250 2403 1347 regionibus
2456 1251 2703 1323 nostris
2756 1254 2975 1350 perti-

737 1365 1171 1440 mescendum
1206 1425 1220 1452 ,
1279 1367 1336 1439 si
1391 1367 1629 1439 eadem
1695 1366 1800 1439 lex
1864 1366 2081 1439 codici
2151 1380 2378 1440 nostro
2441 1366 2797 1439 inseratur.
2862 1369 2975 1442 Ita

737 1481 1010 1580 quidem
1065 1480 1406 1580 subalpini
1458 1498 1780 1556 oratores„

888 1598 1027 1669 lmo
1090 1622 1247 1669 vero
1314 1622 1448 1669 non
1517 1598 1925 1682 defuerunt,
1983 1598 2098 1696 qui
2151 1597 2327 1669 hanc
2378 1594 2592 1694 legem
2657 1597 2970 1670 moribus

740 1712 1173 1784 utilissimam
1216 1711 1435 1784 ‘fuisse
1486 1712 2006 1797 contenderent,
2064 1727 2266 1810 atque
2301 1711 2387 1783 ab
2420 1737 2499 1784 ea
2545 1737 2718 1810 pene
2769 1739 2971 1810 repe—

739 1841 954 1898 terent
984 1826 1318 1925 quidquid
1353 1826 1511 1899 boni
1547 1826 1729 1925 apud
1766 1826 2093 1926 quasdam
2131 1844 2362 1923 gentes
2403 1828 2760 1899 invenitur.
2805 1826 2969 1899 Gal-

741 1939 870 2027 lia,
919 1941 1142 2039 inquit
1193 1941 1416 2038 regius
1466 1941 1812 2028 minister,
1856 1958 2008 2014 ante
2042 1942 2447 2015 matrimonii
2486 1942 2708 2015 civilis
2742 1942 2966 2040 legem

742 2056 1216 2147 memorandae
1253 2056 1715 2131 subversionis
1750 2059 2007 2131 auctrix
2034 2058 2157 2131 fuit
2184 2059 2341 2131 anni
2372 2060 2618 2143 1793.;
2642 2073 2793 2156 post
2816 2085 2970 2130 ma-

746 2170 1127 2243 trimonium
1178 2169 1374 2244 civile
1411 2172 1646 2244 eadem
1687 2170 1900 2244 Gallia
1935 2199 2176 2245 novam
2212 2170 2717 2245 subversionem
2750 2172 2972 2245 edidit

744 2284 1150 2356 anni1848.
1188 2311 1365 2383 quae
1401 2302 1584 2359 tanto
1624 2286 1985 2359 humanior
2015 2286 2142 2358 fuit
2181 2312 2259 2358 ac
2301 2284 2698 2382 religiosior.
2740 2286 2970 2359 Socie-

743 2414 846 2473 tas
897 2400 1205 2473 instituta
1263 2401 1334 2472 in
1387 2402 1810 2500 separatione
1873 2417 2090 2474 status
2139 2417 2206 2474 et
2253 2401 2580 2474 ecclesiae
2628 2400 2837 2474 multo
2888 2427 2969 2474 se

746 2512 1228 2610 religiosiorem
1278 2515 1593 2590 ostendit.
1638 2514 1871 2601 Quoad
1926 2541 2143 2589 mores
2179 2514 2390 2588 Gallia
2442 2541 2620 2590 nunc
2668 2531 2970 2615 praestat

745 2629 1157 2726 temporibus
1211 2630 1527 2703 Ludovici
1565 2631 1698 2702 XV.
1741 2647 1808 2703 et
1837 2630 2002 2701 xvl.
2048 2630 2270 2704 Scotia
2323 2631 2502 2727 regio
2552 2647 2656 2703 est
2704 2629 2969 2727 religio-

744 2741 1044 2829 sissima,
1068 2759 1136 2816 et
1171 2759 1393 2818 tamen
1431 2744 1635 2818 habet
1668 2745 2165 2818 matrimonium
2201 2744 2420 2819 civile.
2445 2747 2548 2819 lta
2579 2745 2779 2820 etiam
2814 2744 2974 2817 Bel-

746 2856 929 2953 gium
973 2862 1150 2953 (56).

1675 3042 2046 3142 Responsio,

897 3204 1061 3280 Tota
1084 3207 1253 3290 haec
1282 3209 1697 3285 ratiocinatio
1724 3211 2049 3312 principio
2071 3227 2214 3284 tum
2241 3210 2457 3308 logice
2481 3225 2622 3281 tum
2647 3207 2974 3282 historice

750 3320 921 3394 falso
973 3321 1300 3404 innititur.
1358 3326 1685 3399 Nimirum
1748 3326 2061 3425 principii
2122 3326 2266 3400 loco
2324 3324 2696 3399 assumitur
2742 3347 2975 3394 exem-

751 3435 937 3536 plum
989 3438 1271 3514 aliarum
1323 3441 1620 3552 gentium
1655 3441 1857 3516 veluti
1894 3469 2198 3515 normam
2231 3440 2612 3514 habendam
2647 3465 2831 3524 esse,
2873 3437 2974 3508 si—

751 3552 1025 3652 mulque
1074 3580 1156 3629 eo
1206 3556 1511 3656 exemplo
1560 3573 1876 3632 constare
1925 3558 2140 3655 legem
2174 3557 2259 3629 de
2294 3555 2608 3652 coniugio
2641 3552 2815 3626 civili
2862 3550 2975 3622 in—

750 3695 1033 3754 nocuam
1068 3697 1221 3745 esse
1254 3671 1602 3769 religioni,
1652 3672 1951 3748 moribus
1988 3699 2066 3747 ac
2101 3671 2427 3745 societati.
2460 3671 2544 3741 At
2576 3694 2732 3741 vero
2766 3667 2964 3752 haec,

665 3860 673 3869 ,
748 3811 924 3884 quae
986 3802 1121 3859 tam
1174 3787 1459 3862 fidenter
1507 3804 1899 3862 asseruntur
1930 3847 1946 3876 ,
2004 3788 2177 3861 falsa
2225 3804 2407 3861 sunt.

898 3905 1061 3977 Nam
1116 3904 1296 4004 quod
1331 3904 1417 3977 ad
1458 3930 1761 3979 normam
1811 3904 2046 3977 attinet
2078 3930 2161 3974 ex
2194 3902 2478 3975 aliorum
2519 3898 2822 3997 exemplo
2850 3897 2975 3968 de-

752 4034 1089 4115 sumptam
1116 4076 1132 4105 ,
1191 4045 1386 4095 nemo
1437 4019 1803 4117 negaverit,
1844 4046 1996 4092 cum
2033 4018 2119 4090 de
2153 4044 2225 4090 re
2258 4016 2486 4115 aliqua
2518 4013 2744 4111 magni
2779 4036 2977 4110 prae-

755 4133 982 4205 sertim
1052 4135 1369 4210 momenti
1433 4135 1658 4234 agitur
1689 4193 1706 4221 ,
1764 4135 1951 4234 prius
2012 4132 2264 4233 inquiri
2312 4131 2594 4218 debere,
2654 4128 2833 4203 bona
2886 4152 2978 4199 ne

753 4248 882 4335 sit,
937 4249 1147 4336 iusta,
1198 4250 1518 4338 honesta,
1578 4250 1984 4326 conveniens
2028 4274 2107 4322 ac
2148 4247 2335 4321 utilis
2371 4263 2506 4320 tum
2554 4246 2624 4318 in
2673 4270 2788 4326 se,
2830 4259 2977 4315 tum

903 4404 1002 4466 (56)
1034 4407 1223 4455 senato
1257 4405 1350 4456 loc.
1378 4407 1460 4456 cit.
