3276 5083
664 423 802 496 314
1066 450 1184 499 un.
1231 450 1275 498 ι.
1320 451 1491 499 secr.
1536 450 1798 500 Atrum.
1845 451 1923 499 ns
1959 449 2225 500 aarum.
2271 448 2483 497 civim.

658 566 895 639 foedus
931 591 1127 638 suum
1175 566 1392 663 iugale
1442 583 1750 666 spectant
1782 584 1857 638 ut
1892 566 2108 639 solum
2158 565 2420 639 civilem
2467 580 2877 639 contractum

658 683 836 754 omni
876 681 1217 779 religionis
1253 684 1593 780 praesidio
1627 681 2077 756 destitutum?
2104 682 2282 767 Quid
2310 682 2397 753 ab
2428 681 2513 754 iis
2539 672 2876 780 expectes&

658 798 774 896 qui
848 823 1215 896 numquam
1268 798 1352 869 ad
1406 797 1729 872 salutaria
1799 813 2217 871 sacramenta
2280 796 2643 882 accedunt,
2710 823 2889 896 quae

659 930 877 985 tamen
928 913 1425 986 validissimum
1472 913 1772 986 fraenum
1820 913 2290 1012 suppeditant,
2348 939 2433 985 ne
2481 912 2637 1011 quis
2690 912 2888 1009 fragi-

657 1028 826 1102 litati
869 1046 1105 1101 natura
1134 1028 1262 1103 sibi
1293 1030 1538 1102 insitae
1571 1029 1806 1116 cedat,
1849 1046 2049 1128 atque
2086 1029 2155 1099 in
2193 1053 2513 1127 praeceps
2548 1026 2889 1100 dilabatur

660 1170 741 1218 ac
776 1161 964 1230 ruat,
1007 1172 1161 1217 cum
1196 1144 1283 1218 ab
1327 1145 1411 1217 iis
1465 1145 1970 1244 frequentandis
2008 1145 2076 1215 in
2114 1144 2230 1216 tali
2269 1160 2444 1217 statu
2479 1143 2566 1214 ab
2599 1141 2886 1215 ecclesia

659 1258 1068 1333 arceantur?
1118 1259 1345 1332 Honor
1388 1284 1468 1332 ac
1517 1260 1831 1358 propriae
1880 1258 2433 1345 existimationis,
2492 1283 2613 1329 seu
2665 1255 2886 1354 ‹liqui-

661 1377 814 1446 tatis
853 1374 1168 1447 humanae
1204 1400 1448 1449 sensus
1472 1433 1487 1461 ‚
1530 1400 1899 1474 numquam
1934 1374 2266 1447 desectum
2305 1371 2653 1469 religionis
2690 1397 2885 1470 repa-

659 1488 833 1561 rabit
864 1515 944 1562 ac
981 1489 1495 1588 praesidiorum,
1531 1488 1780 1587 quibus
1818 1487 1969 1588 ipsa
2003 1488 2211 1561 utitur
2243 1487 2330 1559 ad
2359 1486 2668 1559 homines
2705 1511 2885 1560 com-

661 1605 1037 1701 pescendos
1071 1632 1110 1679 a
1145 1605 1355 1691 vitiis,
1413 1620 1616 1703 atque
1667 1605 1751 1676 ad
1802 1605 2111 1677 virtutem
2167 1603 2655 1702 promovendos
2698 1603 2878 1698 (15).

659 1718 1069 1804 Quotidiana
1119 1719 1531 1817 experientia
1573 1719 2088 1792 ineluctabiliter
2128 1718 2494 1819 practicam
2545 1718 2721 1790 hanc
2776 1744 2886 1791 ve-

663 1835 925 1906 ritatem
973 1835 1289 1908 ostendit.
1348 1835 1611 1908 Deinde
1661 1836 1908 1910 l‘rustra
1957 1836 2234 1909 honoris
2287 1861 2367 1908 ac
2417 1836 2729 1934 propriae
2777 1834 2884 1905 di-

657 1949 934 2047 gnitatis
1003 1949 1313 2023 stimulos
1367 1952 1669 2050 requires
1721 1952 1789 2023 in
1842 1952 1970 2037 iis,
2028 1952 2185 2051 qui,
2241 1949 2561 2049 opinione
2615 1948 2885 2049 publica

660 2061 1092 2164 posthabita,
1134 2065 1437 2164 profanis
1490 2067 1597 2140 his
1650 2068 1906 2166 nuptiis
1957 2067 2246 2142 contenti
2280 2068 2367 2140 de
2402 2066 2724 2163 religione
2757 2064 2887 2140 sol-

657 2177 822 2252 liciti
875 2206 1009 2255 non
1062 2196 1258 2269 sunt,
1315 2208 1597 2282 eamque
1647 2182 1875 2282 potius
1925 2197 2357 2257 contemnunt
2405 2206 2486 2255 ac
2537 2181 2732 2254 nihili
2786 2180 2886 2253 sa·

658 2311 867 2369 ciunt.

805 2410 1133 2485 lndirecte
1183 2413 1341 2485 item
1392 2413 1528 2486 vim
1582 2412 1782 2486 habet
1839 2414 2073 2486 eadem
2127 2414 2233 2485 lex
2287 2413 2356 2483 in
2409 2437 2668 2485 morum
2738 2438 2884 2486 cor-

659 2527 1035 2624 ruptionem
1096 2528 1349 2602 ratione
1402 2526 1636 2604 habita
1689 2528 2128 2602 institutionis
2180 2527 2539 2602 liberorum
2578 2587 2593 2613 ‚
2651 2554 2827 2627 quae
2863 2587 2879 2615 ‚

659 2655 733 2712 ut
779 2639 952 2714 alias
1002 2642 1626 2730 animadvertimuS‚
1688 2643 2060 2716 christiana
2096 2669 2174 2714 ac
2211 2642 2522 2738 religiosa
2558 2668 2712 2713 esse
2746 2669 2884 2715 non

659 2768 879 2853 potest
925 2781 1006 2827 ex
1059 2772 1245 2854 parte
1295 2782 1549 2842 eorum,
1593 2757 1710 2856 qui
1749 2758 1973 2830 officia
2021 2757 2364 2853 religionis
2416 2782 2547 2829 non
2601 2756 2892 2853 implent

658 2866 1034 2940 cuiusmodi
1087 2893 1238 2942 esse
1288 2895 1403 2943 eos
1463 2872 1791 2957 vidimus,
1849 2873 1965 2970 qui
2019 2870 2307 2943 civiliter
2362 2885 2620 2943 tantum
2681 2895 2885 2969 copu-

659 2981 901 3054 lantur.
937 2982 1231 3055 Primum
1273 2985 1451 3057 enim
1494 2986 1899 3060 christianae
1934 3013 2014 3060 ac
2049 2986 2402 3083 religiosae
2437 2986 2884 3059 institutionis

657 3095 1130 3170 documentum
1172 3115 1276 3172 est
1313 3100 1691 3199 exemplum
1737 3101 2191 3175 institutorum
2236 3102 2421 3175 iuxta
2471 3100 2638 3173 illud
2687 3126 2885 3198 gene-

664 3211 805 3284 rale
854 3212 1126 3286 effatum
1179 3228 1444 3313 poetae:
1486 3218 1567 3289 Si
1595 3218 1700 3289 vis
1733 3243 1830 3288 me
1865 3218 2050 3316 flere,
2094 3216 2440 3288 dolendum
2472 3231 2568 3288 est
2591 3218 2884 3314 primum

660 3329 798 3425 ipsi
856 3329 980 3400 tibi
1012 3357 1035 3414 ;
1099 3329 1396 3430 alioquin
1449 3331 1947 3406 exhortationes
1997 3358 2075 3406 ac
2126 3333 2382 3404 monita
2430 3333 2565 3405 vim
2616 3357 2882 3404 omnem

664 3467 858 3516 suam
913 3446 1264 3534 amittunt,
1319 3465 1387 3521 et
1435 3449 1662 3522 cancri
1713 3449 1970 3548 proles,
2028 3465 2104 3522 ut
2153 3448 2381 3522 fabula
2431 3449 2663 3536 docet,
2706 3475 2883 3522 sem-

659 3581 784 3656 per
830 3574 1187 3633 retrorsum
1240 3561 1525 3636 inoedet.
1570 3563 1748 3649 Quid
1801 3589 1999 3661 porro
2050 3563 2345 3636 futurum
2399 3564 2489 3637 sit
2538 3565 2626 3636 de
2674 3563 2875 3650 filiis,

660 3673 781 3772 qui
818 3674 990 3748 inter
1022 3677 1389 3751 domestica
1422 3678 1591 3751 haec
1625 3679 1947 3752 scandala
1998 3678 2428 3766 adolescunt,
2470 3679 2757 3779 quilibet
2800 3705 2882 3751 ex

659 3812 846 3876 sese,
906 3790 1071 3889 quin
1123 3791 1320 3889 plura
1370 3793 1768 3868 adiiciamus
1803 3854 1818 3883 ,
1876 3795 2207 3870 coniicere
2233 3855 2248 3884 ,
2307 3822 2426 3870 seu
2480 3795 2707 3870 verius
2760 3820 2886 3895 pro

804 4076 907 4139 (ιὸ)
937 4080 1008 4126 Ex
1037 4079 1114 4129 his
1147 4083 1313 4144 patet,
1350 4096 1433 4145 per
1467 4096 1617 4146 quam
1651 4084 1916 4134 ridiculum
1953 4097 2058 4136 esse
2092 4086 2380 4149 oraculum,
2418 4085 2550 4149 quod
2583 4085 2886 4148 irreligiosus

656 4153 867 4217 scriptor
886 4156 1093 4207 michael
1114 4161 1282 4210 Amari
1303 4162 1441 4214 velut
1465 4176 1524 4214 ex
1546 4163 1741 4227 tripode
1769 4164 2064 4227 pronunciat
2083 4166 2132 4215 in
2154 4179 2235 4230 op.
2259 4168 2434 4216 storia
2463 4164 2887 4216 de’musulmani

656 4233 716 4285 {a
755 4233 958 4287 stema.
989 4236 1189 4290 mrem
1226 4245 1359 4294 185⁴.
1395 4244 1943 4308 tom.1.mp.1x.png.
1969 4249 2080 4298 ²2⁴2
2102 4247 2177 4297 «n
2198 4246 2492 4298 sentimeuto
2531 4245 2663 4296 della
2697 4244 2885 4308 dignita

655 4325 867 4375 amana,
903 4315 995 4366 che
1025 4316 1137 4366 solo
1165 4319 1265 4381 puo
1296 4323 1574 4372 mantenere
1597 4322 1612 4370 i
1634 4323 1786 4374 buoni
1813 4325 2052 4388 contami,
2076 4339 2159 4376 ern
2181 4326 2420 4376 suffocato
2449 4325 2890 4376 neooesariamente

658 4392 709 4441 iu
734 4404 800 4443 uu
819 4394 1017 4459 popolo,
1039 4395 1074 4445 11
1095 4397 1175 4446 cui
1195 4397 1437 4450 intelletto
1454 4412 1621 4461 gemet
1641 4403 1715 4452 tra
1734 4402 1753 4451 i
1772 4402 1912 4465 ceppi
1934 4403 2014 4453 det
2035 4404 2148 4454 frati
2166 4417 2194 4454 e
2216 4403 2348 4456 dello
2366 4404 2711 4467 imperatore.»
