3276 5083
576 415 711 485 220
973 437 1095 486 un.
1140 437 1186 486 1.
1230 437 1403 487 sse-r.
1445 436 1708 487 annm.
1753 438 1832 487 nr.
1868 438 2132 487 uranu.
2173 436 2388 487 cmu.

568 553 1031 655 quaestionem
1085 581 1126 627 a
1175 553 1557 628 pharisaeis
1610 553 1879 629 Christo
1941 554 2389 654 propositam:
2455 584 2489 623 α
2522 556 2582 627 si
2654 556 2807 631 licet

572 667 830 744 homini
871 668 1209 743 dimittere
1250 695 1526 743 uxorem
1573 695 1768 742 suam
1806 695 2206 767 quacumque
2241 694 2327 740 ex
2362 695 2562 742 causa
2592 700 2627 739 n
2661 698 2807 770 pro-

573 799 889 864 testantes
943 784 1014 855 in
1065 783 1421 858 Germania
1463 783 1593 857 visi
1648 798 1808 856 sunt
1854 783 2093 856 iterum
2144 808 2558 882 proponere,
2608 800 2823 886 atque*

569 898 968 972 affirmative
1017 899 1375 973 resolvere.

718 1014 815 1085 Ex
853 1040 933 1087 eo
967 1015 1145 1086 enim
1183 1032 1479 1113 tempore
1512 1017 2011 1089 matrimonium
2032 1072 2047 1101 ,
2090 1015 2273 1088 omni
2310 1013 2396 1086 ab
2429 1039 2510 1087 eo
2544 1013 2807 1088 abiecta

573 1128 918 1226 religionis
955 1127 1197 1215 forma,
1242 1130 1488 1203 factum
1524 1146 1628 1202 est
1663 1146 2042 1204 contractus
2081 1155 2261 1202 mere
2293 1128 2514 1202 civilis
2550 1155 2592 1201 a
2624 1129 2803 1201 civili

572 1243 719 1341 lege
744 1243 943 1317 unice
967 1244 1417 1317 moderandus
1439 1302 1455 1332 ,
1490 1271 1567 1318 ac
1593 1244 1896 1344 profanis
1932 1243 2271 1316 iudicibus
2300 1268 2547 1317 causae
2572 1268 2803 1316 omnes

573 1359 995 1457 coniugales,
1037 1387 1212 1459 quae
1247 1361 1435 1460 prius
1461 1387 1503 1433 a
1527 1360 1930 1434 consistorio
1963 1358 2543 1459 expendebantur,
2586 1357 2808 1432 discu-

573 1473 838 1547 tiendae
875 1501 955 1547 ac
994 1475 1413 1549 dirimendae
1447 1475 1775 1548 dimissae
1808 1491 1987 1548 sunt.
2014 1476 2109 1548 Ac
2137 1474 2184 1545 ii
2213 1473 2486 1573 quidem
2534 1472 2805 1545 abunde

573 1587 704 1661 hac
739 1589 848 1660 usi
892 1605 1052 1662 sunt
1092 1605 1440 1689 potestate.
1489 1588 1868 1662 Fridericus
1910 1591 1996 1660 11.
2032 1587 2389 1662 Borussiae
2438 1615 2550 1661 rex
2600 1590 2669 1658 in
2710 1612 2807 1659 re-

575 1702 828 1800 scripto
852 1700 1008 1775 dato
1051 1728 1160 1774 an.
1198 1704 1411 1774 1780.
1445 1692 1743 1797 decrevit
1777 1703 1960 1776 haud
1996 1703 2240 1775 nimias
2265 1703 2416 1775 e'sse
2444 1701 2806 1775 difficulta-

576 1834 676 1889 tes
727 1816 1167 1915 opponendas
1211 1819 1674 1915 coniugiorum
1717 1818 2166 1893 solutionibus
2190 1876 2206 1904 ,
2248 1844 2329 1892 eo
2362 1817 2545 1918 quod
2582 1817 2649 1889 id
2686 1842 2806 1916 po-

575 1929 715 2030 puli
759 1931 1165 2005 incremento
1205 1931 1586 2005 obsisteret.
1610 1931 1777 2004 Cum
1803 1932 1980 2004 enim
2009 1933 2327 2029 coniuges
2354 1958 2395 2004 a
2421 1957 2496 2004 se
2523 1930 2803 2004 invicem

572 2045 996 2132 dissentiant,
1031 2046 1123 2118 ita
1156 2062 1230 2118 ut
1265 2072 1482 2145 neque
1508 2046 1881 2120 animorum
1923 2046 2218 2132 unionis,
2249 2072 2469 2144 neque
2503 2046 2809 2118 sincerae

572 2158 1133 2233 reconciliationis
1188 2187 1347 2259 spes
1389 2160 1529 2233 ulla
1563 2160 1927 2257 affulgeat,
1972 2186 2106 2235 non
2148 2160 2440 2258 amplius
2491 2159 2666 2233 filios
2715 2159 2808 2256 gi-

571 2290 818 2371 gnunt;
867 2274 999 2348 boc
1037 2301 1235 2375 porro
1286 2276 1513 2376 populi
1569 2292 1764 2349 nocet
1812 2290 2192 2371 augmento.
2237 2273 2480 2348 Contra
2537 2300 2694 2348 vero
2745 2274 2803 2346 si

569 2387 690 2461 fiat
737 2388 1096 2463 divortium
1125 2416 1206 2462 ac
1232 2390 1477 2463 mulier
1513 2390 1704 2463 alteri
1755 2389 2001 2475 nubat,
2045 2387 2459 2489 probabilior
2490 2388 2621 2461 erit
2653 2414 2807 2487 pro-

570 2502 821 2577 creatio
852 2505 1029 2599 (21).
1065 2502 1278 2603 quue
1323 2494 1490 2590 'rite3
1548 2504 1884 2605 siquidem
1919 2562 1934 2591 ,
1986 2529 2138 2578 cum
2192 2503 2687 2578 matrimonium
2735 2502 2805 2574 in

571 2619 1084 2717 protestantium
1138 2633 1506 2718 systemate
1555 2635 1937 2695 contractus
1981 2619 2072 2693 sit
2119 2645 2299 2692 mere
2344 2619 2669 2692 naturalis
2717 2619 2804 2691 ad

571 2731 817 2805 liberos
872 2733 1244 2830 gignendos
1296 2733 1704 2834 reipublicae
1740 2760 1860 2807 seu
1896 2735 2226 2820 societati,
2269 2761 2401 2808 non
2437 2751 2694 2820 autem,
2734 2752 2811 2808 ut

571 2846 883 2920 catholici
935 2847 1199 2934 docent,
1241 2848 1326 2921 ad
1364 2847 1913 2947 multiplicandos
1970 2850 2294 2923 ecclesiae
2325 2906 2342 2936 ,
2400 2875 2478 2923 ac
2526 2849 2807 2950 proinde

571 2961 711 3033 Deo
740 2959 916 3033 filios
940 3018 956 3047 ,
989 2986 1120 3034 non
1159 2977 1417 3061 poterat
1453 2988 1668 3036 novus
1704 2959 1818 3035 ille
1845 2963 2168 3060 Licurgus
2204 2963 2411 3035 alium
2447 2961 2577 3035 sibi
2614 2988 2808 3061 prae-

574 3074 777 3172 figere
828 3075 1060 3161 finem,
1121 3102 1244 3148 nec
1292 3077 1515 3175 aptius
1567 3075 1889 3150 adhibere
1943 3077 2482 3151 instrumentum.

715 3190 1101 3264 Tribunalia
1152 3190 1377 3264 civilia
1425 3191 1494 3261 in
1553 3190 1907 3263 Germania
1955 3216 2207 3264 morem
2257 3206 2617 3287 gesserunt
2671 3190 2804 3262 Fri-

573 3303 780 3378 derici
835 3305 1160 3405 rescripto
1187 3363 1203 3394 ,
1261 3305 1430 3379 adeo
1480 3304 1659 3378 enim
1712 3330 1787 3378 se
1838 3304 2064 3379 facilia
2117 3304 2567 3403 praebuerunt
2600 3305 2672 3378 in
2708 3306 2805 3378 fe-

572 3601 933 3666 coniugiorum,
948 3616 1074 3666 quae
1094 3615 1191 3652 non
1221 3602 1381 3653 solum
1403 3616 1431 3652 a
1454 3601 1784 3653 tribunalibus
1802 3602 2054 3664 civilibus,
2079 3599 2163 3651 scd
2185 3599 2246 3651 ab
2269 3601 2390 3664 ipsis
2410 3598 2647 3649 ministris
2664 3611 2807 3648 evan·

571 3681 744 3743 geticis
764 3682 948 3746 passim
977 3681 1119 3733 liunt.
1147 3684 1201 3731 In
1232 3682 1375 3732 cuiue
1409 3682 1480 3732 rei
1510 3683 1928 3733 continuationem
1945 3680 2190 3746 proferam
2208 3692 2338 3743 quae
2352 3680 2580 3744 leguntur
2608 3679 2658 3728 in
2693 3680 2812 3728 Uni·

573 3772 695 3811 vers
719 3768 765 3811 5.
783 3763 913 3811 Aout
936 3768 1072 3813 1855.
1098 3765 1202 3812 «on
1223 3762 1283 3811 lit
1302 3761 1425 3812 dans
1442 3762 1492 3812 la
1507 3764 1866 3826 Brataqne.1,e
1886 3759 2071 3824 synode
2092 3762 2362 3824 proteat-nt
2380 3758 2444 3810 de
2460 3757 2812 3821 Transylvanic

573 3839 692 3889 s’est
726 3839 864 3890 renni
906 3841 936 3890 a
965 3842 1366 3905 clauscmhourg.
1396 3841 1588 3892 seit-on
1619 3842 1784 3905 quelle
1806 3854 1837 3891 a
1856 3841 1934 3891 ete
1967 3853 2059 3890 son
2092 3839 2381 3903 occupatiori
2411 3837 2717 3902 principale?
2739 3838 2810 3884 La

573 3918 870 3971 dissolution
910 3919 974 3971 de
1004 3920 1133 3971 deux
1172 3922 1287 3969 cent
1312 3919 1541 3970 soixante
1573 3920 1839 3983 mariagesi
1875 3919 1916 3969 11
1943 3932 1973 3968 a
2002 3919 2252 3983 prononce
2280 3917 2415 3968 deux
2447 3919 2562 3967 ceint
2592 3913 2816 3964 soixante

574 3998 803 4050 divorces
817 4037 834 4063 ‚
865 4014 994 4065 pour
1018 4014 1084 4050 un
1105 4013 1225 4064 pays
1245 3998 1399 4063 grand
1432 4012 1623 4051 comme
1641 4001 1692 4050 la
1709 4000 1971 4062 meusne,
1996 3997 2120 4047 dont
2140 3998 2188 4048 la
2209 3996 2437 4061 maiorlte
2457 3996 2545 4046 des
2564 3992 2813 4045 habitants

572 4079 685 4128 sont
709 4091 774 4128 ou
807 4092 946 4142 greca
979 4093 1043 4128 ou
1086 4078 1442 4142 catholiques.»
1462 4080 1640 4142 Reipsa
1669 4091 1730 4129 ex
1764 4076 2109 4141 supputatione
2139 4076 2384 4141 spi-ingeri
2412 4074 2732 4125 numerantur
2764 4070 2816 4121 in

571 4156 928 4220 Transylvania
958 4163 1182 4218 ammon.
1219 4156 1478 4219 catholici,
1521 4162 1744 4220 samono.
1767 4154 2102 4221 graeci-uniti,
2136 4155 2262 4207 idest
2296 4158 2520 4215 876,ooo.
2544 4149 2811 4210 catholici,

574 4243 802 4301 asmona.
822 4236 1150 4300 schismatici,
1185 4243 1412 4301 222,ooo.
1435 4236 1711 4299 lutherani,
1735 4249 1795 4286 ac
1814 4238 2040 4298 384,ooo.
2062 4234 2365 4286 calvinistae.

721 4317 822 4381 (21)
853 4317 930 4368 cl'.
958 4317 1202 4380 Taparelli
1233 4320 1421 4380 Saooio
1449 4318 1693 4368 teor-cuce
1715 4315 1772 4365 dt
1792 4314 1980 4366 diruto
2000 4315 2270 4366 naturale.
2282 4317 2436 4366 Roma
2463 4318 2595 4361 1855.
2613 4313 2732 4360 tom.
2752 4310 2813 4357 11.

571 4399 698 4450 Dias.
721 4397 831 4448 vu.
854 4409 963 4461 cap.
989 4398 1073 4447 m.
1099 4394 1256 4448 Delta
1276 4395 1472 4448 sociem
1490 4394 1793 4447 domestica.
