3276 5083
1368 459 1715 512 tuomum!
1728 495 1740 507 .
2518 464 2649 518 xvn

438 582 731 652 omnino
776 580 1183 672 sententiam
1238 580 1480 654 videar
1528 594 1865 677 sequutus
1911 605 1994 655 ao
2047 595 2244 658 antea
2296 586 2651 682 professus

440 694 708 767 sueram
740 746 758 776 ,
812 696 1108 789 quisque
1160 693 1479 791 profecto
1529 696 1855 792 intelligit
1910 696 2086 769 hanc
2132 723 2245 772 me
2296 714 2648 798 tamquam

444 812 787 883 maiorum
829 809 1223 883 studiorum
1263 809 1566 884 fructum
1614 811 1966 907 praeferre
2007 826 2214 908 atque
2252 818 2642 913 complecti.

580 927 812 1021 Atque
851 939 927 997 ut
965 926 1056 997 de
1103 926 1444 999 methodo
1484 928 1632 1023 ipsa
1682 950 1893 1023 quam
1938 929 2012 999 in
2063 927 2192 1001 hac
2242 933 2650 1005 tractatione

434 1040 887 1113 adhibuimus
933 1041 1199 1137 aliquid
1250 1043 1459 1114 etiam
1500 1042 1849 1125 dicamus,
1888 1065 1969 1115 ea
2005 1044 2445 1119 commodior
2476 1048 2644 1119 mihi

434 1157 579 1228 visa
635 1169 741 1229 est
785 1168 994 1253 atque
1043 1159 1515 1253 opportunior
1547 1209 1564 1239 ‚
1623 1181 1806 1253 quae
1865 1161 2085 1255 posita
2147 1163 2475 1234 severiori
2525 1163 2645 1237 illa

431 1271 666 1344 forma
686 1325 704 1355 ‚
756 1294 897 1367 qua
950 1273 1024 1343 in
1070 1272 1325 1346 scholis
1370 1285 1441 1345 et
1484 1276 1556 1346 in
1600 1274 2026 1349 scholasticis
2058 1273 2646 1371 disputationibus

436 1390 542 1459 uti
592 1391 1070 1462 consuevimus
1097 1442 1115 1472 ‚
1170 1391 1453 1463 remissa
1501 1394 1720 1486 magis
1754 1403 1825 1463 et
1858 1392 2091 1486 quieta
2141 1394 2501 1464 veritatem
2532 1394 2646 1467 di-

432 1503 728 1599 ligenter
761 1506 1086 1599 inquirit,
1142 1506 1344 1577 docet
1386 1515 1455 1578 et
1499 1506 1769 1578 suadet.
1819 1507 2104 1601 Copiam
2141 1517 2371 1580 autem
2406 1531 2643 1581 rerum

427 1622 523 1691 ita
573 1643 735 1692 cum
777 1617 1119 1693 brevitate
1167 1622 1710 1718 temperavimus
1733 1674 1752 1702 ‚
1800 1634 1878 1692 ut
1925 1622 2097 1694 haec
2146 1620 2641 1696 obscuritatem

425 1758 572 1807 non
617 1735 880 1811 faceret
921 1735 1311 1833 legentibus
1340 1791 1358 1818 ‚
1409 1760 1537 1810 nec
1585 1737 1705 1811 illa
1759 1740 2165 1810 satietatem.

570 1854 706 1925 Res
754 1866 859 1925 est
913 1877 1077 1926 sane
1140 1854 1562 1950 amplissima
1624 1867 1696 1926 et
1755 1877 1931 1949 pene
1978 1852 2273 1925 dixerim
2322 1852 2636 1939 infinita3

423 1968 516 2039 de
549 1992 687 2063 qua
721 1971 1040 2064 quamvis
1084 1970 1305 2042 multa
1338 1969 1637 2043 disseras
1659 2024 1676 2053 ,
1707 1971 1917 2065 longe
1942 1982 2171 2042 tamen
2198 1970 2402 2065 plura
2434 1984 2633 2055 sunt,

422 2107 605 2179 quae
650 2088 708 2157 si
756 2089 1083 2183 persequi
1150 2100 1396 2160 cuncta
1449 2088 1623 2161 velis
1673 2086 1944 2158 infinita
1999 2086 2407 2157 tractatione
2459 2109 2640 2181 opus

426 2214 631 2273 esset.
656 2203 784 2273 Tot
818 2224 1116 2274 numero
1161 2202 1466 2300 itemque
1512 2227 1757 2300 graves
1797 2203 1971 2274 aliae
2019 2224 2105 2272 ex
2155 2201 2307 2271 aliis
2348 2196 2639 2273 obortae

426 2317 864 2410 quaestiones
910 2331 1286 2390 occurrunt
1307 2370 1325 2397 ,
1376 2332 1455 2391 ut
1498 2342 1642 2391 non
1684 2317 1993 2410 theologi
2055 2312 2271 2384 modo
2318 2312 2440 2384 sed
2487 2324 2638 2385 tum

423 2432 647 2504 civilis
695 2446 840 2505 tum
884 2434 1325 2507 ecclesiastici
1375 2437 1545 2506 iuris
1588 2434 1834 2529 periti,
1873 2444 2024 2503 tum
2053 2429 2182 2525 ipsi
2217 2429 2337 2522 qui
2372 2427 2636 2527 politici

419 2538 761 2622 vocantur
817 2552 1083 2647 aliquid
1140 2575 1418 2648 semper
1464 2554 1630 2625 novi
1692 2551 1781 2623 ad
1842 2550 2020 2621 hanc
2066 2548 2428 2620 materiam
2475 2569 2640 2643 pos-

417 2667 556 2765 sint
608 2665 882 2739 afferre.
922 2669 1064 2739 Nos
1104 2668 1180 2739 id
1217 2668 1460 2741 saltem
1505 2669 1736 2740 conati
1782 2688 2057 2746 sumus.
2099 2676 2179 2735 ut
2214 2686 2416 2736 causa
2457 2686 2638 2760 quae

420 2792 784 2878 tantopere
835 2784 1088 2855 nostris
1153 2783 1343 2855 hisce
1413 2780 1852 2879 temporibus
1912 2781 2243 2874 agitatur,
2315 2801 2636 2874 quaeque

418 2897 807 2969 multorum
860 2899 1128 2970 animos
1182 2912 1576 2971 commovet
1635 2897 1956 2969 alacriori
2007 2917 2146 2989 qua
2197 2892 2345 2965 fieri
2399 2907 2637 2988 posset

422 3012 730 3108 impulsu
770 3013 1222 3108 procederet:
1262 3026 1470 3110 atque
1493 3015 1578 3085 iis
1598 3015 1781 3084 viam
1815 3009 2344 3107 quodammodo
2368 3021 2636 3081 sterne-

417 3150 686 3211 remus,
716 3131 836 3222 qui
867 3152 1000 3226 pro
1027 3152 1104 3201 re
1131 3129 1465 3201 catholica
1495 3128 1753 3200 tuenda
1789 3128 1969 3199 hanc
2000 3123 2317 3203 eamdem
2355 3144 2632 3195 causam

415 3243 815 3338 suscipient.
842 3265 1159 3338 quosque
1181 3242 1450 3313 meliori
1479 3253 1667 3314 certe
1691 3242 1974 3336 ingenio
2000 3252 2071 3311 et
2099 3239 2344 3309 maiori
2371 3237 2632 3309 doctri-

414 3377 545 3426 nae
588 3355 939 3450 praesidio
972 3410 990 3438 ‚
1047 3355 1305 3452 quibus
1355 3358 1488 3452 ipsi
1543 3379 1685 3428 non
1742 3377 2113 3452 possumus
2144 3406 2162 3435 ‚
2218 3351 2305 3423 ad
2358 3351 2629 3424 felicem

418 3471 678 3542 exitum
715 3469 1133 3544 confidimus
1157 3470 1353 3543 illam
1376 3494 1525 3543 esse
1552 3471 2038 3566 perducturos.
2074 3470 2173 3540 Ita
2211 3466 2628 3563 plerumque

417 3606 490 3655 se
532 3608 642 3656 res
682 3584 928 3658 habuit
952 3640 971 3668 ‚
1010 3601 1087 3658 ut
1130 3588 1327 3683 quod
1365 3611 1547 3659 unus
1598 3598 1714 3658 aut
1759 3585 1936 3658 alter
1982 3585 2282 3680 scriptor
2316 3604 2461 3655 non
2498 3605 2631 3678 po-

418 3700 583 3781 tuit,
638 3701 708 3772 in
761 3704 1117 3774 communi
1161 3703 1672 3799 conspiratione
1696 3725 1779 3774 ex
1806 3701 2057 3773 collata
2095 3697 2485 3771 multorum
2517 3699 2630 3770 in-

411 3814 676 3887 dustria
699 3829 770 3888 et
790 3816 1094 3912 quadam
1126 3817 1343 3891 veluti
1379 3817 1793 3914 supellectili
1832 3827 2228 3911 comparata
2267 3814 2356 3885 de
2392 3812 2631 3886 multis

408 3929 967 4024 quaestionibus,
1018 3953 1200 4027 quae
1249 3933 1449 4005 initio
1498 3931 1759 4004 arduae
1809 3943 2009 4003 erant
2051 3941 2259 4026 atque
2306 3926 2629 4000 difficiles

410 4044 603 4118 nulla
653 4048 796 4118 iam
847 4045 1151 4142 amplius
1195 4049 1671 4120 controversia
1713 4046 2351 4140 habeatunltaque
2385 4043 2459 4115 id
2494 4066 2627 4138 ego

409 4182 547 4254 qua
599 4163 799 4256 potui
849 4161 1204 4258 diligentia
1242 4184 1406 4233 sane
1452 4162 1943 4256 praestandum
1991 4162 2162 4233 mihi
2200 4184 2348 4234 esse
2386 4161 2455 4230 in
2495 4159 2627 4230 hac

411 4278 820 4349 tractatione
869 4277 1087 4356 duxi:
1140 4290 1208 4350 et
1259 4276 1499 4351 fecisse
1550 4298 1666 4347 me
1718 4301 1824 4350 eo·
1854 4276 2180 4351 libentius
2246 4273 2620 4373 profiteor,

409 4411 556 4483 quo
608 4404 679 4464 et
726 4391 943 4465 multa
995 4413 1215 4489 eaque
1268 4394 1532 4490 optima
1580 4392 1891 4467 viderem
1943 4392 2128 4490 apud
2181 4394 2503 4488 antiquos
2555 4404 2625 4464 et
