3276 5083
737 457 874 507 cn.
900 455 1008 507 ιι.
1049 458 1130 508 ns
1179 456 1381 509 mser.
1417 457 1643 509 conrn.
1685 459 1763 509 rr
1797 460 1973 510 saon.
2017 459 2157 509 Anr.
2202 462 2248 511 1.
2484 441 2629 511 177*

392 594 687 652 statuere
725 602 928 677 posse
955 634 970 664 ,
1009 577 1276 651 'secluso
1319 577 1757 652 sacerdotalis
1790 578 2052 652 ordinis
2088 604 2422 653 consensu
2447 640 2462 669 ,
2503 584 2620 682 qui

393 691 798 767 secularium
835 691 1214 791 principum
1255 690 1523 788 legibus
1573 692 1936 765 obediendi
1989 693 2456 766 necessitatem
2509 696 2631 769 ad-r

395 807 549 891 dat;
595 806 792 905 quasi
843 804 1027 901 leges
1078 804 1235 878 illae
1284 832 1365 877 ex
1416 831 1491 878 se
1540 807 1853 879 idoneam
1904 806 2436 904 vimobligandi
2489 832 2623 882 non

393 920 750 1005 baberent;
807 918 1288 993 sacerdotalem
1337 919 1645 992 ordinem
1667 977 1683 1006 ‚
1743 947 1863 993 seu
1912 947 2177 994 sacram
2230 922 2620 1020 pontificum

391 1034 851 1110 auctoritatem
893 1059 1026 1107 non
1078 1058 1278 1131 posse
1325 1032 1477 1106 sine
1518 1058 1854 1107 consensu
1896 1035 2277 1135 principum
2337 1035 2625 1135 impedi·

389 1164 617 1223 menta
643 1148 1032 1221 dirimentia
1056 1163 1348 1221 statuere
1381 1150 1563 1243 (2).»
2260 1182 2263 1183 ’

535 1263 776 1336 Eidem
813 1262 1270 1349 distinctioni,
1303 1279 1504 1362 atque
1529 1263 1599 1334 in
1629 1264 1940 1337 eumdem
1977 1264 2178 1336 finem
2201 1322 2216 1351 ,
2259 1266 2432 1337 inter
2463 1290 2622 1339 con-

387 1382 668 1453 tractum
702 1394 771 1451 et
807 1393 1297 1452 sacramentum
1347 1378 1578 1451 innixa
1620 1378 1815 1452 turba
1872 1386 1987 1452 est
2022 1381 2481 1478 posteriorum*
2518 1407 2623 1454 ca-

393 1493 810 1567 nonistarum
844 1550 861 1579 ,
917 1508 984 1565 et
1032 1491 1488 1589 theologorum
1538 1493 1910 1566 aulicorum
1945 1548 1961 1581 ,
2017 1494 2133 1592 qui
2185 1519 2325 1568 sec.
2379 1495 2613 1567 XVIII.

394 1608 730 1682 mediante
761 1622 830 1680 et
863 1605 950 1681 ad
986 1607 1237 1680 exitum
1271 1622 1586 1704 vergente
1619 1609 1728 1681 ius
1764 1633 1943 1709 pene,
1984 1634 2182 1682 omne
2222 1609 2623 1684 ecclesiasti-

391 1749 546 1797 cum
579 1723 1074 1799 subverterunt.
1112 1722 1399 1795 lnvaluit
1435 1722 1601 1796 haec
1634 1723 1941 1797 doctrina
1973 1750 2055 1797 ex
2082 1750 2161 1799 eo
2188 1726 2619 1824 potissimum

391 1856 692 1938 tempore
713 1864 748 1926 ·,
806 1842 941 1937 quo
998 1837 1331 1935 legislatio
1389 1839 1724 1912 austriaca
1773 1839 1980 1913 veluti
2041 1840 2448 1940 principium
2511 1846 2622 1915 as-

389 1955 719 2054 sumpsit,
775 1969 1182 2027 contractum
1234 1953 1497 2027 civilem
1549 1955 1948 2029 anteriorem
1985 1982 2135 2030 esse
2170 1974 2613 2044 sacramento,

388 2070 569 2169 quod
604 2068 794 2142 illum
825 2068 1294 2167 consequitur,
1327 2085 1527 2168 atque
1559 2070 1907 2143 constituit
1939 2072 2431 2145 sacramentum
2466 2098 2618 2145 oon*-

397 2183 640 2256 sistere
684 2183 866 2256 haud
917 2209 1117 2282 posse
1140 2241 1155 2269 ,
1212 2182 1378 2281 quin
1429 2184 1616 2281 prius
1668 2183 2169 2257 conditionibus
2214 2185 2529 2258 omnibus
2579 2213 2621 2259 a
2720 2178 2723 2179 ⁷

393 2295 546 2393 lege
596 2297 855 2371 statutis
903 2312 1283 2371 contractus
1333 2296 1693 2369 absolutus¹
1732 2296 1954 2370 fuerit.
1997 2297 2235 2369 Eidem
2280 2297 2618 2397 principio

396 2411 717 2484 insistens
765 2411 850 2484 de
899 2410 1064 2484 reali
1122 2410 1552 2485 distinctione
1600 2411 1775 2483 inter
1821 2426 2233 2505 contractum
2258 2470 2259 2475 1
2283 2426 2352 2484 et
2396 2435 2621 2485 sacra—

389 2540 717 2614 mentum,
772 2524 1265 2623 legislationem
1317 2525 1723 2622 austriacam
1777 2525 2009 2599 bacin
2047 2541 2238 2625 parte
2278 2526 2624 2626 adoptavit

384 2641 721 2739 legislatio
770 2641 1013 2738 gallica
1063 2643 1193 2715 sub
1217 2641 1624 2740 'Napoleone
1677 2644 1746 2713 in
1795 2643 1945 2716 eius
1997 2643 2253 2716 codice.
2562 2675 2565 2676 ⁷

529 2757 957 2830 Recentiores
1008 2756 1189 2831 haud
1239 2759 1433 2856 pauci
1470 2783 1552 2830 ex
1585 2757 1918 2831 eiusmodi
1970 2759 2413 2857 scriptoribus
2438 2765 2613 2834 ‘tam-

391 2897 599 2971 quam
648 2871 1064 2971 exploratum
1117 2873 1728 2973 inconcussumque
1777 2874 2184 2975 principium
2220 2875 2471 2974 pariter
2504 2901 2619 2974 po·

387 3004 671 3062 suerunt
690 3045 707 3074 ,
770 2989 1270 3062 matrimonium
1326 3015 1480 3063 esse
1535 3005 1949 3063 contractum
1992 2989 2375 3062 humanum
2403 3047 2419 3076 ,
2492 3017 2625 3063 me-

388 3129 594 3203 reque
636 3101 938 3190 civilem,
983 3105 1192 3177 variis
1237 3105 1681 3179 in'adiunctis
1731 3104 2125 3192 solubilem,
2182 3106 2301 3206 qui
2353 3107 2622 3205 proprie

386 3243 505 3318 per
564 3242 972 3292 consensum
1023 3234 1326 3292 mutuum
1378 3219 1913 3292 contrahentium
1955 3245 2178 3293 eoram
2228 3221 2624 3317 magistratu

385 3332 571 3405 civili
623 3332 717 3406 sit
763 3359 1119 3431 expressus
1161 3391 1177 3420 ,
1238 3333 1387 3432 ipso
1439 3333 1735 3461 parocho
1801 3333 2071 3408 nonnisi
2131 3334 2281 3406 vice
2329 3333 2620 3407 civitatis

385 3447 744 3544 fungente3
814 3473 1078 3522 sacram
1138 3474 1296 3522 vero
1345 3448 1829 3533 ceremoniam,
1886 3463 1962 3520 ut
2007 3465 2290 3534 vocant,
2347 3474 2523 3548 quae
2584 3476 2625 3522 a

387 3562 699 3637 ministro
763 3563 1089 3638 ecclesiae
1157 3564 1551 3662 peragitur,
1624 3563 2249 3663 benedictionisque
2300 3563 2623 3662 nuptialis

387 3701 686 3751 nonme
710 3680 934 3765 venit,
991 3680 1083 3752 ad
1145 3678 1657 3752 matrimonialis
1729 3695 2106 3754 contractus
2164 3678 2457 3753 valorem
2507 3680 2625 3751 mi-

381 3793 576 3866 nime
622 3795 909 3894 requiri,
953 3796 1154 3869 etiam
1187 3794 1308 3868 ubi
1348 3794 1763 3894 publicatum
1801 3795 2000 3867 suerit
2039 3794 2479 3868 tridentinum
2504 3796 2624 3870 de—

380 3926 675 3996 cretum;
735 3910 855 3984 sed
909 3915 1080 4006 post
1110 3910 1614 3985 matrimonium
1668 3910 1799 3982 iam
1851 3910 2077 3982 valide
2124 3927 2533 3985 contractum
2586 3937 2626 3983 a

379 4023 787 4122 coniugibus
839 4051 962 4124 pro
1012 4025 1232 4099 lubitu
1282 4023 1618 4109 adhiberi,
1680 4041 1795 4097 aut
1844 4025 2067 4097 omitti
2111 4048 2319 4124 posse
2345 4029 2473 4122 (3).

523 4165 599 4228 (2)
634 4168 709 4215 De
738 4167 962 4229 reqtain
985 4168 1321 4216 maerlmonio
1347 4167 1609 4229 potestate
1633 4178 1713 4215 an.
1742 4170 1880 4216 1674.
1905 4166 1983 4216 ed.
2010 4167 2184 4217 colon.
2208 4167 2458 4230 Allobrog.
2491 4170 2626 4218 1734.

381 4195 928 4309 tomi1.Par.11.ca1›.
951 4248 1037 4295 lv.
1062 4259 1113 4296 ιι.
1140 4254 1185 4296 3.
1209 4259 1321 4310 pag.
1345 4250 1440 4297 749
1460 4259 1602 4309 seqq.

530 4326 601 4388 (3)
634 4325 711 4374 cf.
741 4325 1033 4388 Roskovany
1076 4329 1146 4375 De
1184 4328 1526 4377 matrimonio
1566 4329 1687 4376 tom.
1711 4329 1751 4377 1.
1773 4325 1879 4404 35.
1902 4331 1949 4378 4.
1979 4309 2049 4378 ad
2071 4335 2143 4380 15.
2170 4319 2265 4432 nbi
2289 4294 2479 4412 erudite
2514 4326 2629 4416 isto·

387 4395 496 4456 rum
527 4406 754 4458 omnium
778 4407 1068 4471 singillatim
1088 4407 1289 4458 nomina
1308 4419 1369 4458 ac
1390 4420 1540 4472 opera
1562 4409 1799 4459 recenset.
1870 4433 1873 4436 ·
2326 4427 2335 4439 =

2473 4520 2536 4569 ¹2
