3276 5083
679 404 815 474 24⁰
1031 429 1184 479 us.
1225 429 1273 478 ι.
1316 428 1486 479 sacr.
1531 428 1792 479 aaran.
1836 428 1914 479 ns
1966 429 2228 481 namu.
2271 430 2483 481 civim.

674 544 910 617 ordine
958 543 1163 631 reali,
1219 546 1356 641 iugi
1393 546 1841 645 experimento
1880 546 2103 645 reipsa
2151 546 2450 620 obtinere
2499 552 2885 648 comproba-

673 675 803 730 tur.
854 660 982 731 Fac
1033 659 1231 733 modo
1278 660 1607 733 eiusmodi
1644 660 1953 756 coniugia
1985 660 2208 733 civilia
2245 663 2514 757 augeri,
2555 689 2635 737 ac
2669 690 2884 764 aequa

676 774 1097 873 proportione
1135 775 1497 873 pessimam
1538 774 1836 848 sobolem
1880 773 2008 847 sub
2051 776 2397 850 recensitis
2438 779 2769 876 auspiciis
2808 807 2885 855 ac

674 915 891 960 rerum
946 889 1280 962 adiunctis
1334 889 1717 963 societatem
1768 889 2128 988 pervadere
2152 947 2167 976 ‚
2234 890 2559 991 quidnam
2619 894 2748 966 erit
2804 894 2888 969 de

673 1002 943 1101 publica
991 1029 1248 1075 morum
1300 1004 1649 1077 sanctitate
1697 1029 1777 1077 ac
1827 1003 2177 1079 honestate
2201 1004 2237 1076 9
2289 1006 2618 1079 Nimirum
2668 1010 2886 1082 omni-

667 1143 884 1214 genae
925 1118 1259 1191 foeditatis
1301 1118 1621 1193 colluvies
1658 1120 1742 1191 ad
1779 1120 1993 1194 instar
2040 1120 2339 1193 fluminis
2385 1121 2787 1197 exundantis
2821 1140 2888 1198 et

671 1259 868 1330 agros
894 1233 1029 1306 late
1054 1232 1527 1332 depopulantis
1556 1234 1909 1333 irrumpet,
1933 1233 2255 1333 brevique
2283 1236 2622 1309 societatis
2649 1263 2883 1312 omnes

671 1348 925 1422 classes
973 1348 1265 1435 inficiet,
1306 1348 1588 1448 eiusque
1626 1348 2131 1422 fundamentum
2173 1351 2528 1422 concutiet.
2564 1350 2753 1425 Talis
2780 1369 2883 1426 est

661 1462 889 1537 exitus
936 1463 1397 1561 coniugiorum
1450 1462 1785 1547 civilium,
1826 1479 1893 1536 et
1932 1463 2047 1561 qui
2085 1489 2165 1536 ea
2198 1481 2587 1563 promovent
2634 1466 2882 1540 favent-

667 1602 803 1677 que
824 1636 840 1663 ,
881 1578 1156 1651 exitium
1194 1577 1490 1652 societati
1538 1579 1809 1678 pariunt
1838 1594 2046 1677 atque
2078 1595 2438 1652 extremam
2478 1582 2837 1678 perniciem
2860 1640 2874 1666 ‚

670 1690 915 1764 lentam
965 1692 1239 1791 quidem
1264 1749 1281 1777 ,
1332 1690 1454 1766 sed
1499 1691 1772 1765 omnino
1820 1708 2110 1778 certam3
2153 1719 2306 1765 cum
2343 1693 2601 1767 scilicet
2632 1695 2707 1766 hi
2741 1722 2885 1793 per-

665 1804 909 1878 niciosi
961 1805 1216 1879 fructus
1267 1804 1352 1879 ad
1399 1804 1846 1878 maturitatem
1900 1806 2345 1903 pervenerint.

812 1921 882 1992 Si
918 1921 1035 2020 qui
1072 1946 1230 1993 vero
1264 1937 1423 1994 sunt
1458 1920 1617 1992 huic
1651 1919 1854 1994 classi
1888 1920 2327 2007 accensendi,
2375 1920 2630 2021 absque
2678 1924 2883 1997 dubio

668 2034 924 2133 primas
959 2034 1296 2122 obtinent,
1339 2035 1458 2134 qui
1492 2034 1706 2132 legem
1754 2035 1972 2134 ipsam
2017 2035 2453 2109 sanciendam
2504 2053 2885 2134 proponunt

666 2149 752 2223 de
786 2151 1121 2248 coniugiis
1156 2150 1510 2249 civilibus,
1543 2175 1947 2249 omnemque
1979 2166 2246 2224 movent
2272 2149 2561 2249 lapidem
2581 2210 2598 2239 ,
2639 2166 2713 2224 ut
2745 2153 2886 2226 suf-

667 2265 1027 2363 fragiorum
1084 2265 1533 2367 pluralitatem
1591 2265 1957 2339 obtineant.
2017 2265 2148 2351 Qui
2203 2266 2295 2339 ita
2346 2282 2554 2363 agunt
2603 2267 2881 2341 manife-

666 2396 847 2454 stant
872 2382 969 2453 nil
994 2381 1182 2454 aliud
1208 2382 1342 2456 sibi
1368 2383 1781 2482 propositum
1808 2380 2095 2467 habere,
2137 2407 2339 2480 quam
2373 2396 2449 2453 ut
2486 2381 2885 2456 catholicam

665 2495 1039 2570 doctrinam
1093 2497 1519 2595 impugnent,
1573 2523 1655 2570 ac
1700 2497 1887 2571 omni
1927 2522 2063 2596 qua
2114 2512 2398 2595 possunt
2448 2520 2575 2597 ope
2626 2522 2882 2571 morum

667 2612 1107 2711 corruptelam
1161 2612 1355 2709 longe
1403 2612 1669 2711 lateque
1720 2610 2103 2685 diffundant
2147 2611 2276 2684 sub
2312 2638 2704 2711 progressus
2756 2614 2885 2686 hu·

665 2725 1005 2798 manitarii
1055 2726 1353 2799 obtentu.
1388 2726 1532 2799 Nisi
1570 2725 1659 2799 ab
1697 2725 1825 2800 hoc
1857 2752 2065 2800 censu
2116 2728 2448 2825 quosdam
2488 2727 2655 2800 velis
2705 2728 2883 2802 exci-

666 2865 826 2938 pere
855 2896 870 2924 ‚
926 2840 1044 2939 qui
1093 2840 1470 2938 ignorantia
1513 2839 1864 2926 laborant,
1922 2866 2002 2915 ac
2057 2841 2587 2940 sophismatibus
2622 2844 2877 2941 specio-

667 2954 902 3052 sisque
936 2953 1243 3052 pluribus
1278 2971 1481 3054 atque
1512 2955 1995 3054 apparentibus
2045 2956 2459 3051 argumentis
2500 2956 2765 3054 decepti
2796 2957 2882 3030 ad

665 3095 1019 3169 pravorum
1074 3070 1432 3144 consilium
1476 3070 1895 3169 probandum
1947 3085 2453 3168 permoventur,
2509 3071 2681 3169 quin
2726 3096 2883 3145 con·

664 3186 1040 3259 secutiones
1091 3184 1391 3259 indidem
1444 3185 1915 3286 provenientes
1968 3169 2379 3286 pervideant.

808 3300 1040 3388 Nobis,
1082 3301 1197 3400 qui
1238 3323 1374 3374 rem
1423 3318 1618 3402 prout
1653 3301 1723 3372 in
1757 3328 1833 3375 se
1865 3317 1991 3388 est,
2033 3300 2520 3401 spectavimus,
2569 3327 2655 3373 ex
2700 3326 2884 3400 prae-

662 3416 895 3490 missis
940 3416 1508 3490 conoludere³iam
1547 3416 1782 3503 liceat,
1835 3415 2028 3489 civile
2056 3415 2435 3513 coniugium
2482 3433 2717 3489 natura
2755 3442 2879 3488 sua

663 3530 972 3628 publicae
1025 3529 1370 3605 honestati·
1409 3530 1752 3603 adversari
1778 3588 1792 3616 ,
1833 3545 1899 3602 et
1942 3529 2070 3602 sub
2111 3528 2352 3627 quovis
2392 3544 2699 3628 respectu
2739 3553 2878 3601 mo-

665 3673 810 3719 rum
874 3646 1316 3746 corruptelam
1377 3671 1763 3745 promovere
1802 3701 1818 3731 ‚
1884 3646 1954 3717 in
2005 3670 2288 3742 eamque
2352 3644 2728 3717 certissime
2777 3645 2879 3715 in-

662 3759 943 3846 ducere,
992 3775 1189 3858 prout
1223 3759 1292 3830 in
1338 3758 1544 3833 huius
1595 3758 1859 3832 articuli
1911 3757 2378 3832 enunciatione
2423 3759 2879 3832 demonstran·

663 3875 821 3947 dum
873 3875 1391 3974 assumpsimus.
