3276 5083
679 464 766 536 52
1060 486 1179 535 un.
1223 486 1268 535 1.
1313 484 1483 535 secr.
1518 486 1562 533 ι.
1607 486 1687 533 ns
1736 483 1997 534 numu.
2038 484 2472 536 sacmunmo.

676 604 832 676 tutis
866 617 1425 677 sacramentorum
1463 604 1643 698 (4).»
1675 601 1798 674 His
1833 601 2016 674 aliud
2050 602 2405 676 adiicimus
2441 603 2896 677 testimonium

672 745 753 791 ex
801 717 1085 816 allegato
1134 743 1284 815 cap.
1315 717 1423 789 vl.
1465 717 1582 790 ubi
1634 716 1830 790 affert
1878 717 2167 790 rationes
2218 734 2476 817 septem
2524 717 2614 790 ad
2667 720 2900 793 matri-

670 832 875 905 monii
930 831 1345 911 sanctitatem
1396 830 1912 915 adstruendam;
1971 856 2167 930 porro
2217 831 2503 930 septimo
2552 831 2701 905 loco
2750 859 2901 905 eam

674 948 865 1045 ponit
909 972 1085 1045 quae
1136 945 1403 1044 petitur:
1444 975 1479 1013 (ι
1504 945 1602 1015 Ex
1643 945 1793 1043 ipso
1837 961 2288 1032 sacramento,
2331 971 2468 1043 quo
2503 946 2727 1043 ipsum
2765 973 2903 1020 ma-

676 1062 1057 1135 trimonium
1085 1086 1350 1133 sacrum
1378 1060 1647 1156 signum
1682 1075 1788 1132 est
1821 1059 2224 1133 matrimonii
2261 1059 2632 1158 spiritualis
2656 1117 2672 1145 ,
2714 1061 2902 1158 quod

672 1203 825 1251 esse
849 1176 1048 1249 debet
1073 1176 1246 1249 inter
1269 1176 1481 1251 Deum
1508 1190 1583 1247 et·
1598 1175 1892 1248 animam
1927 1175 2366 1248 humanam.»
2395 1173 2587 1259 Quod
2619 1174 2898 1273 quidem

671 1294 819 1366 fuse
851 1308 1156 1379 enarrat,
1197 1318 1275 1365 ac
1306 1291 1576 1369 demum
1609 1289 1948 1364 concludit
1982 1289 2417 1362 Guilielmus:
2456 1318 2491 1357 ι
2511 1290 2595 1361 Et
2630 1290 2903 1391 attende

669 1405 851 1505 quod
903 1407 1125 1504 ipsum
1176 1420 1670 1479 sacramentum
1727 1402 2133 1475 matrimonii
2201 1402 2634 1476 fortissimam
2701 1402 2911 1476 habet

670 1522 1180 1620 impressionem
1217 1518 1590 1619 spiritualis
1625 1518 2031 1592 matrimonii
2083 1532 2352 1616 propter
2402 1517 2899 1591 vehementiam

672 1635 1243 1708 rememorationis
1307 1634 1571 1732 ipsius.¹
1607 1633 1899 1706 Assidue
1954 1632 2133 1705 enim
2203 1632 2371 1704 illud
2439 1632 2845 1729 coniugibus
2879 1690 2895 1717 ,

673 1765 999 1848 quantum
1048 1750 1118 1821 in
1166 1750 1318 1847 ipso
1367 1763 1502 1835 est,
1553 1762 1990 1833 rememorat,
2031 1763 2097 1820 et
2130 1747 2484 1846 imprimit,
2523 1760 2593 1819 et
2626 1763 2901 1847 propter

669 1862 796 1937 hoc
835 1863 1271 1936 fortissimum
1307 1878 1412 1936 est
1451 1861 1857 1937 adiutorium
1894 1888 1935 1934 a
1970 1877 2159 1960 parte
2208 1862 2337 1934 ista
2359 1919 2375 1946 ,
2429 1860 2897 1939 vehementer-

670 2003 804 2075 que
854 1977 1327 2075 impressivum
1382 1976 1762 2049 sanctitatis
1818 1980 1998 2071 (5).»

813 2092 912 2162 Ex
961 2090 1071 2164 his
1122 2090 1522 2163 testimoniis
1559 2089 1760 2162 simul
1798 2089 2058 2164 collatis
2094 2089 2471 2187 colligimus
2498 2090 2674 2190 quod
2709 2090 2905 2165 iuxta

672 2220 954 2278 mentem
1000 2203 1333 2283 Guilielmi
1371 2203 1772 2302 parisiensis
1811 2203 2403 2279 1.matrimonium
2439 2204 2739 2279 fidelium
2759 2205 2904 2279 -ha-

668 2319 822 2392 beat
871 2319 1193 2392 rationem
1233 2318 1631 2391 sacramenti
1667 2344 1747 2390 ex
1782 2344 1857 2391 se
1892 2318 2043 2415 ipso
2064 2376 2080 2404 ,
2121 2333 2455 2416 quatenus
2488 2334 2595 2392 est
2625 2319 2901 2416 signum

668 2459 932 2507 sacrum
969 2449 1035 2506 et
1069 2459 1343 2507 sacrans
1392 2432 1647 2529 gratiae
1687 2433 2166 2507 sanctificantis
2188 2490 2204 2519 ,
2252 2459 2429 2531 quae
2469 2433 2537 2506 in
2579 2434 2902 2507 omnibus

668 2550 1109 2623 sacramentis
1160 2574 1372 2622 novae
1412 2547 1584 2644 legis
1633 2549 1998 2634 confertum
2046 2551 2112 2621 2.
2147 2550 2328 2648 quod
2368 2551 2498 2625 hoc
2536 2551 2631 2625 sit
2668 2577 2906 2625 essen-

668 2663 825 2735 tiale
874 2663 1006 2760 ipsi
1058 2663 1252 2758 signo
1299 2662 1480 2759 quod
1535 2661 1820 2734 habetur
1869 2688 1992 2761 per
2054 2664 2591 2738 coniunctionem
2643 2666 2906 2740 nuben-

670 2778 873 2862 tium,
925 2800 1047 2848 seu
1089 2801 1208 2875 per
1247 2801 1476 2850 eorum
1519 2801 1964 2865 consensum;
2010 2780 2076 2849 3.
2107 2780 2288 2877 quod
2326 2779 2595 2877 signum
2633 2806 2902 2854 sacrum

667 2907 733 2963 et
777 2916 1053 2965 sacrans
1091 2917 1222 2963 non
1260 2891 1657 2965 interveniat
1689 2891 1757 2963 in
1793 2893 2106 2990 coniugio
2140 2893 2551 2980 infidelium,
2592 2895 2901 2994 adeoque

667 3006 948 3079 istorum
990 3006 1398 3079 connubium
1425 3032 1557 3079 non
1583 3006 1832 3080 habeat
1864 3007 2186 3080 rationem
2222 3009 2621 3084 sacramenti
2640 3065 2657 3096 ‚
2702 3025 2906 3108 prout

666 3120 869 3193 habet
920 3120 1216 3193 fidelium
1266 3121 1688 3217 coniugium3
1727 3121 1991 3219 Lquod
2026 3121 2404 3200 benedictio
2453 3124 2903 3199 sacerdotalis

666 3235 944 3307 minime
992 3235 1330 3308 censenda
1381 3236 1470 3307 sit
1517 3235 1902 3308 essentialis
1969 3252 2383 3314 sacramento
2434 3238 2896 3325 matrimonii,

664 3374 816 3421 cum
877 3364 1368 3423 sacramentum
1417 3349 1779 3434 habeatur,
1843 3349 1960 3421 ubi
2013 3353 2394 3424 necessaria
2445 3373 2648 3426 causa
2698 3352 2904 3426 inter·

663 3464 1001 3550 veniente,
1044 3462 1419 3544 benedictio
1459 3462 1892 3537 sacerdotalis
1942 3465 2290 3538 omittitur.
2325 3466 2468 3539 Hoc
2507 3491 2664 3542 vero
2713 3466 2904 3540 affir-

666 3579 830 3650 mari
869 3604 999 3651 non
1043 3592 1307 3675 posset,
1350 3577 1408 3651 si
1446 3577 1880 3651 sacerdotalis
1930 3577 2309 3653 benedictio
2353 3580 2438 3653 ad
2490 3583 2898 3655 sacramenti

667 3690 943 3763 sormam
999 3707 1201 3789 atque
1242 3690 1411 3763 adeo
1453 3690 1538 3763 ad
1583 3690 1732 3762 eius
1775 3693 2137 3765 essentiam
2186 3710 2559 3792 spectaret;
2607 3700 2676 3767 5.
2703 3696 2898 3795 quod

665 3804 944 3900 proinde
978 3804 1307 3878 eiusmodi
1343 3803 1721 3878 benedictio
1757 3822 1823 3879 et
1855 3807 2068 3880 oratio
2105 3811 2540 3905 superveniat
2581 3811 2900 3908 coniugio

666 3917 798 3989 iam
836 3933 1171 3993 contracto
1196 3978 1212 4006 ,
1253 3945 1374 3993 seu
1410 3936 1827 3994 sacramento
1862 3922 2264 3994 matrimonii
2302 3924 2435 3996 iam
2472 3925 2776 3998 confecto
2810 3924 2901 3998 ad

662 4030 1042 4103 ulteriorem
1083 4061 1123 4106 a
1158 4035 1297 4108 Deo
1348 4035 1833 4134 impetrandam
1884 4036 2339 4125 sanctitatem,
2382 4040 2448 4112 vi
2507 4038 2904 4113 inhaerente

668 4145 796 4243 ipsi
850 4145 1171 4233 orationi,
1213 4166 1546 4247 quatenus
1592 4151 1861 4227 nomine
1901 4150 2231 4225 ecclesiae
2269 4152 2571 4227 funditur
2604 4180 2647 4226 a
2682 4179 2902 4229 sacer·
3017 4165 3024 4178 ‘

807 4311 877 4392 (45
910 4333 1023 4380 Loc.
1050 4332 1135 4381 eit.
1162 4345 1269 4395 pag.
1294 4338 1402 4385 496.
1428 4336 1524 4385 vot.
1547 4339 1607 4385 n.

812 4410 881 4478 (5)
915 4409 1037 4460 lbid.
1064 4423 1170 4474 pag.
1196 4415 1301 4462 σει.
1324 4414 1417 4463 σοι.
1448 4423 1487 4463 1.
