3276 5083
700 402 839 476 352
1086 426 1209 479 un.
1252 427 1302 477 1.
1349 425 1523 477 ster.
1564 425 1826 477 Auum.
1869 426 1951 475 m:
1999 425 2264 476 nrum.
2308 424 2524 476 cmm.

696 567 852 617 esse
902 546 1077 618 inter
1112 544 1287 618 duas
1321 543 1448 618 has
1482 540 1954 644 hypotheses?
2001 540 2427 641 Quicumque
2476 542 2660 615 enim
2715 547 2937 645 sapit
2959 604 2982 632 ‚

696 658 881 733 haud
934 660 1304 745 dubitabit,
1346 686 1424 733 se
1456 685 1579 759 pro
1630 659 1851 758 prima
1900 656 2263 758 hypothesi
2314 657 2660 732 declarare
2680 716 2700 746 ‚
2758 688 2988 760 quae

695 775 843 849 sola
893 774 1318 850 rationabilis
1366 790 1501 862 est,
1541 772 1845 874 alioquin
1885 774 2069 846 Deus
2120 771 2573 847 subiiceretur
2622 775 2924 849 homini
2957 836 2977 864 ‚

702 890 942 990 religio
976 917 1016 965 a
1050 892 1190 965 Deo
1222 890 1380 964 data
1410 888 1822 989 dependeret
1859 887 1946 961 ab
1986 887 2338 962 hominum
2390 889 2706 978 arbitrio,
2753 892 2980 991 quod

695 1022 807 1081 est
854 1006 1226 1079 absurdum
1280 1031 1360 1079 ac
1409 1004 1597 1078 dictu
1647 1004 1954 1104 impium.
2000 1003 2131 1090 Qui
2184 1002 2462 1077 alteram
2512 1006 2986 1106 profiteretur

700 1122 1133 1224 hypothesim
1157 1181 1173 1211 ‚
1222 1135 1720 1197 consectaretur
1759 1120 2251 1220 despotismum
2303 1120 2683 1196 absolutum
2710 1181 2732 1210 ‚
2790 1125 2976 1198 effi-

697 1255 1015 1341 ceretque
1062 1240 1278 1314 Deum
1315 1265 1395 1313 ac
1428 1237 1822 1335 religionem
1858 1236 1945 1310 ab
1978 1261 2060 1310 eo
2092 1235 2321 1310 datam
2374 1237 2918 1313 instrumentum
2942 1301 2963 1327 ‚

699 1381 837 1457 quo
896 1354 1314 1454 legislatores
1364 1370 1712 1429 uterentur
1761 1353 1846 1427 ad
1901 1353 2073 1426 fines
2136 1378 2303 1427 suos
2338 1411 2354 1441 ,
2411 1354 2902 1430 modificarent
2940 1416 2960 1444 ,

701 1488 1281 1572 temperarentque
1341 1486 1539 1571 prout
1595 1472 1768 1571 ipsis
1834 1469 2130 1543 libuerit.
2199 1470 2438 1568 Legem
2494 1471 2968 1548 destituerent

700 1588 885 1662 omni
933 1587 1203 1669 virtute,
1259 1613 1464 1687 quam
1515 1585 1790 1658 haurire
1840 1600 2075 1685 posset
2108 1609 2149 1657 a
2185 1585 2510 1684 religione
2534 1643 2550 1675 ,
2613 1614 2737 1661 nec
2793 1589 2961 1663 reli-

700 1701 926 1800 gionis
990 1701 1126 1774 nisi
1177 1701 1432 1773 nudum
1482 1725 1725 1773 nomen
1777 1700 2224 1777 admitterent.
2277 1702 2472 1789 Quod
2515 1720 2699 1777 esset
2747 1704 2961 1779 athe—

703 1817 954 1890 ismum
1021 1814 1390 1916 practicum
1449 1815 1792 1915 profiteri,
1842 1840 1922 1889 ac
1969 1817 2317 1892 destruere
2382 1842 2618 1892 omnes
2678 1818 2956 1916 obliga-

707 1931 926 2006 tiones
958 1989 975 2022 ,
1033 1957 1204 2032 quas
1256 1931 1492 2030 religio
1535 1930 1936 2031 praescribit
1975 1957 2054 2005 ac
2112 1932 2319 2031 exigit
2338 1990 2356 2020 ,
2402 1947 2609 2033 atque
2668 1959 2946 2008 omnem

707 2047 1083 2124 libertatem
1133 2064 1432 2122 evertere
1482 2047 1894 2146 religiosam.

792 2244 793 2247 ,
853 2165 1184 2252 Quocirca
1233 2165 1367 2239 nisi
1417 2164 1523 2237 lex
1574 2162 1797 2239 civilis
1850 2163 2160 2260 religioni
2211 2164 2435 2238 subsit
2458 2223 2474 2253 ‚
2521 2190 2603 2238 ac
2652 2190 2731 2239 se
2776 2191 2944 2239 con-

707 2283 1032 2360 scientiae
1073 2280 1323 2355 civium
1370 2280 1829 2355 accommodet
1849 2336 1865 2366 ,
1916 2279 2033 2379 qui
2083 2278 2476 2376 religionem
2538 2281 2943 2381 profitentur

708 2424 848 2472 una
881 2423 1034 2471 cum
1069 2395 1619 2493 obligationibus,
1662 2420 1835 2494 quas
1873 2396 2027 2494 ipsa
2061 2395 2378 2492 iniungit‚
2414 2422 2783 2497 numquam
2820 2424 2942 2497 pro

706 2538 785 2588 se
834 2512 1111 2586 habebit
1152 2511 1523 2587 libertatem
1572 2512 2027 2588 conscientiae
2051 2570 2066 2600 ‚
2105 2527 2338 2586 contra
2373 2538 2529 2588 vero
2578 2539 2729 2587 eam
2781 2539 2936 2613 pes-

704 2630 1051 2704 sumdaret
1090 2653 1171 2702 ac
1213 2649 1491 2728 prorsus
1542 2628 2010 2715 labefactaret3
2062 2629 2421 2729 impediret
2466 2630 2722 2730 quippe
2772 2656 2937 2730 quo-

707 2745 936 2818 minus
986 2739 1170 2817 cives
1215 2743 1679 2818 satisfacerent
1725 2743 2277 2842 obligationibus,
2337 2772 2510 2845 quas
2558 2746 2659 2819 eis
2704 2745 2936 2844 religio

709 2857 1145 2960 praescribit,
1200 2875 1267 2932 et
1313 2858 1563 2959 quibus
1629 2858 1982 2938 servandis
2034 2884 2116 2932 ex
2166 2861 2580 2935 conscientia
2645 2862 2933 2935 obstrin-

709 2990 983 3074 guntur.

856 3092 998 3164 Iam
1032 3115 1190 3167 vero
1224 3088 1380 3164 talis
1408 3090 1577 3165 foret
1597 3090 1704 3164 lex
1739 3090 1824 3164 de
1857 3092 2285 3165 matrimonio
2320 3092 2720 3191 simpliciter
2751 3093 2925 3166 civili

711 3208 936 3310 quoad
980 3232 1124 3294 eos,
1167 3208 1285 3307 qui
1323 3206 1718 3306 profitentur
1765 3206 2160 3304 religionem
2205 3207 2628 3281 catholicam.
2672 3209 2927 3284 Etenim

714 3348 849 3397 non
899 3322 1099 3395 modo
1149 3321 1342 3395 liberi
1393 3321 1703 3395 catholici
1755 3338 1987 3397 essent
2027 3321 2115 3396 ab
2157 3322 2567 3420 obligatione
2615 3324 2781 3397 ritus
2833 3351 2930 3398 re-

713 3437 939 3537 ligiosi
991 3436 1305 3512 servandi
1360 3438 1429 3510 in
1491 3453 1835 3512 contractu
1898 3437 2232 3537 coniugali
2293 3439 2587 3512 ineundo
2621 3496 2636 3525 ,
2706 3465 2925 3513 verum

710 3554 916 3628 etiam
958 3569 1351 3651 cogerentur
1384 3552 1734 3627 admittere
1768 3570 2108 3654 tamquam
2145 3555 2533 3652 coniugium
2569 3554 2926 3652 legitimum

715 3670 814 3757 id,
858 3667 1042 3770 quod
1081 3694 1164 3742 ex
1198 3666 1534 3742 catholica
1568 3669 1704 3742 fide
1737 3695 1868 3743 non
1920 3685 2101 3744 esset
2149 3671 2283 3743 nisi
2336 3670 2820 3745 concubinatus
2865 3689 2930 3743 et

713 3785 1117 3872 fornicatio;
1174 3802 1567 3883 cogerentur
1615 3785 1845 3859 subire
1894 3786 2401 3860 consecutiones
2451 3812 2713 3873 omnes,
2763 3812 2928 3885 quae

712 3926 795 3974 ex
840 3901 1186 3999 illegitima
1226 3916 1294 3974 et
1335 3900 1694 3975 fornicaria
1733 3902 2202 3975 coniunctione
2251 3903 2693 4004 proveniunt3
2753 3928 2927 4000 coge-

715 4032 946 4088 rentur
995 4015 1348 4089 admittere
1405 4017 1501 4090 uti
1564 4014 1897 4112 legitimos
1951 4015 2152 4105 filios,
2204 4043 2374 4118 quos
2426 4016 2714 4091 ecclesia
2775 4042 2924 4116 spu-

716 4131 855 4205 rios
905 4155 1061 4204 esse
1100 4131 1439 4220 declarat;
1496 4149 1894 4230 cogerentur
1943 4132 2028 4205 ad
2069 4149 2295 4220 actus,
2353 4160 2526 4234 quos
2578 4133 2810 4231 religio
2853 4159 2924 4206 ac

714 4270 886 4322 sana
933 4244 1158 4320 ethica
1207 4264 1283 4321 ut
1333 4247 1601 4323 illicitos
1646 4274 1726 4321 ac
1774 4248 2158 4322 immorales
2205 4248 2530 4322 damnant
2578 4276 2659 4322 ac
2711 4275 2923 4349 repro-

714 4363 917 4451 bant;
951 4362 1436 4465 impedirentur
1469 4365 1850 4465 relinquere
1875 4391 1997 4440 seu
2021 4365 2282 4442 solvere
2309 4363 2643 4441 invalidas
2669 4365 2917 4465 nuptias
