3276 5083
776 443 913 491 cu.
948 442 994 493 ι.
1029 443 1109 495 nr
1146 441 1406 492 numu.
1441 441 1665 491 clvlus
1698 441 1965 491 mrum.
2001 443 2141 492 aar.
2176 443 2239 489 v.
2494 421 2629 490 243

421 560 586 633 Cum
636 584 796 633 vero
844 584 927 630 ex
970 558 1169 632 dictis
1214 559 1552 632 societatis
1595 583 1676 633 ac
1719 558 2010 632 familiae
2053 559 2510 632 fulcimentum
2554 586 2633 634 ac

419 672 608 745 basis
634 729 649 758 ‚
693 673 895 745 immo
930 688 995 744 et
1026 671 1364 745 vinculum
1401 673 1491 745 sit
1524 672 1802 770 religi03
1843 699 2261 773 consequens
2298 689 2438 766 est,
2483 700 2626 762 eos,

424 786 542 885 qui
580 788 675 860 ita
705 803 935 884 agunt,
981 785 1254 860 totidem
1299 813 1450 860 esse
1491 788 1831 860 societatis
1867 786 2095 861 hostes
2130 802 2195 860 et
2228 788 2628 888 proditoreS,

425 902 585 974 dum
620 929 694 976 se
726 903 876 975 eius
911 902 1261 976 commoda
1283 917 1350 976 et
1373 901 1696 975 utilitates
1725 927 2114 1000 promovere
2142 903 2424 999 fingunt.
2461 904 2637 977 Sane

426 1016 569 1102 isti,
627 1032 700 1090 ut
748 1016 1108 1116 plurimum
1147 1018 1216 1088 in
1253 1016 1541 1116 publicis
1593 1017 2150 1090 commotionibus
2201 1017 2454 1117 primas
2491 1045 2638 1117 par-

426 1148 526 1204 tes
576 1147 851 1228 gerunt,
907 1131 1266 1205 turbulenti
1309 1148 1375 1205 et
1419 1132 1700 1230 inquieti
1752 1148 1945 1218 sunt,
1995 1132 2454 1233 novitatesque
2495 1159 2638 1207 mo-

425 1245 680 1318 liuntur
729 1273 808 1320 ac
856 1248 1349 1320 machinantur.
1405 1247 1646 1319 Verum
1695 1246 1852 1320 dato
1902 1247 2100 1319 etiam
2154 1273 2287 1319 non
2348 1272 2579 1321 omnes
2614 1306 2629 1333 ,

427 1386 600 1460 quos
635 1362 1117 1448 recensuimu8‚
1159 1388 1238 1436 eo
1274 1362 1691 1462 pervenisse,
1723 1377 1838 1433 aut
1864 1376 2292 1461 perventuros
2318 1388 2635 1462 umquam

427 1502 619 1562 esse;
669 1476 955 1549 inficiari
1004 1492 1222 1555 tamen
1270 1501 1461 1549 nemo
1506 1476 1785 1574 poterit,
1819 1501 1935 1549 eos
1960 1475 2089 1548 bac
2114 1476 2354 1572 agendi
2383 1477 2638 1550 ratione

429 1590 777 1664 debilitare
813 1591 1047 1665 saltem
1085 1591 1430 1677 indirecte,
1461 1615 1541 1663 ac
1565 1590 1935 1664 dissociare
1957 1589 2296 1663 societatis
2331 1590 2637 1689 publicae

427 1732 507 1778 ac
554 1705 965 1780 domesticae
1013 1731 1402 1804 compagem
1430 1762 1445 1790 ‚
1501 1705 1662 1777 dum
1715 1703 2060 1800 religionis
2110 1729 2190 1778 ac
2237 1703 2391 1777 fidei
2440 1706 2640 1777 virtu·

426 1835 559 1893 tem
593 1837 991 1908 extenuant,
1027 1822 1310 1919 eiusque
1336 1819 1689 1918 imperium
1728 1818 2102 1917 impediunt
2135 1819 2206 1890 in
2241 1835 2423 1893 tanta
2456 1844 2641 1919 prae-

429 1936 702 2021 sertim,
761 1935 831 2006 in
882 1962 1018 2035 qua
1067 1961 1246 2009 nunc
1292 1960 1664 2018 versamur,
1705 1932 1793 2005 ad
1826 1933 2381 2006 communismum
2419 1954 2499 2006 ac
2530 1960 2642 2009 so-

435 2049 814 2122 cialismum
858 2051 1331 2149 propensione.

577 2160 875 2234 Tendere
925 2177 1266 2260 praeterea
1314 2179 1551 2262 suapte
1593 2177 1831 2236 natura
1882 2162 2262 2258 coniugium
2310 2161 2506 2235 civile
2554 2162 2639 2234 ad

439 2275 950 2349 dissolutionem
1000 2275 1294 2348 familiae
1342 2301 1422 2349 ac
1470 2275 1807 2349 societatis
1848 2301 1930 2348 ex
1969 2273 2321 2372 multiplici
2369 2274 2642 2348 vulnere

433 2404 663 2461 contra
702 2389 1158 2461 auctoritatem
1193 2387 1427 2462 illato
1411 2414 1543 2461 iam
1573 2388 1770 2462 nobis
1795 2387 2277 2467 ostendendum
2313 2403 2437 2461 est.
2468 2389 2649 2463 Dum

435 2527 590 2577 vero
623 2502 1077 2577 auctoritatem
1112 2503 1568 2589 nominamus,
1607 2518 1755 2577 tum
1788 2502 2220 2577 domesticam
2261 2518 2634 2603 parentum,

434 2634 574 2690 tum
603 2616 943 2714 publicam
967 2618 1474 2714 magistratuum
1500 2617 1885 2715 significare
1905 2617 2246 2692 volumus:
2275 2616 2635 2718 siquidem,

434 2748 718 2832 utraque
769 2731 1056 2805 laeditur
1105 2757 1226 2831 per
1269 2732 1602 2807 eiusmodi
1651 2732 1985 2828 coniugia.

579 2846 664 2919 Et
713 2872 876 2919 sane
923 2846 1378 2921 auctoritatem
1436 2847 1872 2922 domesticam
1925 2846 1995 2916 in
2045 2847 2280 2946 primis
2329 2846 2506 2921 laedi
2536 2873 2645 2920 rac

441 2959 746 3032 imminui
798 2977 879 3033 ex
921 2976 1109 3060 parte
1157 2959 1368 3059 prolis
1418 2961 1709 3061 quisque
1756 2959 1949 3033 facile
1995 2961 2126 3034 sibi
2179 2959 2636 3060 persuadebit,

437 3073 555 3172 qui
592 3072 1168 3161 animadverterit,
1212 3073 1387 3148 filios
1421 3090 1603 3149 ortos
1636 3101 1719 3147 ex
1760 3075 2090 3150 eiusmodi
2125 3074 2516 3174 parentibus
2549 3076 2647 3150 oi-

435 3187 568 3260 tius
620 3202 736 3261 aut
783 3189 1000 3262 serius
1035 3189 1105 3261 in
1139 3189 1589 3286 cognitionem
1628 3189 1944 3266 devenire
1982 3189 2300 3265 connubii
2341 3188 2640 3289 profani,

435 3303 615 3401 quod
666 3302 798 3401 ipsi
853 3318 1346 3377 contraxerunt.
1393 3302 1582 3378 lllico
1627 3303 1825 3377 liberi
1860 3304 1962 3378 sic
1996 3304 2324 3404 progeniti
2371 3329 2647 3377 venera·

438 3415 683 3488 tionem
719 3417 1147 3502 imminuunt,
1189 3416 1327 3488 imo
1352 3416 1756 3516 deperdunt,
1787 3443 1989 3516 quam
2013 3416 2123 3489 vel
2150 3417 2298 3517 ipsa
2324 3415 2651 3491 suadente

437 3543 672 3604 natura
696 3555 775 3604 ac
800 3531 1254 3629 praecipiente
1276 3531 1416 3604 Deo
1441 3530 1737 3631 profiteri
1778 3530 2097 3605 deberent
2120 3554 2280 3629 erga
2305 3546 2636 3629 parentes.

439 3640 602 3716 Ideo
639 3643 817 3716 enim
859 3645 1183 3745 obsequio
1217 3662 1471 3744 patrem
1515 3672 1598 3720 ac
1631 3663 1911 3721 matrem
1944 3646 2065 3720 filii
2109 3646 2458 3746 potissime
2491 3669 2647 3744 pro-

440 3772 812 3855 sequuntur
842 3814 860 3845 ,
927 3760 1109 3859 quod
1161 3777 1665 3861 repraesentant
1711 3762 2166 3837 auctoritatem
2198 3762 2341 3835 -Dei
2398 3761 2643 3860 ipsius,

439 3871 635 3944 cuius
682 3871 832 3945 vice
875 3872 992 3948 bis
1025 3873 1095 3950 in
1137 3876 1333 3952 terris
1374 3876 1866 3976 quodammodo
1913 3877 2310 3973 funguntur,
2351 3891 2419 3950 et
2455 3877 2655 3954 cuius

439 3985 710 4060 nomine
753 3984 931 4061 filios
964 3986 1320 4067 instituunt
1357 4007 1428 4065 et
1465 3990 1553 4063 ad
1594 4016 1859 4067 omnem
1899 3992 2209 4066 virtutem
2258 3990 2639 4068 informant.

436 4099 559 4175 Ast
605 4100 790 4175 huno
838 4126 1174 4191 sacrm»,-
1204 4120 1282 4180 ut
1345 4105 1441 4180 ita
1498 4104 1714 4179 dicam
1742 4159 1760 4194 ‚
1813 4106 2264 4182 characterem
2313 4105 2399 4178 in,
2430 4106 2655 4186 ocutis

442 4214 730 4290 filiorum
768 4217 1083 4292 amittunt
1105 4235 1417 4318 pauentes
1445 4219 1541 4292 illi
1570 4277 1585 4306 ,
1615 4220 1738 4319 qui
1762 4219 1947 4294 nullo
1979 4219 2204 4298 valido
2232 4246 2319 4297 ac
2352 4220 2650 4320 legitimo

445 4353 616 4403 nexu
663 4348 820 4407 sunt
868 4330 1041 4406 inter
1088 4356 1165 4406 se
1213 4334 1593 4419 coniuncti,
1666 4334 1786 4408 sed
1856 4335 2163 4434 profana⁸
2190 4335 2655 4412 tantummodo

2412 4465 2425 4478 ·
2463 4454 2503 4493 st
