3276 5083
627 426 762 497 118
1018 447 1138 497 m.
1181 446 1230 496 1.
1270 445 1439 496 ποτ.
1482 446 1529 496 1.
1559 446 1640 496 nr
1672 447 1931 498 nrm.
1964 446 2383 499 sionnam-o.

625 562 919 638 secunda
943 589 985 637 a
1008 562 1236 636 liberis
1261 563 1566 663 personis
1591 562 1880 661 legitime
1903 564 2066 636 inita
2090 564 2339 662 recepit
2360 587 2625 661 semper
2657 590 2808 663 pro-

621 677 938 776 bavitque
970 676 1249 751 ecclesia
1287 693 1621 775 tamquam
1656 702 1810 750 vera
1842 693 1908 750 et
1941 676 2309 749 indubitata
2352 694 2805 764 sacramenta,

623 810 696 866 ut
716 794 892 866 idem
917 792 1210 892 loquitur
1233 809 1462 866 auctor
1482 795 1659 888 (26);
1687 819 1809 866 nec
1823 793 2176 892 quisquam
2193 792 2663 866 catholicorum
2685 792 2815 865 hoc

623 909 691 980 in
720 908 999 982 dubium
1023 908 1369 982 revocavit.
1393 909 1632 1007 Nequit
1668 908 1867 1005 igitur
1889 908 2054 981 haec
2078 907 2448 980 benedictio
2471 907 2540 979 in
2566 906 2821 980 rituali-

621 1023 749 1097 bus
801 1023 1208 1122 praescripta
1238 1079 1255 1109 ,
1310 1048 1646 1122 quamque
1691 1038 1946 1096 veteres
1994 1037 2539 1108 commemorant,
2580 1021 2815 1095 haberi

624 1151 698 1208 ut
729 1161 884 1236 pars
918 1135 1301 1210 essentialis
1351 1138 1745 1210 sacramenti
1795 1137 2225 1223 matrimonii,
2266 1141 2488 1235 neque
2516 1135 2688 1208 trahi
2722 1136 2812 1209 ad

625 1276 763 1323 rem
826 1276 1017 1324 suam
1064 1251 1151 1324 ab
1200 1251 1346 1339 his,
1403 1251 1521 1350 qui
1571 1252 1981 1326 contendunt
2027 1250 2435 1326 sacerdotem
2483 1267 2818 1348 tamquam

625 1364 827 1440 huius
879 1367 1268 1441 sacramenti
1317 1366 1730 1453 ministrum,
1774 1382 2043 1465 propter
2074 1391 2220 1439 eam
2253 1364 2811 1451 benedictionem,

625 1480 1006 1554 habendum
1055 1495 1125 1552 et
1170 1479 1661 1576 agnoscendum
1710 1503 1884 1552 esse.

771 1595 1016 1668 luverit
1060 1593 1324 1667 demum
1381 1594 1916 1693 disquisitionem
1967 1594 2139 1667 hanc
2186 1594 2405 1667 verbis
2470 1533 2818 1669 absolvens

624 1708 1058 1782 eruditissimi
1094 1707 1242 1795 viri,
1285 1735 1483 1838 quem
1533 1709 1809 1807 saepius
1858 1709 2309 1797 laudavimus,
2355 1710 2610 1783 scilicet
2655 1711 2821 1784 llar-

624 1823 784 1897 tenii
808 1880 825 1909 ,
864 1823 983 1922 qui
1019 1823 1310 1896 referens
1344 1823 1694 1910 rationem,
1736 1850 1870 1923 qua
1904 1824 2222 1898 celebrari
2256 1825 2635 1921 coniugium
2669 1849 2823 1897 con·

623 1938 888 2024 suevit,
943 1938 1222 2012 scribit:
1276 1968 1312 2007 α
1344 1939 1718 2013 Constituto
1766 1941 1852 2013 ad
1901 1939 2332 2015 celebrandas
2392 1941 2655 2038 nuptias
2704 1938 2819 2010 die

625 2052 1048 2140 adveniente,
1104 2078 1394 2153 sponsus
1443 2068 1509 2127 et
1555 2080 1805 2154 sponsa
1850 2053 2286 2127 benedicendi
2325 2079 2365 2126 a
2400 2052 2810 2152 parentibus,

625 2184 741 2241 aut
766 2168 1247 2268 paranymphis
1275 2168 1685 2242 sistebantur
1708 2169 2033 2243 sacerdoti
2051 2169 2136 2241 ad
2156 2171 2384 2267 portas
2401 2168 2811 2241 ecclesiae...

623 2282 902 2370 Deinde,
933 2283 1110 2357 datis
1148 2283 1277 2356 sibi
1313 2300 1541 2357 mutuo
1574 2283 1850 2371 dextris,
1882 2283 2186 2380 exigebat
2215 2284 2303 2356 ab
2334 2283 2636 2381 utrisque
2659 2307 2822 2356 con-

624 2423 940 2484 sensum,
997 2399 1067 2472 in
1115 2424 1251 2498 quo
1299 2415 1501 2474 totam
1551 2400 1946 2472 sacramenti
1999 2399 2398 2473 matrimonii
2459 2399 2820 2471 essen-tiam

623 2512 1031 2611 reponebant
1076 2514 1356 2613 antiqui.
1406 2513 1714 2587 Inaudita
1763 2514 2027 2645 quippe
2061 2513 2241 2613 apud
2291 2539 2406 2588 eos
2457 2513 2643 2588 erant
2703 2512 2820 2587 illa

622 2628 824 2702 verba
888 2628 1203 2726 parochi:
1257 2629 1398 2725 qu
1457 2655 1571 2701 vos
1634 2630 1947 2727 coniwn'qo
1995 2632 2067 2701 in
2122 2632 2369 2702 nomine
2420 2631 2643 2702 Patris
2692 2644 2808 2701 etc.

626 2743 697 2812 in
762 2741 1009 2840 quibus
1072 2742 1280 2841 aliqui
1353 2768 1434 2815 ex
1506 2744 1985 2817 recentioribus
2052 2743 2473 2817 scholasticis
2545 2745 2819 2818 formam

623 2854 828 2927 huius
867 2858 1263 2930 sacramenti
1299 2858 1746 2944 constituunt,
1787 2884 1963 2958 quae
1997 2859 2216 2932 tamen
2251 2858 2718 2931 desiderantur
2745 2858 2815 2929 in

623 2969 888 3045 duobus
938 2971 1239 3071 antiquis
1293 2972 1647 3047 ritualibus
1686 2999 1850 3047 mss.
1889 2973 2231 3047 beccensis
2280 2973 2703 3058 monasterii,
2749 2972 2821 3044 in

623 3083 990 3182 pontificali
1018 3085 1350 3160 rhemensi
1379 3112 1703 3161 annorum
1733 3089 1927 3173 300.;
1955 3087 2025 3158 in
2051 3087 2323 3186 antiquo
2349 3085 2569 3159 rituali
2596 3085 2827 3160 bituri-

620 3200 804 3272 censi
844 3215 911 3274 et
944 3199 1013 3272 in
1058 3199 1209 3274 aliis
1260 3227 1432 3301 pene
1479 3202 1827 3289 omnibus,
1868 3227 2042 3300 quae
2072 3228 2116 3275 a
2150 3200 2342 3275 nobis
2377 3216 2606 3299 postea
2636 3199 2824 3271 exhi-

621 3313 989 3389 bebuntur:
1044 3314 1291 3414 quibus
1340 3316 1702 3415 adiungere
1753 3341 2104 3416 possemus
2151 3315 2649 3388 constitutiones
2708 3314 2824 3385 Ri-

620 3428 855 3502 chardi
879 3430 1180 3529 episcopi
1201 3431 1435 3505 Sarum
1466 3435 1618 3527 (an.
1653 3434 1858 3504 1217.
1886 3432 2103 3506 editae
2119 3436 2448 3530 cap.56.)
2477 3434 2548 3505 in
2567 3431 2822 3531 quibus

621 3543 789 3618 haec
835 3545 1023 3643 lego:
1063 3546 1226 3619 Item
1265 3549 1704 3645 praecipimus
1752 3548 1922 3646 quod
1966 3547 2322 3621 sacerdotes
2368 3548 2637 3620 doceam
2675 3573 2822 3645 per·

619 3681 811 3730 sonas
860 3660 1296 3732 contrahentes
1345 3661 1507 3731 hanc
1555 3662 1833 3759 somam
1869 3663 2204 3735 verborum
2237 3664 2307 3734 in
2337 3662 2578 3760 qallt'co
2611 3662 2717 3733 vel
2747 3663 2820 3733 in

618 3772 911 3867 anqlt'co:
955 3774 1097 3872 qu
1143 3773 1236 3849 N.
1279 3776 1525 3873 accipio
1561 3791 1619 3848 te
1652 3775 1741 3848 N.
1772 3779 1844 3848 in
1873 3778 2102 3849 meam,
2142 3776 2462 3849 Similiter
2491 3791 2553 3849 et
2587 3777 2819 3848 mutter

758 4043 860 4106 (26)
890 4044 1012 4097 thid.
1033 4050 1125 4098 art.
1151 4056 1193 4099 ι.
1216 4061 1265 4100 n.
1293 4054 1340 4100 ι.
1363 4053 1435 4100 En
1455 4051 1561 4102 eius
1582 4051 1754 4102 verba:
1779 4050 1917 4100 «Etsi
1939 4050 2249 4099 matrimonia
2268 4061 2298 4099 a
2318 4048 2484 4099 liberis
2503 4047 2720 4111 personis
2749 4046 2813 4095 le·

609 4121 776 4184 §time
792 4121 915 4172 tutta
934 4126 1167 4188 receperit
1185 4141 1374 4193 suuper
1392 4130 1767 4194 probaret-itque
1784 4128 2006 4191 ecdesia,
2018 4130 2288 4192 tamquam
2303 4140 2432 4179 vera
2447 4130 2498 4179 et
2512 4123 2819 4176 indubitata

610 4205 968 4253 sacramenta.-
989 4205 1140 4268 ipsius
1160 4209 1322 4259 tamen
1338 4210 1633 4261 desiderium
1649 4210 1759 4274 mit,
1776 4212 1831 4261 ut
1847 4209 2043 4260 nonnisi
2058 4208 2194 4272 virgo
2214 4208 2389 4272 virgini
2407 4208 2658 4258 nuberet.»
2669 4209 2813 4257 Num.

614 4283 777 4331 autem
805 4285 851 4331 7.
871 4281 1036 4333 addit:
1064 4303 1087 4326 «
1104 4286 1267 4336 Tertia
1295 4288 1514 4339 condltio
1546 4289 1805 4340 viduarum
1841 4289 2150 4340 matrimonia
2180 4289 2567 4339 contrastantium
2586 4288 2691 4338 ent
2702 4288 2813 4349 prt-

613 4365 755 4413 vatto
773 4360 1135 4415 benedtcttonts
1159 4365 1415 4429 nuptiales
1427 4404 1443 4429 ,
1467 4380 1594 4430 quae
1614 4368 1730 4432 ipsis
1749 4381 1778 4418 a
1796 4367 2044 4420 nwdote
2063 4380 2161 4419 non
2183 4367 2594 4432 impertiebatur.»
