3276 5083
610 412 747 490 100
993 433 1116 488 un.
1160 433 1205 481 1.
1250 432 1423 490 secr.
1466 433 1511 481 1.
1554 432 1634 482 nr
1686 432 1946 488 uram.
1990 431 2416 488 saumuro.

606 549 1062 630 honestandas
1112 550 1378 650 nuptias
1426 575 1618 630 sacro
1669 549 1820 630 ritu.
1871 549 2133 630 Etenim
2151 606 2167 637 ,
2222 565 2291 632 et
2340 575 2463 624 nos
2512 551 2822 640 fatemur,

605 668 741 746 imo
773 683 839 741 et
871 665 1338 750 contendimus
1385 665 1738 746 ecclesiam
1790 691 2054 765 semper
2099 664 2536 742 abhorruisse
2578 694 2623 740 a
2669 694 2831 742 con-

607 782 813 880 iugiis
879 781 1353 868 clandestinis,
1425 808 1602 880 quae
1651 781 1801 881 ipsa
1850 807 2214 881 numquam
2267 807 2399 855 non
2452 783 2835 881 reprobavit

606 912 945 996 Qquam
981 896 1365 993 illegitima,
1406 897 1714 995 adeoque
1731 896 2163 975 constituisse
2186 895 2432 993 iugiter
2452 912 2527 972 ut
2552 900 2833 997 nuptiae

605 1011 1009 1084 christianae
1042 1010 1113 1081 in
1148 1009 1318 1088 facie
1351 1009 1682 1086 ecclesiae
1727 1009 2243 1096 celebrarentur,
2301 1034 2381 1088 ac
2423 1009 2556 1088 ritu
2588 1037 2785 1088 sacro
2806 1069 2824 1098 ‚

606 1124 998 1225 praesertim
1041 1150 1199 1199 vero
1233 1123 1699 1198 benedictione
1752 1124 2146 1204 sacerdotali
2194 1125 2825 1214 condecomentur,

605 1254 672 1316 et
704 1253 1191 1322 sacramentum
1240 1263 1321 1312 ea
1365 1263 1503 1336 qua
1546 1263 1669 1335 par
1717 1253 1822 1311 est
1869 1237 2218 1314 sanctitate
2265 1238 2789 1318 circumdaretur
2809 1299 2825 1328 ,

605 1371 807 1453 atque
823 1354 1023 1438 etiam
1049 1352 1289 1428 certior
1311 1352 1599 1452 ipsamet
1624 1352 1818 1434 fieret,
1831 1352 1916 1428 de
1930 1352 2096 1428 inito
2119 1353 2429 1452 coniugio
2454 1355 2539 1428 ad
2565 1382 2833 1435 onmem

604 1467 904 1549 fraudem
944 1466 1491 1566 praecavendam.
1539 1469 1830 1544 Necesse
1881 1467 2161 1566 proinde
2211 1468 2379 1544 foret
2410 1486 2486 1546 ut
2516 1496 2604 1548 ea
2633 1471 2836 1546 affer-

609 1596 838 1654 rentur
863 1580 1283 1667 documenta,
1319 1580 1595 1680 quibus,
1629 1581 1736 1664 sin
1765 1580 1988 1658 minus
2006 1580 2304 1670 disertis,
2343 1582 2567 1660 verbis
2596 1583 2836 1661 saltem

605 1694 1189 1793 aequivalentibus
1210 1753 1227 1782 ,
1304 1695 1655 1800 patefieret
1718 1695 1971 1794 requiri
2031 1696 2443 1776 saoerdotem
2494 1715 2831 1798 tamquam

604 1809 991 1908 nuptiarum
1049 1810 1426 1892 ministrum
1462 1868 1478 1898 ‚
1553 1811 1838 1909 eiusque
1899 1811 2432 1888 benedictionem
2485 1829 2827 1914 tamquam

605 1922 886 2000 formam
938 1923 1025 1996 ad
1076 1939 1567 1999 sacramentum
1617 1925 2134 2000 conficiendum.

752 2039 893 2112 lam
926 2065 1081 2114 vero
1115 2064 1205 2112 ne
1235 2066 1443 2116 unum
1477 2039 1754 2139 quidem
1789 2066 1870 2116 ex
1907 2056 2021 2126 tot,
2054 2066 2228 2139 quae
2262 2040 2509 2116 adduci
2557 2067 2833 2116 consue-

605 2171 845 2236 verunt
875 2154 1291 2239 documentis
1311 2212 1327 2244 ,
1358 2181 1442 2232 ex
1466 2155 1579 2254 pia
1602 2155 1997 2255 antiquitate
2020 2172 2126 2230 est
2146 2211 2162 2244 ,
2196 2156 2379 2256 quod
2404 2157 2508 2231 vel
2536 2157 2834 2233 insinuet

606 2268 679 2346 id
726 2268 1076 2370 quod'sihi
1104 2268 1335 2352 ,Canus
1389 2268 1809 2368 proh-andum
1859 2269 2228 2370 proposuit.
2261 2269 2541 2344 Etiamsi
2590 2296 2836 2369 magno

606 2408 883 2460 numero
932 2383 1080 2482 ipse
1131 2382 1423 2461 attulerit
1479 2382 1911 2480 allegationes
1958 2409 2042 2466 ex
2089 2382 2381 2456 Gratiani
2442 2386 2832 2482 praesertim

601 2496 909 2583 Βουναία
949 2514 1168 2570 tamen
1203 2497 1384 2571 haud
1423 2497 1691 2584 dubito,
1735 2497 1900 2596 quin
1936 2498 1995 2571 si
2032 2495 2255 2575 Canus
2304 2498 2540 2573 sedulo
2582 2526 2832 2600 expen-

602 2611 817 2684 disset
849 2637 928 2685 ae
962 2612 1031 2682 in
1068 2613 1358 2710 propriis
1411 2613 1708 2691 sontibus
1751 2614 2152 2691 documenta
2180 2614 2297 2689 illa
2331 2615 2826 2713 perh-nasset,

602 2748 922 2823 umquam
973 2725 1204 2799 fidenti
1254 2726 1423 2799 adeo
1473 2727 1697 2803 animo
1743 2753 1823 2801 ea
1868 2755 1986 2828 pro
2038 2755 2163 2802 sua
2215 2731 2548 2805 sententia
2594 2731 2836 2807 suisset

603 2839 953 2919 allaturus.
1000 2839 1193 2926 Quod
1235 2858 1310 2919 ut
1353 2867 1476 2916 nos
1525 2842 1933 2931 efficiamus,
1983 2843 2379 2919 documenta
2427 2846 2697 2943 singula
2744 2844 2833 2921 le'·

604 2953 904 3052 gentium
954 2954 1167 3029 oculis
1221 2956 1698 3045 subiiciemus‚
1763 2975 1837 3033 ut
1891 2985 2012 3057 per
2066 2982 2143 3032 se
2201 2959 2304 3041 vel
2355 2960 2487 3060 ipsi
2535 2960 2833 3036 iudicent

603 3086 804 3171 atque
852 3078 1278 3169 experiantur
1327 3097 1554 3151 eorum
1581 3131 1597 3160 ,
1652 3100 1826 3172 quae
1875 3073 2395 3161 affirmavimus,
2451 3077 2823 3153 veritatem.

752 3182 946 3273 Quod
981 3201 1336 3285 antequam
1373 3186 1692 3274 efficiam,
1727 3187 1810 3261 ad
1837 3188 1973 3261 vim
2006 3188 2367 3265 universim
2405 3188 2823 3279 elevandam,

605 3298 741 3371 imo
783 3298 1141 3372 tollendam
1184 3300 1448 3398 penitus
1485 3300 1571 3373 ab
1606 3301 1714 3374 his
1749 3301 2060 3377 omnibus
2096 3303 2532 3390 testimoniis,
2563 3329 2643 3375 ex
2676 3304 2835 3404 qui-

602 3412 731 3486 bus
782 3414 1001 3511 arguit
1050 3413 1273 3487 Canus
1326 3440 1445 3513 pro
1497 3440 1620 3486 sua
1672 3415 2040 3502 sententia,
2100 3417 2341 3489 iuverit
2388 3416 2696 3516 generale
2728 3417 2832 3491 vi-

605 3528 770 3601 tium
806 3529 874 3601 in
910 3529 1056 3602 eius
1091 3528 1660 3625 argumentatione
1712 3530 1997 3628 aperire.
2042 3531 2194 3630 lpse
2229 3532 2431 3628 igitur
2464 3561 2597 3607 non
2634 3549 2834 3630 negat

599 3644 943 3717 veritatem
976 3660 1042 3716 et
1073 3643 1364 3716 valorem
1412 3643 1846 3731 matrimonii,
1889 3645 1997 3717 cui
2036 3671 2168 3717 non
2215 3646 2664 3733 benedicitur,
2708 3647 2829 3721 sed

602 3773 800 3853 negat
857 3757 1023 3831 illud
1075 3783 1229 3831 esse
1280 3770 1822 3845 sacramentum3
1890 3758 2148 3858 quippe
2210 3759 2478 3835 nonnisi
2545 3761 2832 3859 officium

602 3868 982 3956 humanm,
1024 3889 1103 3947 ut.
1132 3888 1354 3971 patres
1390 3871 1572 3971 loqui
1611 3872 1847 3948 solent.
1884 3873 2061 3958 Quin
2105 3873 2306 3947 etiam
2346 3874 2444 3947 sic
2477 3900 2832 3971 argumen-

600 3998 813 4056 tatur:
872 3986 1300 4060 manisestum
1349 4004 1487 4074 est,
1542 3987 1964 4063 matrimonia
1990 4045 2007 4073 ,
2047 4014 2225 4086 quae
2256 3988 2343 4061 ab
2377 3988 2486 4063 his
2523 3988 2831 4087 patribus

599 4096 736 4170 sere
788 4099 1315 4197 aequiparantur
1364 4101 1707 4177 adulteriis
1733 4159 1749 4187 ,
1792 4127 1922 4177 non
1959 4128 2112 4179 esse
2149 4094 2600 4190 sacramenta3
2642 4103 2830 4202 atqui

597 4213 667 4286 in
720 4228 983 4312 patrum
1026 4217 1413 4293 eorumdem
1465 4216 1794 4291 sententia
1845 4217 2030 4290 fuere
2077 4217 2304 4295 valida
2353 4217 2818 4302 matrimonia;

596 4352 753 4424 ergo
778 4327 1299 4415 matrimonium,
1321 4330 1502 4428 quod
1530 4356 1662 4404 non
1693 4330 1783 4403 sit
1806 4347 2324 4420 sacramentum,
2348 4331 2645 4409 validum
2671 4357 2827 4409 esse
