3276 5083
647 450 787 521 234
1029 473 1149 522 m.
1194 471 1240 522 ι.
1283 472 1453 521 sacr.
1500 472 1759 524 urana.
1803 471 1880 521 ot
1933 470 2210 529 aarum:
2238 470 2460 527 mmm.

643 586 804 663 ralis
861 589 1233 664 honestatis
1283 614 1558 663 sensum
1608 605 1900 677 exuant,
1964 601 2187 690 atque·
2228 588 2650 686 coniugalem
2702 615 2863 664 con-

643 706 1048 779 iunctionem
1081 706 1277 779 unice
1322 718 1621 806 spectent
1664 722 2002 806 tamquam
2055 720 2466 780 contractum
2510 704 2860 803 profanum

641 823 728 896 ad
777 821 1178 921 explendam
1230 820 1582 895 libidinem
1634 822 2127 896 institutum..
2179 870 2231 896 -,.

786 936 1057 1011 Accedit
1083 937 1262 1038 quod
1289 937 1413 1023 illi,
1445 938 1563 1037 qui
1591 937 1924 1011 eiusmodi
1951 936 2220 1010 foedera
2238 880 2615 1034 nuptialia
2598 952 2854 1023 meunt,

643 1052 814 1124 utin
842 1052 928 1125 iis
956 1051 1219 1137 sistant,
1256 1078 1473 1150 neque
1497 1050 1584 1125 de
1608 1050 1986 1125 renovando
2008 1056 2341 1124 consensu
2368 1051 2438 1122 in
2466 1050 2636 1124 facie
2661 1050 2865 1124 eccle-

644 1166 1268 1241 siaesollicitudine
1299 1167 1438 1239 ulla
1471 1184 1790 1265 urgentur
1815 1225 1829 1253 ,
1871 1192 2021 1240 cum
2067 1166 2203 1238 sint
2245 1166 2546 1238 homines
2582 1190 2857 1265 prorsus

644 1283 1001 1381 irreligiosi
1029 1283 1348 1382 vitiisque
1373 1283 1634 1369 irretiti,
1660 1308 1738 1355 ac
1756 1282 2031 1382 proinde
2059 1281 2311 1354 nullam
2342 1280 2856 1354 sollicitudinem

644 1415 885 1496 gerunt
908 1397 993 1470 de
1021 1396 1243 1469 futura
1264 1397 1424 1484 vita,
1452 1396 1536 1470 ad
1564 1423 1764 1496 quam
1791 1412 1906 1468 aut
1935 1422 2106 1483 rar0,
2133 1410 2247 1468 aut
2272 1394 2648 1468 nullatenus
2678 1421 2862 1468 men-

647 1528 778 1586 tem
839 1526 1250 1584 convertunt.
1293 1511 1458 1582 Nam
1500 1508 1804 1610 alioquin
1856 1535 2221 1609 numquam
2255 1535 2329 1581 se
2364 1508 2479 1580 illo
2528 1504 2859 1613 coniugali

647 1627 826 1701 civili
863 1642 1202 1699 contractu
1237 1624 1595 1722 illigatam,
1629 1653 1826 1726 quem
1863 1627 2110 1726 optime
2143 1640 2385 1698 norunt
2426 1651 2466 1696 a
2499 1624 2862 1697 christiana

646 1741 968 1839 religione
1010 1740 1351 1839 reprobari
1373 1797 1389 1826 ‚
1432 1766 1555 1813 nec
1589 1767 1790 1841 posse
1821 1766 2229 1840 quemquam
2264 1740 2412 1813 sine
2444 1742 2628 1836 gravi
2668 1738 2861 1838 culpa

648 1855 837 1929 illum
891 1854 1095 1940 inire,
1143 1880 1224 1928 ac
1276 1855 1346 1927 in
1397 1880 1477 1928 eo
1527 1853 1672 1929 solo
1721 1881 2134 1953 permanere.-
2177 1856 2387 1927 lmmo
2429 1870 2495 1927 et
2536 1853 2702 1925 illud
2746 1879 2864 1928 no-

647 1985 823 2056 runt,
862 1995 986 2043 nec
1018 1967 1296 2066 legitimi
1332 1982 1709 2042 contractus
1760 1968 2081 2043 rationem
2122 1966 2271 2041 illas
2305 1966 2555 2064 legales
2598 1967 2862 2065 nuptias

649 2083 931 2171 habere,
975 2084 1093 2158 sed
1137 2083 1334 2158 unice
1383 2109 1535 2158 esse
1583 2108 1987 2157 consensum
2033 2083 2119 2156 ad
2168 2082 2523 2159 vivendum
2576 2083 2644 2154 in
2689 2097 2863 2155 statu

645 2198 971 2273 habituali
1041 2198 1526 2274 concubinatus
1577 2215 1644 2273 et
1694 2197 2152 2274 fornicationis
2213 2198 2356 2274 sive
2407 2197 2490 2269 ad
2544 2213 2807 2295 tempus
2841 2254 2857 2282 ‚

646 2317 790 2390 sive
828 2315 899 2387 in
937 2329 1354 2413 perpetuum.
1393 2314 1580 2400 Quae
1629 2314 1927 2415 profecto
1967 2314 2324 2413 dispositio
2367 2313 2662 2385 animum
2712 2312 2866 2387 reli-

647 2432 907 2527 giosum
936 2456 1013 2502 ac
1041 2429 1125 2501 de
1153 2430 1421 2529 propria
1458 2430 1674 2503 salute
1717 2430 1989 2502 anxium
2025 2430 2301 2502 minime
2336 2428 2578 2528 prodit.
2615 2427 2865 2527 Ecquis

647 2571 842 2645 porro
892 2544 1136 2618 dixerit
1182 2545 1510 2620 eiusmodi
1558 2545 1868 2619 homines
1909 2546 2116 2619 vitam
2152 2544 2397 2618 ducere
2431 2544 2514 2617 ad
2561 2544 2865 2645 publicae

649 2660 1015 2734 honestatis
1068 2685 1365 2732 normam
1416 2662 1857 2758 compositam
1885 2659 1922 2731 P

797 2777 1139 2848 Praeterea
1162 2775 1282 2874 qui
1319 2775 1412 2846 ita
1436 2791 1663 2872 agunt,
1706 2775 1777 2846 in
1812 2775 2107 2847 omnium
2147 2775 2373 2849 oculos
2414 2774 2609 2847 facile
2645 2774 2867 2847 incur·

648 2906 837 2977 runt,
902 2888 1068 2962 adeo
1117 2904 1189 2962 ut
1240 2889 1440 2962 etiam
1490 2890 1753 2985 magnis
1816 2890 1885 2960 in
1943 2889 2223 2962 urbibus
2267 2888 2381 2961 ubi
2435 2888 2700 2961 facilius
2763 2905 2867 2962 est

648 3032 723 3077 se
789 3020 1048 3102 tegere,
1103 3020 1323 3079 tamen
1391 3031 1542 3078 cum
1607 3021 1674 3077 et
1730 3019 2044 3101 cognatos
2097 3020 2165 3077 et
2221 3003 2472 3076 amicos
2530 3002 2860 3089 habeant,

650 3119 996 3219 paullatim
1050 3119 1338 3221 publice.
1378 3120 1826 3195 innotescunt.
1887 3121 1954 3191 Si
2011 3145 2168 3194 vero
2217 3119 2301 3191 de
2365 3118 2586 3218 parvis
2634 3134 2869 3215 agatur

648 3235 973 3336 urbibus,
1014 3234 1101 3308 de
1135 3235 1404 3336 oppidis
1447 3235 1666 3334 deque
1706 3234 1981 3322 villulis,
2029 3236 2099 3307 in
2142 3234 2391 3334 quibus
2426 3232 2682 3306 incolae
2716 3258 2866 3306 sese

651 3351 938 3424 invicem
966 3377 1049 3423 ex
1084 3352 1354 3424 nomine
1389 3367 1779 3449 agnoscunt,
1819 3349 2236 3451 impossibile
2269 3348 2542 3422 omnino
2566 3347 2737 3446 ipsis
2765 3364 2869 3421 est

647 3465 850 3540 latere
900 3491 979 3539 ac
1035 3466 1383 3539 infamiam
1435 3465 1774 3567 publicam
1825 3465 2141 3562 effugere.
2186 3463 2405 3549 Quum
2456 3477 2703 3548 autem,
2744 3488 2869 3562 pu-

647 3579 809 3655 dore
845 3581 1026 3656 omni
1072 3579 1356 3666 abiect0‚
1418 3606 1566 3653 eam
1617 3578 2164 3679 contempserint,
2219 3603 2299 3651 eo
2348 3576 2589 3650 melius
2640 3575 2869 3675 depre-

650 3694 1027 3769 hendentur
1068 3694 1300 3768 ferinis
1338 3720 1453 3768 eos
1497 3721 1648 3769 esse
1688 3694 1984 3768 moribus
2036 3717 2116 3766 ac
2166 3690 2503 3790 publicam
2556 3692 2871 3765 honesta-

654 3827 784 3882 tem
819 3809 1174 3885 abiecisse.

794 3927 1080 4027 Insuper
1129 3951 1324 3999 nemo
1377 3928 1718 4024 negaverit
1758 3925 2101 4026 publicum
2136 3921 2529 3999 scandalum
2564 3919 2873 4022 publicae

649 4039 920 4114 officere
947 4041 1305 4128 honestati,
1330 4041 1624 4142 aliisque
1647 4068 1885 4116 ansam
1914 4039 2232 4140 praebere
2257 4039 2626 4140 pessimum
2652 4062 2873 4111 exem·

652 4155 834 4256 plum
875 4157 1210 4231 imitandi.
1246 4157 1402 4231 Tale
1427 4173 1649 4233 autem
1679 4155 2071 4232 scandalum
2108 4154 2487 4230 necessario
2524 4153 2866 4255 praebent,

647 4273 792 4371 qui,
841 4272 1222 4373 posthabita
1256 4274 1580 4349 ecclesiae
1615 4274 1787 4372 lege,
1831 4273 2100 4349 fictitias
2133 4272 2367 4348 civiles
2403 4272 2674 4370 nuptias
2722 4294 2875 4342 con·

655 4387 928 4461 trahunt
969 4446 985 4475 ,
1059 4414 1137 4460 ac
1196 4404 1450 4461 ceteros
1510 4389 1705 4462 facile
1764 4405 2149 4489 permovent
2210 4386 2505 4485 pessimo
2572 4381 2873 4483 exemplo
