3276 5083
776 480 913 529 m.
958 481 1027 530 u.
1074 481 1151 529 nr:
1202 475 1518 530 uimsrno.
1566 483 1704 531 Aur.
1750 483 1843 532 111.
1888 483 2227 534 cononis.
2509 465 2588 534 81

381 615 585 701 prout
618 598 704 671 ah
736 597 1121 671 alterutrius
1171 599 1542 672 sententiae
1593 601 1891 698 patronis
1941 601 2012 671 in
2063 601 2353 674 medium
2405 604 2607 678 allata

378 730 563 789 sunt.
622 713 1016 787 Constanter
1061 729 1279 787 autem
1329 715 1752 788 exordiemur
1777 742 1818 788 a
1842 715 2201 791 Melchiore
2234 717 2447 804 Cano,
2489 721 2605 818 qui

381 830 752 902 sententiae
774 827 862 900 de
887 828 1230 901 sacerdote
1264 829 1665 902 sacramenti
1691 830 2096 903 matrimonii
2119 831 2428 905 ministro
2465 860 2607 932 pro-

382 959 825 1043 pugnatorum
855 967 1094 1038 agmen
1121 941 1330 1014 ducit.
1350 943 1775 1039 Argumentis
1810 959 2029 1017 autem
2056 944 2306 1018 a-Cano
2332 945 2610 1045 prolatis

382 1084 463 1131 ea
502 1057 933 1144 adiiciemus,
976 1048 1151 1156 quae
1183 1058 1271 1131 ab
1305 1058 1458 1131 aliis
1493 1058 1738 1132 deinde
1771 1060 2139 1156 excogitata
2173 1075 2350 1133 sunt.
2394 1061 2607 1132 Simili

379 1172 638 1246 ratione
707 1187 1101 1268 argumenta
1152 1199 1233 1244 ex
1282 1171 1517 1246 ordine
1544 1223 1549 1228 Α
1580 1169 1992 1272 proferemus
2042 1167 2128 1247 et*
2155 1175 2608 1274 expendemus

381 1311 510 1383 pro
562 1286 791 1360 altera‘
819 1287 1181 1372 sententia,
1239 1312 1412 1384 quae
1462 1281 1928 1360 contrahentes
1993 1288 2186 1362 docet
2232 1316 2384 1363 esse
2433 1289 2612 1390 chri-

382 1401 587 1475 stiani
636 1400 1039 1477 matrimonii
1104 1402 1469 1476 ministros.

1244 1619 1569 1676 CAPUT
1613 1620 1769 1674 111.

536 1782 916 1834 anonumum
968 1784 1372 1834 finitumus
1423 1787 1539 1835 PRO
1592 1787 1932 1835 SENTENTIA
1983 1789 2061 1836 DE
2113 1787 2464 1837 SAcanorss

952 1880 1304 1932 culusum!
1356 1883 1731 1933 uunmoml
1784 1884 2074 1934 umlsrno

1251 2034 1676 2092 ARTICULUS
1703 2037 1749 2092 1.

1175 2168 1530 2245 Argumenta
1586 2169 1828 2229 Bibllca.

539 2315 633 2387 Ac
681 2317 889 2414 primo
936 2315 1208 2414 quidem
1257 2315 1438 2413 quod
1491 2329 1746 2414 spectat
1780 2314 1865 2386 ad
1903 2329 2292 2411 argumenta
2324 2313 2604 2400 biblica,

397 2432 641 2504 frustra
698 2447 800 2503 est
848 2431 935 2503 ab
985 2430 1186 2503 huius
1236 2430 1603 2503 sententiae
1661 2444 1991 2503 assertore
2036 2429 2220 2502 Cano
2269 2453 2612 2502 sacrarum

392 2545 757 2620 litterarum
780 2596 785 2601 -
812 2545 1188 2619 testimonia
1254 2570 1611 2643 quaerere;
1683 2570 1889 2643 quum
1943 2569 2027 2616 ne
2073 2569 2284 2617 unum
2341 2543 2612 2643 quidem

390 2661 880 2760 Scripturarum
916 2660 1133 2733 locum
1178 2660 1265 2732 ab
1299 2684 1379 2732 eo
1414 2659 1689 2732 allatum
1739 2659 2107 2732 invenerim
2128 2717 2143 2745 ,
2183 2686 2262 2732 ex
2297 2662 2431 2758 quo
2469 2661 2617 2757 ipse

391 2777 789 2849 sententiam
834 2800 1027 2846 suam
1058 2774 1167 2847 vel
1204 2774 1505 2848 hauserit
1554 2774 1804 2873 primo,
1858 2774 1964 2848 vel
2013 2774 2418 2848 deducendo·
2455 2774 2615 2848 con-

395 2889 708 2960 firmarit.

531 3003 773 3076 Verum
806 3003 985 3101 quod
1023 3002 1244 3076 Canus
1281 3029 1414 3077 non
1449 3002 1682 3089 habet,
1727 3003 1794 3074 id
1832 3003 2226 3076 invenerunt
2250 3004 2610 3103 scriptores

396 3119 824 3204 recentiores,
867 3118 982 3217 qui
1019 3116 1182 3191 Cani
1219 3118 1611 3191 sententiam
1650 3118 1912 3217 sequuti
1952 3132 2132 3189 sunt.
2168 3119 2335 3190 Nam
2372 3131 2611 3212 urgent

395 3235 530 3307 fere
562 3259 798 3307 omnes
841 3231 1137 3329 theologi
1180 3232 1385 3305 huius
1420 3234 1788 3306 sententiae
1824 3232 2119 3331 patroni,
2159 3231 2340 3329 quod
2378 3231 2620 3326 legitur

400 3349 453 3419 1.
483 3348 632 3421 Cor.
668 3349 771 3419 lv,
809 3350 876 3419 1.
917 3348 1084 3420 «Sic
1116 3374 1239 3422 nos
1274 3349 1606 3422 existimet
1637 3347 1838 3420 homo
1864 3363 1939 3419 ut
1967 3347 2308 3420 ministros
2335 3345 2612 3430 Christi,

400 3476 470 3534 et
513 3461 980 3559 dispensatores
1027 3467 1481 3561 mysteriorum
1516 3465 1662 3535 Dei.
1680 3494 1714 3532 »
1746 3465 1885 3534 lam
1918 3488 2076 3534 vero
2094 3519 2110 3547 ,
2153 3460 2379 3546 aiunt,
2425 3486 2616 3532 nemo

404 3590 512 3647 est
548 3575 661 3674 qui
703 3575 964 3648 dubitet
1014 3576 1144 3649 hac
1185 3576 1414 3675 phrasi
1463 3580 1917 3676 mysteriorum
1963 3575 2091 3647 Dei
2135 3574 2473 3670 designari
2524 3600 2625 3645 sa-

398 3705 727 3762 cramenta
775 3715 985 3765 novae
1035 3691 1253 3787 legis3
1310 3716 1461 3763 cum
1512 3691 1713 3788 igitur
1763 3690 2000 3763 horum
2054 3704 2620 3762 sacramentorum

398 3803 764 3876 universim
803 3804 1181 3878 sacerdotes
1219 3804 1305 3877 ab
1339 3805 1657 3904 Apostolo
1701 3820 1928 3903 aperte
1975 3804 2476 3902 dispensatores
2512 3829 2626 3901 ap-

398 3918 762 4018 pellentur,
822 3944 1242 4019 consequens
1283 3936 1421 4005 est,
1475 3936 1552 3993 ut
1600 3917 2165 4018 quemadmodum
2213 3935 2617 4003 ceterorum,

401 4034 495 4107 ita
544 4050 614 4106 et
657 4034 1061 4107 sacramenti·
1108 4034 1512 4107 matrimonii
1565 4032 1881 4106 sacerdos
1931 4031 2359 4130 dispensator
2391 4032 2520 4118 sit,
2560 4048 2627 4103 et

404 4149 736 4222 minister.
788 4200 791 4205 -
844 4206 849 4209 .

547 4264 686 4338 lmo
718 4263 1091 4336 Marianum
1115 4263 1494 4363 Dobmayer
1526 4261 1967 4335 affirmantem
2004 4260 2316 4358 legimus,
2357 4276 2626 4334 senten-

400 4380 597 4466 tiam,
653 4405 830 4479 quae
880 4378 1290 4453 sacerdotem
1344 4378 1742 4453 sacramenti
1793 4377 2195 4451 matrimonii
2246 4375 2625 4449 ministrum

2505 4523 2540 4574 6
