3276 5083
639 436 775 507 228
1040 458 1162 507 ιιιι.
1205 458 1251 506 1.
1293 457 1464 506 suc-r.
1508 457 1765 507 uram.
1808 457 1887 506 ns
1921 456 2183 507 nram.
2223 456 2434 506 amu.

635 579 966 674 timosque
1014 588 1392 647 contractus
1442 573 1672 647 civiles
1721 573 2158 647 connubiales
2180 631 2195 660 ,
2237 600 2317 647 ac
2349 574 2634 648 divortia
2683 601 2838 649 san-

631 690 768 763 cire
816 687 942 761 sub
991 687 1318 786 appositis
1365 685 1860 760 conditionibus
1910 689 2087 783 (33);
2137 687 2372 761 eodem
2423 689 2568 760 iure
2594 746 2610 774 ,
2660 689 2718 763 si
2770 690 2835 763 id

631 803 944 902 expedire
976 801 1368 875 iudicaverit
1394 802 1691 875 societati
1718 859 1734 887 ‚
1777 801 1903 874 sub
1936 801 2274 876 nonnullis
2310 803 2831 891 conditionibus,

630 932 747 990 aut
801 915 1107 990 absolute
1157 915 1357 988 etiam
1390 974 1405 1002 ,
1462 915 1910 1016 polygamiam
1960 916 2326 1015 legitimam
2375 916 2714 991 declarare
2763 945 2841 992 ac

629 1032 774 1129 lege
817 1031 1103 1104 sancire.
1161 1031 1257 1104 Eo
1305 1029 1408 1103 vel
1460 1031 1678 1128 magis
1705 1088 1719 1116 ‚
1763 1031 1942 1129 quod
1979 1031 2305 1104 eiusmodi
2357 1031 2734 1132 polygamia
2767 1033 2836 1103 in

628 1146 775 1244 lege
821 1163 1133 1233 naturae,
1181 1145 1413 1219 saltem
1451 1146 1589 1219 Deo
1629 1146 2047 1245 permittente
2072 1203 2088 1233 ‚
2144 1146 2323 1244 apud
2377 1147 2829 1245 patriarchas,

629 1287 708 1335 ac
748 1260 992 1334 deinde
1042 1262 1171 1335 sub
1219 1262 1365 1359 lege
1412 1261 1707 1336 mosaica
1753 1262 2069 1358 viguerit,
2109 1279 2176 1334 et
2208 1261 2578 1361 antiquitus
2629 1289 2837 1361 penes

630 1376 770 1449 fere
821 1377 1127 1449 nationes
1176 1401 1410 1449 omnes
1448 1376 1747 1448 fueritin
1783 1402 1952 1464 usu,
2009 1389 2204 1473 prout
2251 1376 2614 1449 etiamnum
2665 1378 2837 1450 inter

629 1488 980 1565 nonnullas
1009 1506 1239 1588 gentes
1261 1548 1277 1576 ‚
1310 1489 1702 1590 praesertim
1726 1516 1884 1563 vero
1912 1489 2243 1563 islamitas
2268 1547 2283 1575 ,
2318 1491 2387 1561 in
2414 1490 2669 1564 honore
2701 1508 2826 1565 est.

627 1606 870 1677 Verum
900 1605 1083 1705 quod
1111 1605 1328 1703 pluris
1360 1605 1597 1690 refert,
1634 1604 1802 1677 illud
1829 1620 1932 1677 est
1956 1662 1972 1692 ‚
2013 1605 2195 1704 quod
2222 1621 2435 1679 aetate
2459 1605 2590 1679 hac
2615 1623 2841 1680 nostra

626 1718 801 1790 inter
845 1719 1173 1817 quasdam
1239 1720 1743 1817 protestantium
1794 1735 2011 1792 sectas
2061 1718 2488 1819 polygamiae
2537 1720 2835 1794 doctrina

627 1850 692 1907 et
742 1836 970 1932 praxis
1018 1834 1333 1909 dilatetur
1366 1861 1446 1908 ac
1480 1852 1906 1935 propagetur.
1950 1834 2140 1908 Certe
2185 1835 2649 1936 anabaptistae
2697 1839 2836 1935 pri-

627 1948 945 2047 mogeniti
969 2008 984 2037 ,
1042 1977 1163 2023 seu
1213 1951 1497 2024 maiores
1547 1968 1707 2024 natu
1775 1951 2293 2049 protestantismi
2316 2008 2331 2038 ,
2393 1951 2614 2049 palam
2667 1952 2835 2025 inter

623 2079 841 2137 cetera
888 2065 1199 2162 dogmata
1249 2091 1375 2137 sua
1423 2079 1788 2165 posuerunt
1834 2091 2114 2138 uxorum
2166 2064 2612 2163 pluralitatem
2636 2122 2652 2151 ‚
2710 2066 2835 2138 im-

622 2203 736 2251 mo
782 2194 848 2252 et
891 2180 1420 2253 communionem
1471 2205 1751 2253 uxorum
1801 2178 2011 2251 innixi
2060 2180 2440 2252 auctoritate
2494 2180 2836 2252 bibliorum

597 2319 702 2389 dex
749 2293 1081 2393 principio
1131 2294 1612 2368 fundamentali
1665 2294 2189 2393 protestantismi
2252 2296 2428 2390 (34).

765 2409 888 2482 His
950 2409 1180 2483 leviter
1228 2408 1576 2496 delibatis,
1633 2426 1960 2510 quantum
2011 2408 2267 2481 scilicet
2313 2408 2426 2482 hic
2475 2434 2645 2508 opus
2694 2427 2838 2484 erat

624 2528 815 2621 (nam
866 2553 948 2598 ex
1000 2526 1302 2624 professo
1350 2523 1479 2599 hoc
1511 2525 1597 2598 de
1631 2530 2021 2622 argumento
2080 2522 2241 2597 alibi
2305 2522 2661 2599 habebitur
2702 2553 2836 2599 ser—

575 2642 800 2733 -mo)‚
855 2640 955 2713 sic
1004 2667 1125 2738 per
1175 2656 1472 2714 nostrum
1533 2641 1912 2714 insistimus
1974 2641 2120 2713 iter.
2182 2640 2553 2714 Constituto
2625 2641 2829 2714 semel

617 2753 949 2852 principio
974 2811 990 2839 ‚
1065 2753 1244 2852 quod
1302 2755 1800 2827 matrimonium
1862 2753 2058 2828 civile
2105 2753 2253 2852 lege
2299 2754 2548 2828 sanciri
2622 2754 2839 2854 possit

620 2864 708 2937 ab
756 2868 936 2939 omni
989 2866 1334 2964 religionis
1385 2866 1791 2964 obligatione
1839 2868 2215 2953 divulsum,
2280 2868 2447 2968 quid
2506 2869 2824 2967 impedit,

616 2980 977 3080 quominus
1036 2980 1267 3053 eadem
1336 2980 1482 3078 lege
1508 3039 1524 3068 ,
1584 2997 1938 3081 postquam
1987 2982 2270 3056 divortia
2317 2983 2576 3057 sancita
2627 3000 2785 3056 sunt
2810 3040 2826 3069 ‚

617 3095 849 3168 tertius
875 3153 891 3181 ,
932 3111 1006 3167 ut
1038 3095 1133 3169 ita
1182 3094 1436 3183 dicam,
1493 3095 1741 3193 gradus
1792 3096 2278 3172 conscendatur
2309 3154 2326 3184 ‚
2385 3097 2831 3198 polygamiam

616 3210 1060 3309 permittendo
1083 3268 1098 3298 ‚
1144 3211 1203 3284 si
1240 3211 1605 3285 necessitas
1650 3213 1984 3312 postulet,
2046 3212 2455 3286 conscientia
2505 3213 2786 3286 suadeat
2806 3270 2824 3300 ,

614 3325 963 3400 tolerantia
1011 3326 1324 3424 religiosa
1372 3353 1640 3413 eorum,
1686 3329 1800 3427 qui
1845 3329 1978 3400 iam
2027 3354 2175 3400 eam
2226 3328 2623 3427 profitentur
2661 3344 2832 3400 tam-

613 3468 816 3541 quam
853 3440 985 3538 legi
1020 3441 1446 3539 evangelicae
1479 3467 1842 3516 consonam
1865 3500 1881 3530 ‚
1912 3441 2183 3539 exigat?
2206 3441 2308 3514 Ab
2332 3442 2450 3515 illa
2471 3499 2487 3529 ,
2522 3442 2826 3543 inquam,

610 3555 1032 3654 legislatione
1056 3614 1073 3643 ,
1141 3583 1316 3656 quae
1338 3614 1354 3643 ,
1381 3563 1384 3566 ’
1411 3556 1540 3630 sub
1592 3556 1867 3631 obtentu
1893 3615 1909 3643 ‚
1966 3555 2146 3655 quod
2207 3557 2449 3630 debeat
2494 3584 2535 3630 a
2586 3558 2826 3659 quavis

750 3771 852 3835 (33)
884 3774 1048 3835 Eques
1081 3770 1328 3834 Persoglio
1354 3783 1397 3821 e.
1423 3785 1471 3834 g.
1494 3772 1544 3820 in
1567 3771 1924 3835 paradigmate,
1944 3768 2078 3833 quod
2098 3771 2351 3833 proposuit
2367 3771 2489 3834 legis
2510 3771 2572 3822 de
2590 3772 2829 3822 matrimo-

608 3849 692 3898 nio
716 3850 852 3900 civili
885 3851 1157 3915 subalpinis
1187 3850 1425 3914 comitiis,
1452 3850 1578 3901 inter
1603 3853 1790 3926 ceteros
1819 3852 1868 3900 et
1897 3850 2036 3900 illum
2067 3849 2319 3901 constituit
2345 3851 2625 3913 articulum,
2647 3863 2744 3913 quo
2760 3849 2824 3899 ad

495 3929 502 3938 “
603 3931 1003 3993 prospiciendum
1033 3931 1357 3981 conscientiae
1385 3944 1573 3995 eorum,
1595 3931 1682 3994 qui
1708 3931 1892 3982 resilire
1921 3930 2102 3980 vellent
2126 3943 2156 3979 a
2187 3931 2370 3995 nuptiis
2398 3944 2564 3982 coram
2593 3931 2699 3981 solo
2728 3942 2828 3979 ma·

597 4007 806 4071 gistratu
828 4009 966 4059 civili
982 4010 1119 4060 initis
1139 4010 1204 4059 ad
1222 4008 1608 4078 contrahentium
1640 4011 1779 4060 iuxta
1807 4011 1957 4061 ritum
1988 4009 2301 4073 religiosum,
2331 4009 2539 4060 facultas
2567 4008 2709 4060 denir
2729 4006 2827 4057 dis·

604 4086 829 4136 solvendi
850 4086 1128 4149 coniugium
1142 4124 1157 4150 ,
1172 4089 1215 4137 si
1238 4087 1361 4138 altar
1373 4087 1553 4137 coniux
1576 4088 1800 4140 obsistat.
1815 4089 1893 4140 cs.
1914 4087 2156 4153 egregium
2175 4089 2467 4152 opusculum
2488 4088 2570 4139 cui
2588 4088 2666 4139 tit.
2685 4085 2830 4137 Sulla

604 4164 740 4228 leqqi
778 4165 930 4217 civili
965 4166 1061 4217 che
1095 4166 1421 4230 riquardum
1446 4167 1489 4218 tl
1512 4171 1863 4222 matrimonio.
1899 4169 2081 4219 Tou-ino
2116 4176 2252 4220 185¹.
2276 4182 2386 4232 pag.
2413 4173 2520 4219 2³⁴.
2546 4181 2598 4218 n.
2625 4174 2729 4219 168.
2755 4169 2824 4216 En

597 4241 752 4306 igitur
787 4243 1029 4295 sancitum
1069 4242 1338 4296 divortium
1378 4246 1442 4296 ab
1473 4247 1581 4311 ipsa
1611 4247 1732 4311 lege.

751 4324 852 4387 (34)
881 4325 960 4375 Cf.
976 4324 1135 4376 sudi-e
1152 4328 1290 4377 Hm.
1310 4324 1387 4378 du
1408 4331 1745 4380 comuntme.
1767 4327 1857 4378 Ed.
1876 4329 2044 4394 cinqu.
2063 4328 2314 4379 Bruxeiloe
2335 4333 2469 4378 1850.
2487 4328 2569 4378 ch.
2590 4329 2674 4378 lv.
2692 4326 2826 4376 Ana·

614 4403 862 4469 baptistes
889 4411 934 4457 2.
960 4405 1153 4470 epoque'
1176 4419 1286 4470 pag.
1313 4409 1373 4458 78
1388 4418 1491 4469 seq.
