3276 5083
555 469 693 519 cn.
719 468 777 517 1.·
796 466 940 517 sm·
963 466 1137 516 11-1113
1162 466 1461 517 vituium
1489 467 1752 521 saculi!
1778 468 1858 520 EX
1882 470 2101 522 DOCTB
2128 472 2346 524 81:1101.
2491 453 2580 523 2⁹

359 616 429 689 q
484 590 554 659 Ξ.
607 617 641 654 α
674 586 769 657 Αιι
822 586 921 656 in
946 601 1358 658 sacramento
1407 587 1811 659 matrimonii
1862 580 2270 664 conferatur
2285 592 2576 690 gra'tia‘h

362 705 604 801 Resp.:
645 731 679 770 α
706 702 933 787 Νιιιιο,
992 716 1286 828 tempore
1331 697 1498 798 legis
1547 710 1760 774 novae
1803 727 1935 775 non
1985 692 2257 786 tantum
2290 723 2585 804 praestat

368 814 539 888 illud
588 813 955 889 remedium
1028 818 1053 910 (
1093 830 1170 887 ut
1215 815 1287 886 in
1338 814 1485 911 lege
1533 816 1828 910 veteri),
1890 816 2010 889 sed
2060 808 2260 890 etiam
2309 819 2581 919 aliquod

366 930 622 1027 gratiae
669 930 922 1003 donum
972 926 1179 1024 digne
1230 926 1802 1026 suscipientibus,
1860 945 2089 1028 utpote
2137 926 2281 1018 his,
2338 934 2456 1043 qui
2504 960 2585 1007 ex

363 1046 713 1119 charitatis
744 1070 1101 1119 ¹consensu
1152 1044 1477 1117 uniuntur
1523 1042 1610 1117 ad
1661 1046 2149 1143 procurandam
2200 1038 2454 1161 prolem
2498 1049 2584 1123 ob

359 1161 669 1235 divinum
720 1158 972 1233 cultum
1022 1188 1058 1231 s
1086 1156 1269 1258 quod
1319 1158 1562 1232 deinde
1596 1160 1748 1233 fuse
1794 1161 2038 1235 evolvit
2080 1164 2258 1258 (86).
2299 1154 2581 1238 Demum

363 1278 435 1347 in
468 1301 653 1373 resp.
696 1274 782 1347 ad
824 1276 886 1345 4.
920 1273 1120 1348 solvit
1154 1272 1616 1347 difficultatem
1652 1274 2186 1362 canonistarum,
2214 1278 2344 1404 qui
2381 1304 2583 1391 nega-

362 1389 534 1463 bant
593 1389 870 1486 gratiam
920 1412 1042 1487 per
1087 1387 1580 1461 matrimonium
1649 1389 1977 1476 conferri,
2038 1416 2125 1463 ne
2173 1391 2580 1507 simoniacus

367 1520 550 1579 esset
595 1519 976 1578 contractus
1025 1503 1112 1576 de
1158 1504 1314 1577 dote
1360 1502 1521 1576 dum
1569 1504 1946 1579 celebratur
1990 1499 2400 1604 coniugium.
2457 1546 2460 1551 ·
2529 1526 2530 1529 ’
2569 1528 2576 1563 ³

512 1621 672 1694 Post
694 1646 753 1693 s
776 1620 1306 1692 Bonaventuram
1332 1621 1953 1695 commemorandus
1977 1639 2082 1696 est
2098 1616 2382 1697 loannes
2395 1616 2585 1697 Duns

363 1737 639 1822 ScotuS,
681 1735 802 1833 qui
852 1735 924 1806 in
971 1733 1223 1807 Comm.
1271 1734 1342 1805 in
1394 1735 1460 1806 4.
1494 1735 1791 1808 Sentent.
1824 1736 1984 1810 dist.
2019 1739 2086 1809 2.
2121 1762 2194 1838 q.
2232 1745 2294 1812 1.
2330 1754 2583 1838 septem

363 1848 704 1924 concludit
750 1849 962 1922 fuisse
994 1876 1038 1922 a
1073 1849 1331 1921 Christo
1378 1850 1482 1922 vel
1514 1850 1650 1923 Deo
1683 1853 1984 1925 instituta
2030 1869 2436 1926 sacramenta
2461 1880 2584 1952 pro

366 1980 637 2063 tempore
688 1966 881 2036 istius
935 1964 1133 2062 leqis,·
1186 1964 1430 2038 deinde
1478 1965 1772 2059 ostendit
1815 1965 1902 2039 de
1954 1969 2391 2042 sacramentis
2444 1969 2586 2042 sin-

364 2079 541 2178 gulis
590 2107 674 2153 ex
720 2080 935 2153 sacris
983 2079 1262 2167 litteris,
1320 2080 1648 2155 inclusive
1680 2082 1767 2155 de
1800 2079 2259 2170 matrimoni03
2297 2078 2583 2156 'demum

368 2195 440 2267 id
478 2196 702 2293 ipsum
724 2195 809 2269 de
832 2195 1147 2269 omnibus
1180 2196 1548 2270 universim
1580 2198 1825 2270 evincit
1848 2197 1977 2270 hac
2006 2199 2298 2271 ratione:
2322 2227 2365 2283 ιι,
2390 2199 2585 2283 Quod

375 2324 602 2382 autem
648 2309 815 2383 haec
861 2310 1089 2384 omnia
1124 2337 1165 2383 a
1208 2310 1352 2384 solo
1399 2311 1540 2383 Deo
1591 2311 1837 2383 fuerint
1887 2312 2189 2383 instituta
2238 2326 2422 2408 patet
2468 2338 2589 2410 per

373 2422 541 2495 illud
564 2481 583 2511 ‚
608 2486 611 2491 .
640 2423 818 2523 quod
844 2439 1117 2497 ‹tactum
1165 2440 1270 2498 est
1321 2423 1389 2494 in
1438 2422 1730 2521 generali
1768 2421 1853 2496 de
1899 2423 2314 2497 institutione
2363 2449 2588 2497 sacra-‘-

365 2539 601 2614 menti.
661 2538 841 2612 Nulli
890 2540 1071 2614 enim
1120 2539 1436 2640 competit
1484 2538 1768 2638 signum·
1803 2538 2180 2615 instituere
2216 2540 2588 2640 practicum

367 2656 502 2729 nisi
552 2653 659 2728 vel
712 2669 1020 2754 respectu
1068 2654 1355 2729 alicuius
1408 2670 1598 2729 actus
1652 2655 1756 2729 sui
1808 2655 2103 2754 proprii,
2125 2653 2246 2748 „vel
2282 2655 2592 2756 respectu

370 2769 695 2856 alicuius,
737 2770 855 2867 qui
907 2768 1142 2842 subest
1190 2768 1322 2842 sibi
1373 2786 1699 2870 quantum
1734 2769 1819 2842 ad
1853 2769 2042 2841 illum
2077 2785 2322 2842 actum.
2355 2771 2591 2843 Sacra-

371 2901 671 2959 mentum
718 2900 1079 2958 autem.est
1109 2885 1393 2981 signum.
1410 2885 1778 2983 practicum
1813 2887 2119 2982 respectu
2152 2883 2430 2957 effectus
2465 2884 2587 2957 Dei

373 3001 684 3098 proprie,
746 3015 814 3072 et
860 3000 1041 3073 Deus
1078 3025 1224 3073 ,ιιοιι
1275 3014 1505 3097 potest.
1540 3000 1813 3072 inae-tu
1865 2997 1996 3072 sibi
2047 2999 2318 3097 proprio
2384 2998 2588 3072 alicui

377 3115 493 3188 alii
525 3114 851 3190 subesse:
893 3139 1052 3211 ergo
1084 3129 1209 3187 etc.
1226 3144 1260 3183 n
1282 3113 1485 3199 Quod
1520 3114 1762 3188 deinde
1796 3113 2584 3213 pluribus'prosequitur,

518 3302 622 3365 (86)
657 3305 764 3352 «Ex
794 3302 886 3352 hac
913 3302 1093 3365 gratia,
1127 3301 1305 3364 inquit,
1326 3300 1382 3352 ιιι
1402 3300 1670 3352 remedium
1706 3303 1873 3352 contra
1904 3301 2148 3366 triplicem
2181 3299 2588 3374 inordinationem

377 3380 828 3445 concupiscentiae,
851 3381 903 3431 et
927 3381 1144 3431 nascitur
1172 3379 1351 3444 triplex
1379 3378 1563 3430 bonnm
1594 3379 1910 3432 matrimonss.
1941 3378 2343 3443 Concupiscentia
2370 3378 2500 3428 enirn
2523 3378 2593 3428 in·

376 3461 530 3511 elinat
545 3459 609 3511 ad
629 3461 835 3511 multas:
865 3460 985 3525 quia
1011 3460 1294 3511 luxuriosus
1319 3471 1418 3510 ιιοιι
1437 3459 1514 3509 est
1534 3472 1633 3510 una
1658 3461 1942 3510 contentus:
1967 3460 2089 3511 etin
2112 3458 2427 3510 matrimonio
2450 3457 2595 3507 datur

377 3539 537 3602 gratia
562 3540 747 3590 homini
763 3576 779 3603 ,
815 3543 870 3591 ιιι
897 3540 991 3590 soli
1027 3539 1169 3590 uxori
1200 3539 1320 3590 velit
1348 3539 1604 3602 coniungi:
1630 3539 1770 3590 etita
1788 3538 2008 3602 pronitas
2029 3537 2092 3589 ad
2115 3537 2298 3588 multas
2318 3535 2596 3586 excluditur

375 3633 470 3683 per
497 3621 719 3683 copulam
743 3621 1055 3684 singularem.
1080 3619 1486 3683 concupiscentia
1513 3621 1662 3669 etiam
1692 3618 1896 3669 inclinat
1923 3618 1988 3668 ad
2014 3617 2385 3669 delectationem
2407 3627 2505 3664 non
2533 3614 2599 3664 ad

376 3700 667 3751 utilitaieni:
692 3701 813 3765 quia
837 3700 1120 3750 luxuriosus
1135 3712 1235 3750 non
1255 3698 1449 3763 quaerit
1469 3700 1565 3750 nisi
1591 3698 1971 3752 ”nesactionem
1992 3698 2262 3762 appetitus,
2296 3708 2380 3746 seu
2413 3697 2595 3760 appeti·

375 3784 458 3831 ius
485 3781 915 3832 sensitivi.1)atur
945 3792 1063 3843 ergo
1100 3782 1258 3843 gratia
1289 3780 1342 3829 in
1382 3781 1697 3832 matrimonio
1718 3818 1734 3844 ,
1768 3783 1825 3831 ιιι
1852 3792 1952 3830 non
1982 3779 2242 3841 cognoseat
2271 3789 2475 3827 uxorein
2502 3776 2598 3828 nisi

374 3863 574 3925 propter
591 3860 777 3925 prolem
795 3896 809 3923 ,
833 3861 972 3911 etita
989 3860 1268 3910 excluditur
1287 3859 1545 3910 delectatio
1572 3861 1839 3924 appetitiva
1864 3873 1950 3924 per
1970 3857 2197 3921 copulam
2228 3857 2416 3907 utilem.
2441 3860 2591 3907 item:

375 3939 786 4004 concupiscentia
821 3939 1072 3990 fastidium
1106 3939 1302 4003 generat
1318 3942 1430 4003 post
1452 3940 1805 4004 impletionem.
1837 3937 1981 3989 Unde
2008 3937 2316 3999 luxuriosus,
2337 3938 2595 4000 postquam

374 4021 606 4084 cognovit
647 4033 827 4083 unam,
869 4020 1005 4071 illam
1050 4020 1236 4084 respuit
1258 4055 1274 4082 ,
1311 4022 1361 4070 et
1389 4019 1529 4070 vadit
1557 4021 1620 4070 ad
1653 4020 1819 4071 aliam.
1853 4021 1912 4069 ln
1939 4015 2252 4067 matrimonio
2292 4029 2413 4068 vero
2452 4014 2599 4067 datur

375 4102 556 4165 gutia,
588 4104 648 4152 ut
668 4114 862 4166 semper
893 4102 1014 4152 velit
1043 4113 1147 4152 esse
1177 4113 1290 4152 cum
1323 4112 1451 4149 una=
1484 4102 1535 4149 et
1564 4101 1636 4149 ita
1667 4098 1947 4148 excluditur
1973 4098 2221 4148 variarum
2253 4096 2597 4160 concupiscen-

374 4182 443 4232 tia
464 4183 797 4247 pereopnlam
817 4181 1207 4246 inseparabilem.
1226 4185 1299 4232 Ex
1319 4180 1498 4245 copula
1514 4179 1749 4242 singulari
1761 4178 1922 4229 oritur
1938 4177 2122 4229 bonum
2139 4176 2598 4240 ildei‚utadaliaui

376 4276 473 4313 non
496 4263 713 4315 accedat.
738 4266 811 4314 Ex
835 4263 1011 4326 copula
1034 4263 1147 4313 utili
1170 4262 1354 4313 bonum
1375 4260 1545 4325 prolis.
1574 4262 1649 4309 Ex
1679 4258 1856 4323 copula
1886 4257 2210 4323 inseparabili
2227 4257 2412 4308 bonum
2438 4267 2596 4306 sacra·

376 4345 577 4394 mesti.»
599 4347 670 4395 Eu
702 4344 854 4408 igitur
878 4341 999 4406 quid
1027 4341 1118 4393 sibi
1141 4342 1389 4394 voluerint
1418 4340 1609 4404 antiqui
1642 4338 1922 4392 scholastici
1953 4351 2067 4391 cum
2097 4338 2316 4389 dicerent
2346 4336 2596 4389 matrimo-

377 4423 511 4476 nium
541 4424 820 4475 institutum
851 4426 908 4474 in
932 4421 1244 4485 remedium,
1267 4424 1344 4474 vel
1370 4425 1425 4473 in
1446 4419 1738 4474 remedium
1761 4420 2222 4485 concupiscentiae.
