3276 5083
721 435 862 484 cir.
904 433 976 490 ιι
1020 434 1101 489 ιιι
1149 434 1464 491 murum
1507 436 1650 493 ιιιι.
1694 438 1739 487 ι.
1763 437 2043 498 monim
2086 440 2296 495 omen.
2537 424 2628 497 ⁸⁸

393 579 713 657 quaeque
756 550 1039 652 praebat
1084 553 1519 631 fortissimum
1568 554 1978 631 adiutorium
2028 557 2467 648 nubentibus,
2525 579 2632 635 ut-

394 680 561 769 pote
607 670 1100 767 impressionum,
1159 685 1234 745 ut
1279 668 1429 768 ipse
1477 668 1822 769 loquitur,
1877 672 2274 749 sanctitatis
2318 676 2519 751 Porro
2555 677 2630 751 id

396 810 603 861 omne
645 800 749 858 est
797 808 1078 882 prorsus
1129 782 1595 883 independens
1632 812 1677 859 a
1713 786 2220 885 superveniente
2261 790 2628 867 sacerdotis

400 898 865 975 benedictione
917 913 986 973 et
1030 900 1329 975 &atione
1352 954 1370 985 ,
1428 916 1587 976 cum
1637 899 1946 975 intimum
1996 901 2087 974 sit
2140 902 2272 1001 ipsi
2335 905 2629 1002 coniugii

400 1013 854 1091 celebrationi.
903 1013 1080 1111 Ergo
1130 1040 1404 1115 quaqua
1449 1041 1687 1093 versus
1733 1031 2073 1115 spectetur
2119 1017 2424 1095 doctrina
2474 1019 2632 1097 Gui-

396 1128 602 1204 liehni
624 1186 645 1217 ,
694 1140 881 1227 petet
925 1128 1217 1205 alienum
1244 1144 1520 1228 premas
1570 1155 1726 1209 esse
1762 1130 1851 1209 ab
1883 1132 2036 1211 eius
2073 1149 2296 1211 mente
2327 1148 2634 1221 asserere

399 1259 899 1320 sacramentum
946 1244 1355 1321 matrimonii
1405 1270 1447 1323 a
1496 1245 1899 1325 sacerdotali
1948 1246 2414 1327 benedictione
2469 1270 2633 1348 pen-

404 1359 599 1445 ὼω,
640 1358 807 1433 adeo
838 1374 920 1433 ut
953 1375 1176 1435 cessat
1207 1360 1615 1436 sacramenti
1645 1360 1818 1438 ratio
1843 1419 1860 1448 ,
1906 1362 2171 1461 quoties
2211 1363 2391 1439 desit
2425 1363 2633 1441 bene*

406 1474 646 1561 dictio,
677 1473 1123 1550 acdilabatur
1159 1475 1231 1551 in
1278 1474 1606 1551 rationem
1648 1475 1801 1574 puri
1842 1488 2223 1553 constectus
2275 1479 2629 1566 naturalis,

403 1605 519 1665 aut
549 1588 794 1665 civilis.
838 1588 1047 1674 Hinc,
1096 1588 1281 1687 qu'od
1330 1604 1755 1688 consquens
1794 1605 1936 1677 est,
1985 1590 2305 1669 sacerdos
2341 1619 2483 1669 -non
2525 1610 2636 1669 eu

399 1702 803 1780 nomnen&
854 1702 1259 1780 matrimonii
1312 1702 1649 1790 minister,
1695 1719 1770 1777 ut
1807 1706 2153 1783 contendit
2194 1706 2470 1795 Canus,
2495 1707 2632 1808 qui

399 1820 576 1896 hanc
624 1820 1028 1895 sententiam
1065 1818 1415 1895 Guilielmo
1464 1820 1829 1919 parisiensi
1877 1822 2165 1919 affingit.

541 1934 908 2010 Consnevit
960 1949 1305 2032 praeterea
1352 1960 1394 2008 a
1442 1934 1787 2013 nonnullis
1843 1962 1927 2011 ex
1989 1935 2226 2013 eodem
2280 1936 2634 2015 Gtiilielmo

400 2050 760 2149 parisiensi
802 2048 1129 2148 episcopo
1176 2065 1397 2124 textus
1444 2050 1693 2125 adduci
1730 2076 1815 2124 ex
1849 2051 2001 2127 eius
2036 2078 2148 2151 op.
2181 2053 2278 2127 De
2316 2053 2631 2150 baptismo

399 2167 870 2267 depromptos,
928 2162 1043 2239 ubi
1093 2163 1437 2242 disserens
1483 2165 1571 2239 de
1620 2164 1940 2264 baptismi
1981 2167 2049 2241 vi
2093 2183 2164 2240 et
2207 2167 2512 2243 efficacia
2543 2168 2633 2241 ad

408 2278 921 2379 impertiendam
986 2280 1464 2366 sanctitatem,
1539 2304 1689 2355 eam
1761 2280 2001 2378 repetit
2070 2305 2154 2356 ex
2219 2281 2636 2357 invocatione

402 2423 503 2472 ss.
539 2394 918 2481 Trinitatis·
960 2394 1223 2473 deinde
1276 2420 1435 2470 vero
1481 2420 1562 2469 ex
1609 2394 1844 2471 eadem
1893 2394 2358 2482 invocatione,
2415 2412 2481 2471 et
2523 2395 2636 2472 be·

398 2511 801 2588 :indictionis
834 2510 1076 2588 virtute
1106 2510 1480 2586 efficaciam
1526 2510 1786 2611 pariter
1832 2525 2201 2586 aeternnm
2249 2522 2634 2587 sacramen*

395 2646 615 2703 torum
679 2627 938 2703 derivat
975 2657 993 2715 3
1046 2649 1202 2702 eum
1264 2627 1471 2725 igitur
1512 2628 1601 2702 de
1647 2627 2072 2704 matrimonio
2121 2626 2418 2726 loquitur
2463 2626 2633 2702 been

398 2744 651 2820 habet:
691 2775 728 2813 ι
756 2743 874 2818 Sic
914 2760 986 2817 et
1031 2745 1103 2816 in
1151 2743 1528 2841 coniugatis
1552 2801 1571 2829 ,
1626 2759 1703 2816 ut
1750 2743 2000 2840 gratia,
2037 2758 2108 2816 et
2137 2741 2584 2817 sanctificatio
2609 2799 2624 2827 ‚

397 2887 577 2961 quae
597 2861 700 2934 eis
725 2859 1126 2960 postulatur,
1150 2859 1408 2933 eisdem
1432 2860 1717 2933 donetur
1733 2915 1750 2944 ,
1782 2860 1935 2956 ipsa
1963 2857 2341 2931 benedictio
2367 2857 2636 2956 nuptia-

398 2975 491 3049 lis
537 2976 850 3075 impetrat
882 2977 1060 3072 (7).»
1093 2974 1191 3048 Ex
1234 2999 1369 3074 quo
1418 2971 1825 3047 concludunt
1873 2969 2224 3045 Guilielmo
2272 2970 2450 3043 hanc
2499 2988 2634 3045 ste-

402 3090 572 3164 tisse
603 3107 891 3165 mentem
915 3148 931 3177 ,
980 3115 1113 3164 non
1164 3089 1372 3162 alium
1427 3104 1689 3186 praeter
1729 3086 2139 3161 sacerdotem
2166 3143 2183 3172 ,
2224 3086 2343 3184 qui
2379 3086 2635 3184 nuptiis

410 3203 779 3294 benedicit,
820 3204 1029 3279 huius
1066 3203 1465 3278 sacramenti
1501 3202 1881 3275 ministrum
1916 3224 2069 3274 esse
2102 3200 2626 3297 agnoscendum.

547 3321 693 3394 lam
742 3347 900 3395 vero
948 3322 1009 3394 si
1060 3320 1220 3419 quis
1263 3318 1643 3394 accuratius
1679 3309 1886 3392 huius
1919 3315 2211 3391 auctoris
2245 3313 2451 3389 verba
2484 3341 2637 3414 per-

412 3437 695 3534 pendat,
736 3434 920 3509 haud
963 3459 1162 3533 aegre
1210 3433 1339 3507 sibi
1392 3432 1827 3535 persuadebit
1878 3457 2012 3504 non
2071 3430 2255 3503 aliud
2303 3428 2435 3502 sibi
2487 3427 2638 3500 Gui-

406 3550 700 3625 lielmum
727 3551 1163 3653 proposuisse
1184 3609 1201 3638 ,
1233 3577 1437 3650 quam
1474 3547 1857 3625 ratiocinari
1883 3575 1965 3621 ex
1990 3545 2218 3645 praxi,
2252 3569 2430 3643 quae
2464 3541 2634 3618 obti-

407 3665 609 3741 nebat
641 3668 710 3742 in
745 3667 1036 3743 ecclesia
1068 3665 1454 3740 celebrandi
1490 3666 1763 3764 nuptias
1807 3665 1879 3735 in
1921 3663 2093 3736 facie
2124 3659 2482 3744 ecclesiae,
2513 3683 2636 3730 seu

404 3800 757 3882 praesente
804 3783 1150 3858 sacerdote
1172 3841 1187 3871 ,
1229 3781 1348 3882 qui
1383 3779 1790 3855 nubentibus
1826 3776 2267 3854 benedicebat
2298 3800 2377 3848 ac
2412 3773 2635 3848 fausta

399 3924 444 3972 a
490 3899 633 3972 Deo
679 3898 1115 3998 precabatur,
1167 3898 1266 3970 uti
1315 3920 1396 3967 ex
1446 3895 1800 3970 ritualibus
1853 3895 2037 3967 illius
2078 3891 2317 3965 aetatis
2362 3888 2557 3962 libris
2597 3915 2639 3961 a

402 4012 727 4087 Hartenio
774 4012 1065 4110 vulgatis
1128 4009 1379 4112 liquet,
1435 4011 1522 4083 de
1568 4007 1818 4109 quibus
1868 4021 2245 4108 opportuno
2295 4004 2442 4079 loco
2493 4004 2634 4077 dis-

400 4153 729 4202 seremus.
770 4127 940 4201 Cum
981 4126 1267 4226 proinde
1307 4124 1725 4200 commendet
1754 4125 1826 4196 in
1860 4121 2299 4198 sacramentis
2350 4119 2631 4218 reliquis

403 4242 842 4318 sacerdotalis
876 4241 1361 4317 benedictionis
1395 4240 1738 4330 virtutem,
1781 4256 1977 4341 capta
2016 4239 2405 4326 occasione,
2455 4260 2637 4309 eam-

550 4396 622 4459 (7)
653 4397 773 4459 cap.
803 4398 844 4447 1.
874 4395 926 4447 tn
958 4395 1055 4446 fine
1076 4408 1184 4460 pag.
1209 4399 1316 4448 40⁰.
