3276 5083
746 484 884 533 cn.
921 483 1015 532 111.
1050 483 1128 531 nn
1164 482 1424 533 numu.
1461 482 1686 533 c1v1trs
1721 482 1902 532 tras.
1953 484 2092 532 aar.
2129 483 2221 534 111.
2460 463 2595 532 307

383 600 757 697 legislator3
814 625 989 698 quae
1026 615 1345 698 perpetuo
1382 614 1637 696 pugnat
1672 624 1824 669 cum
1871 598 2193 695 religione
2229 599 2341 672 illa
2369 658 2383 685 ‚
2429 627 2605 700 quae

384 720 452 789 in
493 716 834 817 republica
868 716 975 787 cui
1014 715 1407 814 proponitur
1440 714 1854 800 dominatur3
1896 740 2071 813 quae
2108 715 2421 786 statuitur
2455 742 2605 787 con·

382 850 484 907 tra
518 857 938 906 communem
980 831 1419 916 sententiam;
1466 856 1642 928 quae
1676 829 1792 900 ubi
1831 847 2209 902 servaretur
2262 830 2608 903 induceret

388 949 455 1019 in
512 974 768 1022 morum
820 945 1348 1044 corruptionem;
1396 971 1569 1044 quae
1609 960 1848 1017 natura
1900 971 2023 1017 sua
2076 946 2287 1018 tendit
2337 946 2422 1017 ad
2473 946 2609 1018 dis-

385 1063 781 1136 solutionem
835 1059 1170 1145 samiliae,
1226 1086 1307 1131 ac
1358 1059 1696 1133 societatis
1734 1059 1911 1133 bono
1947 1060 2379 1147 adversatum
2431 1088 2606 1161 quae

384 1179 676 1277 denique
714 1176 916 1250 citius
951 1177 1252 1250 seriusve
1287 1176 1577 1250 revocari
1615 1176 1850 1262 debet,
1884 1193 2000 1249 aut
2027 1177 2263 1250 saltem
2301 1178 2395 1250 ita
2428 1195 2610 1251 exte-

388 1295 579 1367 nuari
608 1320 687 1366 ac
717 1291 1099 1391 temperari,
1122 1307 1195 1363 ut
1223 1291 1482 1364 nullum
1509 1291 1828 1365 sortiatur
1850 1292 2185 1365 effectum.
2206 1293 2386 1368 Talis
2416 1319 2611 1393 porro

385 1426 492 1483 est
526 1410 664 1495 lex,
708 1435 883 1509 quae
917 1408 1135 1482 sancit
1170 1407 1670 1479 matrimonium
1714 1406 2106 1505 simpliciter
2136 1408 2367 1494 civile3
2412 1408 2612 1506 igitur

391 1555 472 1599 ea
522 1527 780 1600 censeri
832 1552 912 1597 ae
966 1524 1102 1597 dici
1153 1524 1351 1597 debet
1403 1550 1678 1623 prorsus
1728 1522 2167 1620 antipolitica.

541 1641 863 1728 Quamvis
916 1668 1047 1715 non
1085 1666 1301 1740 pauca
1340 1640 1473 1711 iam
1508 1640 1593 1711 de
1629 1637 1972 1712 nonnullis
2011 1665 2090 1710 ex
2128 1639 2477 1712 recensitis
2512 1666 2612 1712 ar-

391 1759 730 1857 gumentis
774 1757 1296 1832 disseruerimus
1333 1756 1402 1826 in
1439 1754 1901 1854 superioribus
1950 1754 2316 1852 capitibus,
2365 1753 2617 1853 placuit

390 1873 830 1947 nihilominus
896 1899 978 1946 ea
1045 1871 1268 1944 omnia
1320 1870 1520 1942 simul
1572 1895 1932 1967 congerere
1963 1926 1979 1955 ,
2037 1886 2112 1941 ut
2161 1868 2360 1942 unico
2408 1868 2611 1942 veluti

388 1990 625 2063 obtutu
696 1989 988 2089 quisque
1058 1987 1272 2085 possit
1338 1986 1734 2084 complecti,
1799 2012 1973 2086 quae
2023 1985 2239 2083 legem
2272 2043 2288 2071 ,
2346 1987 2432 2057 de
2481 2012 2619 2085 qua

392 2106 693 2201 agimus,
736 2102 1219 2202 antipoliticam
1254 2102 1641 2174 ostendunt.
1686 2101 2020 2174 Nonnulla
2057 2117 2398 2199 praeterea
2442 2100 2617 2172 adii-

393 2218 651 2292 ciemus
689 2218 774 2290 ad
808 2217 1173 2316 pleniorem
1208 2215 1537 2289 dictorum
1573 2216 2170 2290 confirmationem.
2208 2216 2332 2287 His
2367 2216 2452 2288 ad
2498 2242 2619 2290 no·-

394 2352 529 2408 tam
587 2332 1115 2433 praecavendam
1166 2331 1625 2431 repetitionis,
1681 2359 1857 2431 quae
1894 2330 2087 2404 nobis
2126 2331 2407 2431 impingi
2461 2356 2618 2429 pos-

395 2467 532 2536 set,
592 2446 1030 2549 praemissiS,
1088 2447 1222 2519 iam
1271 2447 1658 2522 accedimus
1694 2448 1782 2520 ad
1820 2463 2243 2520 enumeratos
2295 2447 2612 2521 articulos

397 2565 790 2664 singillatim
839 2563 1337 2663 expendendos.

543 2681 637 2755 Ac
688 2680 905 2781 primo
957 2678 1234 2778 quidem
1288 2704 1487 2754 nemo
1525 2705 1732 2752 sanae
1781 2679 2025 2752 mentis
2066 2678 2408 2777 negaverit
2449 2678 2624 2750 anti—

402 2798 736 2898 politicam
803 2796 1021 2894 legem
1090 2795 1274 2869 illam
1326 2821 1478 2868 esse
1542 2794 1922 2869 habendam
1956 2852 1972 2882 ,
2028 2821 2204 2893 quae
2254 2793 2342 2867 sit
2390 2810 2621 2868 contra

401 2914 619 3009 legum
678 2927 1023 2998 naturam,
1064 2929 1130 2986 et
1170 2927 1399 2985 contra
1451 2911 1654 2984 finem
1686 2969 1702 2998 ,
1759 2935 1959 3010 quem
2014 2910 2288 3009 sapiens
2333 2910 2625 3009 quisque

406 3026 750 3121 legislator
791 3026 859 3096 in
893 3027 1157 3122 legibus
1194 3028 1338 3099 suis
1374 3027 1744 3100 condendis
1780 3052 1941 3125 prae
1975 3026 2189 3100 oculis
2233 3024 2482 3099 habere
2516 3027 2627 3098 de-

405 3140 537 3212 bet.
600 3139 801 3212 Porro
848 3139 1046 3210 talem
1089 3140 1302 3235 legem
1346 3166 1500 3214 esse
1533 3142 1618 3213 de
1653 3142 1989 3238 coniugiis
2049 3140 2363 3214 civilibus
2417 3140 2629 3239 liquet

403 3281 485 3329 ex
535 3280 613 3327 eo
640 3311 656 3340 ,
715 3251 899 3352 quod
950 3251 1054 3324 lcx
1108 3270 1345 3325 natura
1387 3280 1511 3326 sua
1555 3254 1804 3327 habere
1855 3255 2241 3328 necessario
2284 3253 2484 3326 debet
2515 3253 2630 3326 bo-

405 3396 564 3443 num
607 3396 686 3443 ac
736 3369 1092 3442 honestum
1146 3384 1488 3467 tamquam
1540 3370 1741 3442 finem
1794 3370 1925 3442 sibi
1972 3370 2388 3469 propositum
2416 3427 2431 3455 ,
2474 3396 2626 3443 cum

403 3509 483 3555 ea
537 3511 668 3557 non
712 3483 802 3557 sit
846 3484 1013 3570 nisi,
1055 3500 1130 3556 ut
1172 3483 1265 3558 ita
1299 3483 1547 3571 dicam,
1592 3484 1813 3580 imago
1850 3484 2068 3582 ipsius
2121 3483 2471 3558 rationalis
2510 3510 2629 3556 na-

404 3615 592 3670 turae
640 3624 719 3671 ac
769 3599 1085 3686 moralis,
1128 3626 1251 3673 seu
1305 3599 1530 3699 potius
1582 3599 1878 3673 auctoris
1927 3599 2146 3698 ipsius
2197 3598 2471 3673 moralis
2522 3623 2631 3671 or-

409 3713 593 3787 dinis
630 3739 708 3785 ac
746 3714 1091 3788 rationalis
1137 3733 1412 3790 naturae
1439 3774 1455 3802 ,
1497 3742 1675 3815 quae
1709 3741 1788 3788 ex
1825 3741 1976 3789 sese
2013 3715 2222 3788 tendit
2257 3715 2341 3788 ad
2380 3715 2631 3787 bonum

404 3829 727 3904 rationale
777 3844 844 3902 et
894 3831 1167 3905 morale.
1226 3833 1476 3933 Ecquis
1545 3859 1715 3909 sane
1774 3832 1902 3907 hoc
1964 3831 2393 3905 ineluctabile
2445 3832 2633 3930 prin-

404 3947 656 4045 cipium
717 3946 784 4016 in
850 3945 1130 4017 dubium
1206 3950 1612 4023 revocaverit
1655 4009 1669 4036 ,
1745 3975 1898 4023 cum
1968 3948 2474 4021 fundamentum
2545 3949 2634 4021 sit

406 4062 609 4136 totius
647 4061 1149 4158 legislationis?
1184 4065 1328 4136 Non
1366 4064 1568 4137 alium
1611 4067 1905 4163 profecto
1952 4066 2153 4138 finem
2207 4064 2337 4136 sibi
2391 4064 2637 4163 praefi-

405 4204 560 4273 gere
611 4177 849 4276 poterit
898 4177 1194 4274 optimus
1236 4180 1527 4276 quisque
1575 4181 1809 4276 legifer
1843 4182 1910 4251 in
1947 4180 2181 4253 codice
2214 4181 2438 4277 legum
2477 4207 2631 4252 sua-

412 4319 556 4365 rum
608 4292 981 4367 condendo.
1030 4293 1282 4366 Bonum
1318 4320 1474 4368 vero
1522 4295 1953 4393 praecipuum
2010 4295 2261 4370 morale
2312 4296 2481 4393 legis
2533 4310 2636 4368 est

412 4408 669 4483 iustitia
702 4428 766 4483 et
801 4411 1148 4509 aequitas;
1209 4410 1323 4482 ubi
1379 4411 1543 4485 hacc
1593 4413 1909 4498 desuerit,
1955 4414 2058 4486 lex
2097 4431 2325 4512 utpote
2374 4411 2633 4484 inutilis

2498 4526 2538 4570 ,ιιι
