3276 5083
524 462 663 512 mr.
691 457 1342 512 1v.m21‹n.us.ns
1369 460 2136 513 um.sacn.Anr.11.Ane.
2160 463 2342 514 rain.
2449 441 2588 510 1⁰⁰

519 578 971 656 Duodecimus
1020 593 1534 677 postremusque
1576 594 1835 665 textus,
1885 578 2002 677 qui
2040 605 2082 652 a
2116 578 2297 654 Cano
2331 579 2596 677 ‚allega-

374 715 512 782 tur‚
554 712 661 771 est
691 720 770 768 ex
813 721 875 767 s.
913 693 1292 781 Ambrosio,
1339 694 1459 793 qui
1508 694 1579 768 in
1628 694 1827 793 epist.
1862 694 1916 766 Ι.
1951 694 2037 767 ad
2075 694 2386 791 vigilium
2445 698 2589 791 (13)

376 811 655 887 scribit:
704 840 737 882 ι
758 808 938 882 Nihil
975 808 1246 905 gravius
1282 835 1486 908 quam
1535 807 1835 907 copulari
1887 807 2303 905 alienigenae
2326 865 2342 894 ,
2381 808 2499 881 ubi
2532 827 2599 885 et

376 926 679 1001 libidinis
711 941 779 997 et
811 923 1186 999 discordiae
1233 923 1644 1009 incendium,
1685 941 1751 998 et
1784 923 2114 1020 sacrilegii
2147 923 2406 1021 flagitia
2439 949 2598 999 con-

374 1043 661 1116 flantur.
694 1042 948 1113 ..Nam
989 1065 1142 1113 cum
1195 1039 1423 1136 ipsum
1472 1038 1856 1136 coniugium
1906 1039 2235 1114 velamine
2285 1039 2598 1113 sacerdo-

373 1157 491 1231 tali
524 1174 593 1231 et
624 1154 1091 1230 benedictione
1141 1154 1545 1230 sanctificari
1596 1169 1939 1252 oporteat,
1996 1154 2330 1252 quomodo
2379 1170 2598 1254 potest

372 1270 764 1367 coniugium
811 1268 986 1355 diei,
1027 1267 1146 1344 ubi
1196 1294 1333 1343 non
1379 1283 1483 1344 est
1508 1267 1692 1344 ‚fidei
1743 1267 2156 1343 eoncordia?
2188 1268 2356 1344 Cum
2388 1270 2598 1343 oratio

378 1385 754 1461 eommunis
804 1410 960 1459 esse
1009 1384 1291 1471 debeat,
1345 1383 1680 1483 quomodo
1728 1384 1900 1460 inter
1933 1411 2012 1458 se
2039 1383 2349 1484 diepam
2397 1385 2600 1460 devo·-

380 1501 565 1575 tione
597 1516 818 1600 potest
850 1525 1004 1573 esse
1038 1498 1337 1596 coniugii
1381 1498 1755 1574 communis
1805 1497 2185 1574 charitas?»
2218 1500 2468 1599 Nempe
2501 1500 2602 1574 lo-

377 1616 613 1715 quitur
676 1642 736 1688 s.
784 1614 1181 1688 Ambrosius
1229 1614 1315 1689 de
1361 1612 1479 1688 illa
1526 1613 1994 1690 benedictione
2040 1614 2370 1702 solemni,
2423 1641 2599 1715 quae

372 1730 535 1805 dnm
571 1746 951 1816 caneretur,
989 1729 1212 1804 velum
1249 1756 1651 1829 purpereum
1679 1730 1754 1806 in
1777 1730 2043 1827 signum
2081 1731 2357 1830 pudoris
2391 1757 2600 1831 super

374 1871 704 1944 sponsum
738 1860 806 1918 et
838 1870 1155 1943 sponsam
1190 1843 1715 1944 expandebatur.
1757 1845 1939 1921 Haec
1973 1862 2196 1921 autem
2227 1846 2600 1922 benedictio

375 1958 656 2057 perinde
688 1985 769 2032 ac
800 1959 1022 2032 velum
1057 1985 1213 2034 oum
1243 1958 1685 2056 denegaretur
1726 1959 2046 2056 bigamis,
2088 1960 2386 2036 indidem
2419 1976 2602 2060 patet

375 2099 497 2171 per
517 2100 673 2148 eam
693 2073 970 2149 minime
995 2073 1285 2148 conferri
1306 2089 1796 2150 sacramentum
1818 2103 1834 2159 ;
1860 2073 2160 2173 alioquin
2185 2090 2599 2151 sacramento

378 2188 779 2275 caruissent,
800 2188 920 2287 qui
948 2187 1283 2264 secundas
1304 2189 1573 2285 nuptias
1599 2188 1867 2273 inirent,
1888 2188 2069 2286 quod
2090 2189 2384 2285 profecto
2406 2212 2601 2262 nemo

378 2301 761 2377 contendet.
788 2303 1022 2401 ltaque
1055 2319 1199 2378 erat
1232 2301 1400 2378 ritus
1439 2301 1942 2380 caeremonialis
1983 2300 2131 2386 ille,
2171 2300 2257 2376 de
2289 2325 2425 2398 quo
2457 2299 2604 2376 dis·-

379 2415 551 2490 serit
581 2430 849 2492 sanctus
882 2416 1114 2494 doctor
1144 2417 1289 2511 (14)
1307 2474 1323 2502 ,
1354 2415 1752 2514 praesertim
1781 2440 1934 2494 cnm
1968 2414 2115 2513 pari
2164 2414 2418 2490 ratione
2460 2429 2598 2488 turn

375 2529 465 2609 de
486 2530 629 2605 velo
652 2530 1045 2609 sacerdotali
1075 2548 1212 2609 tum
1249 2529 1334 2609 de
1368 2528 1830 2611 benedictione
1864 2529 2196 2628 loquatur.
2239 2530 2375 2607 Neo
2407 2528 2603 2606 omit·-

378 2646 648 2721 tendum
671 2702 689 2732 ,
730 2646 790 2725 si
827 2663 1134 2726 accurate
1165 2645 1453 2725 velimus
1503 2674 1561 2723 s.
1603 2646 1895 2723 doctoris
1928 2645 2137 2723 verba
2180 2645 2594 2745 expendere,

378 2761 569 2835 illum
619 2788 755 2837 non
805 2787 887 2835 ex
935 2788 1051 2848 eo,
1106 2761 1287 2861 quod
1338 2789 1472 2839 non
1522 2762 1719 2839 detur
1756 2761 2131 2837 benedictio
2153 2817 2172 2848 ,
2215 2760 2336 2837 sed
2370 2788 2451 2835 ex
2483 2786 2595 2845 eo,

378 2876 559 2975 quod
592 2903 731 2952 non
765 2876 1092 2955 habeatur
1126 2876 1281 2954 fidei
1315 2877 1706 2962 eoncordia,
1749 2876 1993 2951 inferre
2018 2876 2424 2953 matrimonii
2448 2875 2601 2954 nul-

378 2989 657 3077 litatem,
694 3017 819 3067 seu
852 2993 1073 3090 potius
1110 2991 1665 3088 illegitimitatem.
1701 2992 2018 3069 Remanet
2042 2992 2269 3088 igitur,
2302 3006 2379 3067 ut
2403 3009 2468 3067 et
2491 2991 2604 3067 hic

391 3121 772 3202 postremus
826 3121 1041 3179 textus
1079 3106 1169 3179 sit
1202 3104 1660 3203 seponendus.

525 3219 717 3297 Nunc
748 3245 906 3295 vero
936 3220 1325 3317 colligentes
1361 3246 1535 3319 quos
1571 3220 1897 3301 hactenus
1932 3246 2014 3299 ex
2040 3220 2220 3295 Cano
2253 3218 2601 3296 attulimus

381 3349 452 3409 et
495 3335 935 3433 expendimus
988 3351 1243 3419 textus,
1303 3362 1475 3434 quos
1527 3336 1677 3434 ipse
1728 3335 2047 3411 indicavit
2094 3333 2298 3411 veluti
2358 3356 2605 3411 causae

384 3471 553 3523 suae
586 3449 675 3523 ita
710 3449 1045 3538 faventem,
1086 3466 1161 3528 ut
1195 3450 1763 3550 pronunciaverit:
1814 3481 1848 3520 κ
1872 3451 1972 3526 Ex
2016 3465 2278 3549 patrum
2332 3448 2605 3548 quidem

384 3564 705 3641 memoria
752 3566 1249 3643 matrimonium
1289 3568 1555 3664 proprie
1604 3592 1737 3645 esse
1788 3581 2295 3650 sacramentum,
2356 3566 2449 3643 ita
2496 3564 2610 3641 de-

380 3703 567 3753 mum
604 3679 937 3776 proditum
973 3698 1109 3767 est,
1143 3681 1200 3753 si
1240 3681 1607 3759 sacerdotis
1640 3682 2085 3761 ministerimn
2122 3680 2601 3768 interveniat.»

376 3791 718 3869 affirmare
766 3795 910 3871 iure
961 3823 1327 3895 possumus
1377 3822 1465 3873 ne
1510 3824 1720 3873 unum
1783 3798 2054 3895 quidem
2123 3796 2433 3895 reperiri,
2488 3795 2606 3896 qui

380 3906 443 3977 ei
508 3907 936 4006 suffragetur.
987 3912 1069 3983 Ut
1124 3911 1304 3983 enim
1373 3907 1641 3983 silentio
1709 3928 2119 4010 praeteream
2174 3938 2305 3984 non
2358 3936 2608 4011 paucos

382 4045 463 4095 ex
513 4021 625 4095 his
678 4023 967 4098 textibus
1010 4025 1278 4125 spurios
1314 4051 1466 4098 esse
1491 4083 1507 4111 ,
1550 4025 1636 4098 de
1672 4023 1804 4097 alia
1839 4025 2109 4099 omnino
2145 4052 2216 4099 re
2250 4026 2613 4126 loquuntur

523 4243 631 4307 (lt)
659 4246 719 4311 ln
734 4256 864 4296 nova
881 4245 999 4296 edit.
1021 4247 1231 4296 Mandu.
1251 4247 1368 4297 haec
1387 4247 1593 4312 epistola
1616 4249 1692 4298 est
1710 4251 1838 4299 xlx.
1857 4248 2042 4312 primae
2064 4248 2259 4312 classis,
2276 4252 2327 4300 et
2345 4251 2508 4300 textus
2522 4250 2604 4301 ad·

380 4319 563 4373 datus
582 4324 660 4374 eut
682 4336 732 4375 n.
750 4328 828 4375 27.
843 4324 942 4374 col.
960 4325 1071 4375 844.

525 4400 631 4465 (u)
654 4402 733 4453 cf.
758 4405 976 4457 Hancne
993 4406 1070 4461 Dc
1092 4406 1325 4469 antiquis
1347 4405 1524 4456 eccles.
1550 4407 1695 4456 ritib.
1719 4408 1841 4470 part.
1863 4410 2155 4472 u.cap.1x.
2181 4410 2270 4458 art.
2296 4416 2340 4458 3.
2359 4422 2407 4457 n.
2427 4413 2472 4459 4.
