3276 5083
503 465 642 514 cu.
676 464 739 510 v.
770 462 853 512 nn
888 461 1126 513 misr.
1169 460 1483 514 courum.
1519 461 1766 514 iarn.
1799 463 1942 540 Aac.
1976 463 2327 516 rnmriou.
2439 443 2576 516 143

353 582 670 682 quamvis
717 581 808 653 sit
852 580 938 652 de
986 581 1281 654 essentia
1329 582 1773 668 sacramenti,
1831 593 1964 655 non
2016 599 2118 655 est
2167 599 2384 656 tamen
2439 585 2582 656 suf-

354 697 602 770 ficiens
625 695 707 767 ad
733 695 1183 768 inducendum
1218 696 1592 793 proximum
1629 696 1939 770 effectum
1983 697 2419 784 sacramenti,
2457 699 2583 770 sci-

354 812 522 884 licet
554 810 1037 884 absolutionem
1062 838 1103 883 a
1128 810 1460 909 peccatis:
1499 827 1566 884 et
1598 810 1748 884 ideo
1800 827 2060 910 oportet
2094 812 2274 910 quod
2312 812 2394 885 ad
2435 838 2582 910 per-

355 926 713 1001 fectionem
760 929 1162 999 sacramenti
1214 925 1610 999 interveniat
1662 939 1851 1000 aetus
1897 927 2289 1000 sacerdotis.
2336 926 2466 999 Sed
2511 927 2581 998 in

350 1040 779 1116 matrimonio
811 1056 1004 1114 actus
1039 1041 1249 1113 nostri
1293 1057 1451 1112 sunt
1494 1066 1701 1113 causa
1742 1041 2087 1114 sufficiens
2127 1041 2213 1114 ad
2255 1041 2578 1115 inducen-

351 1155 525 1229 dum
570 1154 953 1254 proximum
1002 1154 1315 1227 effectum
1339 1212 1355 1241 ‚
1391 1155 1507 1253 qui
1541 1170 1647 1228 est
1681 1154 2035 1252 obligatio:
2080 1157 2241 1255 quia
2283 1156 2585 1255 quicum-

352 1295 493 1370 quo
537 1286 657 1352 eat,
688 1270 817 1348 sui'
851 1270 1061 1357 iude,
1120 1285 1338 1369 potest
1386 1285 1460 1342 se
1509 1269 1700 1342 alteri
1754 1269 2093 1368 obligare:
2153 1285 2218 1344 et
2268 1271 2419 1344 ideo
2469 1297 2582 1344 sa-

355 1386 651 1464 cerdotis
695 1384 1073 1460 benedictio
1124 1401 1258 1458 non
1312 1384 1671 1484 requiritur
1710 1384 1779 1456 in
1821 1385 2241 1460 matrimonio
2275 1388 2469 1484 quasi
2503 1386 2581 1458 de

358 1501 651 1584 mentia
668 1502 1098 1575 ,sacramenta
1131 1502 1196 1595 (1
1209 1503 1277 1596 0)
1296 1558 1309 1571 .
1326 1530 1359 1570 »
1562 1572 1567 1576 ,

486 1615 719 1715 :Atque
763 1614 934 1689 haec
982 1614 1254 1713 quidem
1305 1612 1653 1711 angelicus
1701 1616 1944 1689 Doctor
1993 1614 2196 1689 habet
2244 1616 2404 1687 dum
2450 1614 2583 1687 dif-

352 1729 687 1805 ficultates
742 1728 1056 1803 dissolvit
1098 1758 1112 1802 :
1170 1747 1304 1803 non
1354 1730 1577 1803 minus
1632 1730 1974 1829 praeclara
2026 1748 2246 1806 tamen
2283 1745 2438 1804 sunt
2471 1756 2574 1816 ea,

350 1874 537 1947 quae
562 1847 633 1922 in
658 1861 1053 1926 [suocontra
1088 1862 1182 1919 est
1216 1847 1418 1920 huius
1455 1849 1720 1922 articuli
1774 1864 2114 1948 tamquam
2155 1848 2379 1922 thesin
2422 1865 2582 1922 con-⁴

348 1964 704 2053 adtineret,
754 1962 1103 2062 inquiens:
1169 1992 1204 2032 α
1240 1964 1463 2036 Posit'a
1512 1989 1718 2038 causa
1771 1964 2039 2062 ponitur
2086 1964 2403 2051 effectu83
2462 1964 2581 2039 sed

354 2097 577 2160 causa
600 2078 916 2156 ,efficiens
952 2077 1355 2151 matrimonii
1382 2094 1486 2152 est
1509 2104 1880 2152 consensus
1908 2091 2028 2177 'pe'r
2050 2078 2254 2152 verba
2278 2080 2364 2152 de
2390 2105 2584 2177 prae-

357 2190 541 2272 senti
571 2211 950 2291 expressus.
996 2192 1169 2289 Ergo
1211 2192 1354 2264 sive
1390 2192 1508 2264 fiat
1543 2192 1611 2263 in
1649 2192 1919 2291 publico
1942 2249 1957 2279 ,
2008 2193 2150 2266 sive
2186 2193 2254 2263 in
2290 2191 2580 2279 occulto,

362 2306 858 2384 matrimonium
911 2307 1236 2406 sequitur.
1297 2309 1684 2380 Praeterea:
1743 2307 2153 2405 ubicumque
2202 2321 2306 2379 est
2355 2305 2582 2380 debita

355 2419 579 2495 forma
606 2420 930 2504 etssdebita
963 2421 1241 2502 materia
1267 2478 1282 2508 ,
1333 2419 1427 2492 ibi
1458 2437 1581 2493 est
1631 2435 2166 2514 sacramentum:
2210 2420 2329 2493 sed
2366 2421 2434 2491 in
2472 2446 2583 2495 oo-

353 2534 553 2619 culto
582 2517 1007 2619 matrimonio
1058 2554 1362 2611 servatur
1404 2533 1632 2609 debita
1671 2535 1946 2610 materia
1972 2593 1988 2624 ,
2029 2563 2203 2635 quae
2237 2552 2395 2610 sunt
2429 2562 2581 2636 per-

351 2670 561 2759 sonae
592 2652 949 2750 legitimae
997 2653 1081 2725 ad
1133 2652 1704 2740 contrahendum,
1753 2667 1821 2724 et
1852 2651 2075 2725 debita
2115 2652 2362 2741 forma,
2398 2679 2576 2751 quae

351 2784 521 2851 sunt
558 2769 765 2845 ver-ba
816 2769 904 2843 de
953 2769 1287 2868 praesenti
1333 2795 1737 2844 consensum
1782 2769 2244 2905 exprimentia.
2278 2769 2455 2868 Ergo
2483 2785 2583 2849 est

350 2885 481 2965 (bi
492 2912 725 2963 vorum
770 2900 1316 2959 sacramentum.»

494 3000 737 3099 Neque,
774 2998 861 3081 ab
895 3000 1026 3075 hac
1058 3002 1362 3075 doctrina
1407 2956 1657 3077 recedit
1689 2954 1978 3076 Thomas
2024 3001 2388 3076 waldensis
2436 3028 2583 3077 car-

349 3113 583 3197 melita
600 3114 892 3195 eelebris
915 3115 1202 3189 Wicleffi
1231 3130 1672 3216 oppugnator.
1699 3117 1865 3190 Cum
1891 3117 2069 3190 enim
2098 3118 2211 3190 hic
2241 3133 2580 3215 tamquam

350 3248 683 3328 nugacem·
741 3230 1047 3335 irrideret
1072 3248 1075 3251 ’
1102 3231 1635 3307 benedictionem
1662 3289 1678 3320 ‚
1708 3246 1712 3251 ’
1738 3259 1876 3331 qua
1928 3232 2244 3306 sacerdos
2305 3231 2580 3330 nuptias

348 3345 799 3433 cohonestat,
824 3346 1197 3425 iwaldensis
1241 3346 1596 3446 multiplici
1632 3374 1713 3420 ex
1749 3349 1969 3446 capite
2003 3347 2151 3421 eius
2187 3346 2577 3433 utilitatem,

352 3460 563 3545 immo
584 3476 655 3543 et
676 3461 1148 3543 necessitatem
1174 3478 1581 3562 propugnat.
1625 3465 1855 3562 Neque
1890 3463 2395 3536 idcirco‘tamen
2431 3487 2579 3535 eam

351 3593 697 3676 tamquam
753 3562 1179 3655 essentialem
1233 3578 1320 3651 ad
1370 3597 1858 3652 sacramentum
1932 3578 2411 3679 perficiendum
2445 3577 2582 3650 'ad-

348 3690 595 3780 stmit&
630 3693 743 3771 ita
758 3711 862 3771 2ut
912 3692 1099 3773 nulla
1149 3695 1429 3767 censeri
1456 3695 1809 3769 debuerint
1843 3695 1959 3768 illa
1993 3695 2347 3791 coniugia,
2404 3720 2580 3823 quae

346 3806 811 3891 clandestino
830 3836 1012 3887 more
1071 3810 1240 3883 inita
1288 3811 1565 3883 fuerint.
1620 3811 1798 3896 Quin
1852 3812 2075 3909 potius
2125 3825 2456 3908 receptam
2510 3810 2581 3881 in

348 3921 640 3998 eeclesia
670 3923 1039 3999 doctrinam
1074 3926 1165 4001 de
1188 3925 1457 3999 illorum
1490 3926 1716 4000 valore
1750 3944 1977 4026 aperte
2013 3926 2382 4025 profitetur.
2413 3925 2579 3998 Cum

448 4084 599 4165 ι”(1ἷό)
628 4078 823 4153 isthic
811 4098 970 4154 obiter
988 4084 1251 4155 adnbtetur
1270 4103 1540 4167 veteribus,
1564 4052 1855 4154 nominatim
1879 4107 2041 4171 autem
2072 4096 2375 4173 s.'1'homae,
2396 4104 2580 4155 incoin-

349 4182 555 4244 vm·
548 4174 756 4267 quitus
768 4176 953 4235 sume
936 4196 991 4235 ιιι
1010 4184 1325 4237 matrimonio
1350 4185 1617 4235 christiano
1655 4168 2022 4251 distinctionem
2051 4185 2179 4235 inter
2208 4188 2514 4236 contractum
2534 4187 2585 4234 et

347 4264 742 4326 mame-tum,
768 4263 931 4327 qualis
951 4277 982 4313 a
1005 4265 1354 4316 recentioribus
1387 4265 1664 4327 excogitata
1689 4266 1778 4314 est.
1798 4263 1902 4314 niis
1921 4267 2052 4315 enim
2079 4266 2277 4328 perinde
2295 4268 2400 4315 erat
2419 4265 2583 4314 dicere

352 4342 724 4394 matrimonium
744 4357 805 4394 ac
828 4344 992 4396 dicere
1016 4349 1395 4397 sacramentum
1407 4346 1582 4397 Nescio
1598 4348 1842 4396 ancanm
1859 4346 1989 4396 hunc
2004 4359 2045 4396 s.
2062 4347 2154 4396 Th.
2165 4345 2459 4397 articulum
2446 4350 2578 4408 igno·

351 4422 553 4484 raverit,
572 4422 693 4474 dum
712 4436 804 4488 pro
819 4437 910 4475 sua
931 4436 1061 4474 nova
1081 4423 1307 4475 doctrina
1325 4424 1598 4488 angelicum
1623 4425 1885 4477 Doctorem
1909 4422 2133 4477 adduxit.
