3276 5083
584 470 726 519 cir.
771 469 842 518 11.
884 468 964 517 nt
999 468 1316 518 unmsrao.
1359 468 1499 518 aar.
1544 469 1614 518 n.
1657 468 1914 528 Quam.
1958 467 2361 522 raoonnssns.
2520 450 2607 521 75

537 588 622 661 At
670 611 847 659 nunc
896 607 1161 658 rursum
1213 584 1393 686 apud
1444 586 1939 660 recentissimos
1989 604 2290 662 auctores
2337 613 2613 690 praeva-

390 706 485 786 let
536 702 806 801 antiqua
855 700 1184 774 sententia
1224 756 1240 788 ‚
1308 728 1484 801 quae
1534 701 1681 776 sola
1729 717 1823 775 tot
1870 700 2245 776 seculorum
2296 703 2489 805 lapsu
2540 707 2610 778 in

392 819 680 893 ecclesia
700 816 934 914 viguit,
966 814 1156 915 quod
1174 814 1431 889 scilicet
1463 817 1581 916 qui
1614 817 2016 891 contrahunt
2049 818 2179 918 ipsi
2216 835 2376 892 sunt
2405 820 2612 894 huius

374 934 789 1030 ‘sacramenti
838 931 1157 1005 ministri.
1205 932 1485 1026 Interim
1524 955 1607 1004 ex
1655 932 1786 1006 levi
1835 933 1962 1005 hac
2011 932 2338 1007 historica
2387 935 2616 1007 adum·-

390 1049 691 1122 bratione
740 1072 1026 1146 pronum
1077 1053 1182 1120 e'st
1228 1045 1541 1143 colligam
1558 1105 1574 1135 ,
1632 1047 1991 1122 nonnullos
2034 1063 2340 1123 auctores
2372 1075 2454 1123 ex
2487 1050 2607 1135 iis,

385 1164 501 1263 qui
529 1163 697 1236 Cani
724 1162 1122 1235 sententiam
1157 1161 1443 1262 amplexi
1480 1178 1637 1236 sunt
1654 1219 1671 1249 ‚
1701 1162 1982 1237 ulterius
2017 1187 2220 1263 quam
2258 1188 2379 1264 par
2401 1181 2605 1249 esset,

385 1280 487 1352 uti
511 1279 601 1352 ab
624 1278 816 1351 initio
848 1276 1314 1351 adnotavimus
1335 1334 1351 1363 ‚
1395 1278 1603 1352 nimio
1628 1295 1821 1352 aestu
1854 1278 2189 1378 abreptos,
2221 1277 2430 1353 fuisse
2461 1303 2615 1380 pro·

389 1417 685 1490 gressos.
715 1391 989 1492 Decepti
1033 1392 1367 1491 siquidem
1412 1393 1671 1492 specie,
1706 1415 1909 1491 quam
1935 1392 2151 1492 prima
2183 1393 2399 1467 fronte
2431 1391 2616 1467 exhi-

388 1506 507 1581 bet
551 1506 779 1606 opinio
829 1505 978 1592 illa,
1034 1506 1129 1578 ita
1176 1505 1244 1578 in
1294 1508 1696 1580 contrariam
1746 1506 2278 1593 insurrexerunt,
2337 1521 2418 1580 ut
2464 1533 2611 1581 eam

385 1637 726 1720 tamquam
791 1619 1149 1693 absurdam
1176 1675 1195 1704 ,
1262 1636 1600 1720 tamquam
1661 1623 1840 1694 omni
1891 1623 2141 1694 ratione
2193 1621 2606 1707 descitum,

385 1751 730 1834 tamquam
783 1734 1161 1833 prodentem
1209 1737 1596 1810 catholicam
1651 1735 1886 1834 doymo
1931 1735 2019 1808 de
2062 1736 2341 1810 veritate
2390 1763 2616 1811 saera-

386 1851 593 1924 menti
644 1850 1052 1948 matrimonii
1072 1891 1097 1936 ‚-
1131 1865 1469 1950 tamquam
1504 1850 1798 1950 denique
1828 1878 1959 1925 non
1991 1850 2326 1950 [medam
2357 1853 2613 1924 omnino

386 1964 820 2038 traduxerint.
871 1962 1066 2050 Quod
1114 1989 1317 2063 quam
1367 1980 1613 2039 temere
1678 1965 1956 2040 fecerint
2001 1991 2085 2038 ex
2134 1966 2260 2051 iis,
2316 1991 2489 2063 quae
2537 1966 2610 2037 in

386 2081 591 2154 huius
652 2080 1064 2155 tractationis
1114 2080 1401 2155 decursu
1450 2080 1692 2155 dicturi
1743 2108 1981 2155 sumus
2007 2140 2024 2167 ‚
2081 2081 2280 2155 facile
2329 2081 2607 2179 patebit.

1217 2312 1631 2369 ARTicuLus
1673 2312 1772 2378 iii.

810 2443 1128 2506 Corollaria
1164 2461 1237 2506 ex
1278 2461 1435 2505 nova
1471 2447 1755 2505 sententia
1794 2444 1867 2503 de
1905 2443 2202 2505 sacerdote

1008 2526 1308 2586 christiani
1334 2525 1694 2588 Matrimonii
1721 2527 2007 2587 ministro.

530 2652 651 2725 vix
696 2653 834 2729 dici
885 2669 1101 2754 potest
1148 2671 1310 2754 quot
1361 2670 1748 2755 quantaque
1783 2680 1865 2727 ex
1901 2653 2067 2727 Cani
2103 2656 2433 2728 sententia
2467 2680 2615 2756 per-

391 2767 847 2843 niciosissima
869 2770 1280 2844 consectaria
1299 2770 1592 2844 deducta
1617 2770 1754 2844 sint
1778 2770 1865 2843 ad
1892 2770 2345 2843 temerandam
2379 2794 2614 2844 sanam

388 2881 474 2955 de
522 2883 926 2957 matrimonii
976 2883 1327 2961 christiani
1379 2883 1774 2958 doctrinam.
1829 2883 2063 2958 Procul
2113 2884 2322 2958 dubio
2380 2884 2617 2958 claris·-

392 2995 605 3068 simus
652 3012 887 3070 auctor
934 2996 1323 3072 huiusmodi
1373 2997 1786 3072 conmotaria
1824 3024 1956 3072 non
1999 2997 2362 3096 praevidit,
2407 2998 2617 3072 multo

394 3132 551 3184 vero
598 3112 825 3185 minus
877 3112 1196 3199 intendit,
1251 3113 1415 3187 dum
1468 3139 1708 3190 novam
1758 3112 1934 3188 hanc
1970 3114 2313 3214 professus
2347 3129 2451 3188 est
2475 3113 2620 3213 opi·

391 3224 693 3310 nionem;
752 3224 1055 3324 quinimo
1106 3242 1336 3302 contra
1382 3228 1532 3303 eius
1583 3227 2015 3301 intentionem
2067 3250 2146 3299 ac
2195 3240 2483 3299 mentem
2535 3226 2618 3298 il·-

393 3337 526 3411 lata
575 3339 788 3412 fuisse
837 3340 1125 3412 dicenda
1174 3324 1515 3413 suntssSed
1553 3366 1634 3412 ea
1674 3356 1778 3413 est
1827 3340 2304 3440 principiorum
2355 3338 2616 3411 theore-

394 3453 670 3525 ticorum
723 3469 993 3542 natura,
1051 3470 1127 3527 ut
1174 3478 1326 3528 cum
1379 3454 1707 3528 faecunda
1758 3470 1949 3541 sunt,
2006 3454 2326 3555 paulatim
2376 3478 2455 3525 ac
2504 3478 2621 3552 pe-

392 3567 706 3641 detentim
755 3569 1145 3644 evolvantur
1176 3596 1297 3643 eae
1319 3626 1335 3655 ‚
1391 3595 1562 3670 quas
1612 3570 1683 3643 in
1733 3597 1808 3643 se
1857 3568 2196 3642 continent
2213 3625 2230 3653 ‚
2290 3565 2618 3667 practicae

389 3682 851 3757 deductiones.
890 3684 1082 3770 Quod
1134 3708 1284 3757 cum
1334 3683 1689 3785 multiplici
1743 3683 2005 3759 ostendi
2057 3683 2309 3756 ratione
2358 3681 2611 3782 possit,

389 3823 476 3870 ne
507 3814 692 3871 extra
740 3815 1201 3896 argumentum
1223 3857 1240 3886 ,
1296 3798 1480 3899 quod
1531 3825 1880 3875 versamus
1896 3856 1912 3886 ,
1961 3799 2208 3872 frustra
2255 3823 2576 3895 vagemur
2592 3853 2609 3885 ‚

385 3936 469 3984 ea
512 3913 767 4012 potiora
799 3915 1210 3987 consectaria
1246 3916 1692 4014 perstringam
1711 3973 1727 4002 ,
1759 3939 1936 4014 quae
1960 3940 2002 3986 a
2029 3940 2161 3986 non
2190 3913 2423 4013 paucis
2450 3911 2613 3985 Cani

388 4025 829 4100 sectatoribus
881 4054 961 4099 ex
1012 4043 1257 4102 statuto
1308 4026 1637 4127 principio
1688 4028 1953 4102 evoluta
2001 4043 2180 4101 sunt.

533 4141 629 4212 Ac
667 4143 910 4239 primo.
967 4141 1067 4213 Ex
1112 4141 1482 4227 sententia,
1539 4141 1718 4240 quod
1770 4140 2083 4215 sacerdos
2133 4143 2223 4217 sit
2268 4141 2615 4214 christiani

388 4256 683 4354 coniugii
738 4256 1084 4344 minister,
1142 4283 1218 4331 ac
1270 4257 1549 4359 proinde
1598 4256 1778 4357 quod
1829 4257 2057 4346 verba,
2107 4284 2283 4359 quae
2332 4257 2418 4331 ab
2469 4256 2617 4359 ipso

390 4370 459 4439 in
515 4371 872 4468 iungendis
923 4372 1176 4471 nuptiis
1235 4375 1680 4472 proferuntur,
1739 4374 1875 4447 sint
1924 4374 2134 4448 forma
2178 4372 2608 4459 sacramenti,
