3276 5083
666 432 807 504 ut
1050 453 1171 506 m.
1216 455 1262 506 1.
1306 455 1479 506 sacr.
1523 453 1568 505 ι.
1610 455 1696 505 nn
1745 454 2007 506 unum.
2049 455 2475 507 mensumn-o.

656 574 837 647 enim
888 570 1226 646 retulisset
1273 573 1713 647 obiectionem
1755 572 2043 646 Wicleffi
2095 599 2176 646 ex
2225 598 2378 672 cap.
2416 573 2532 645 22.
2583 573 2837 646 Triodii
2866 603 2891 645 .-

662 718 699 758 α
725 687 959 774 Qualis
1004 688 1231 785 regula
1283 688 1448 760 soret
1494 687 1672 761 idem
1723 688 2220 768 matrimonium
2272 688 2383 762 bis
2430 688 2894 788 completum?

659 804 881 876 Primo
944 803 1012 875 in
1081 819 1231 876 actu
1294 804 1651 901 coniugum
1704 830 1826 903 per
1890 829 1967 877 se
2027 804 2200 877 sacto
2233 862 2250 892 ,
2322 819 2391 877 et
2454 805 2755 879 secundo
2820 807 2894 878 in

657 918 942 994 solemni
1009 919 1139 991 ritu
1188 918 1273 992 ad
1323 919 1570 993 ostium
1635 919 1960 994 ecclesiae
2012 947 2052 992 a
2102 920 2447 993 sacerdote
2516 946 2636 1019 per
2681 921 2893 994 verba

659 1036 1008 1133 nugatoria
1056 1050 1122 1108 et
1172 1035 1344 1108 falsa
1388 1035 1664 1109 comiter
1712 1035 2117 1109 celebrato.»
2151 1035 2575 1134 Respondet:
2614 1036 2897 1110 «Primo

657 1150 744 1223 ad
795 1151 1256 1248 quaestionem
1307 1149 1611 1222 dicamus
1646 1150 1718 1221 in
1754 1151 2000 1222 forma:
2043 1164 2110 1222 et
2144 1149 2410 1222 tandem
2448 1150 2531 1222 ad
2569 1150 2665 1237 id,
2707 1151 2893 1250 quod

656 1265 994 1365 qu‘omodo
1042 1265 1340 1366 implicet
1372 1265 1456 1338 de
1491 1265 1736 1337 rituum
1781 1265 2060 1338 istorum
2101 1266 2358 1339 ratione
2402 1266 2776 1339 fundanda.
2820 1268 2891 1339 Si

659 1382 865 1479 igitur
903 1382 1224 1480 coniuges
1276 1381 1448 1455 clam
1500 1377 1901 1454 contrabant
1947 1381 2096 1455 sine
2129 1396 2331 1469 teste,
2374 1396 2509 1455 stat
2531 1384 2898 1481 perfectum

656 1524 793 1570 csse
852 1500 1223 1595 coniuqium
1270 1499 1343 1568 in
1390 1523 1457 1569 se
1507 1498 1688 1595 ipso:
1744 1496 1865 1569 sed
1913 1497 2163 1571 factum
2216 1499 2285 1570 in
2338 1498 2511 1571 facie
2560 1498 2893 1572 ecclesiae

653 1636 880 1685 coram
931 1611 1214 1684 testibus
1239 1666 1257 1697 ,
1310 1608 1717 1710 completum
1753 1610 1958 1685 robur
1990 1611 2238 1710 accipit
2287 1611 2623 1685 firmitatis
2655 1614 2888 1711 (11).0

801 1725 1062 1811 Quibus
1111 1725 1470 1824 postremis
1518 1724 1743 1798 verbis
1797 1726 2135 1824 significat
2195 1727 2581 1825 coniugium
2631 1754 2714 1800 ex
2758 1753 2896 1828 pu-

655 1839 836 1914 blica
885 1840 1330 1914 celebratione
1381 1841 1474 1913 ita
1523 1840 1793 1913 demum
1858 1840 2110 1914 firmari
2177 1842 2763 1942 consolidarique,
2820 1861 2897 1920 ut

656 1954 844 2029 nulla
894 1954 1117 2029 subsit
1166 1955 1338 2030 ratio
1387 1955 1734 2030 veritatem
1775 1958 1944 2055 sacti
1979 1956 2403 2055 denegandi,
2451 1958 2896 2058 quemadmo-

653 2070 815 2144 dum
868 2097 1002 2146 non
1055 2070 1261 2146 semel
1315 2071 1383 2144 in
1435 2071 1748 2169 coniugio
1795 2070 2056 2146 occulte
2095 2097 2176 2145 ac
2219 2074 2369 2147 sine
2402 2071 2688 2148 testibus
2723 2075 2894 2150 inito

654 2181 1106 2285 contingebat.
1148 2187 1496 2287 Siquidem
1548 2188 1884 2261 interdum
1909 2245 1924 2274 ,
1979 2189 2101 2288 qui
2155 2189 2249 2261 ita
2295 2189 2678 2266 clanculum
2729 2215 2894 2264 con·

655 2302 934 2375 nubium
968 2301 1491 2389 contrahebant,
1534 2317 1768 2401 postea
1802 2300 1988 2376 illius
2009 2303 2517 2380 coniunctionis
2551 2306 2884 2404 pertaesi,

658 2418 826 2492 alter
877 2445 958 2491 ex
1006 2419 1405 2516 coniugibus
1452 2443 1605 2492 cum
1657 2418 1823 2505 alia,
1866 2434 1984 2492 aut
2015 2444 2169 2492 cum
2206 2418 2341 2493 alio
2372 2419 2646 2519 publice
2679 2421 2754 2492 in
2788 2447 2892 2496 ec—

659 2532 869 2606 clesia
891 2590 907 2620 ,
940 2549 1260 2606 consueta
1296 2531 1715 2606 solemnitate
1749 2534 2245 2608 matrimonium
2281 2533 2700 2624 celebrabat3
2731 2535 2894 2612 licet

659 2672 857 2746 porro
891 2647 1060 2719 alter
1093 2647 1555 2734 reclamasset,
1601 2672 1754 2720 cum
1804 2647 1972 2720 nulli
2008 2665 2237 2723 essent
2270 2666 2472 2725 testes
2507 2652 2657 2725 initi
2693 2653 2890 2752 prius

663 2760 1002 2858 coniugii,
1054 2760 1257 2835 fiebat
1297 2779 1372 2836 ut
1419 2761 1705 2836 ecclesia
1726 2822 1741 2850 ‚
1791 2789 1971 2863 quae
2020 2791 2153 2839 non
2203 2766 2455 2840 iudicat
2485 2768 2573 2841 de
2603 2769 2890 2844 occultis

664 2901 743 2948 ac
792 2874 878 2948 de
930 2876 1208 2949 internis
1232 2935 1247 2964 ,
1304 2878 1701 2950 sententiam
1756 2879 2053 2977 proferre
2099 2896 2443 2978 cogeretur
2488 2907 2614 2981 pro
2658 2883 2889 2958 valore

654 2990 933 3063 alterius
957 2986 1251 3090 coniugii
1283 2991 1549 3092 publice
1575 2993 1919 3083 contracti,
1944 3020 2188 3092 magno
2212 2997 2586 3070 animarum
2605 2999 2880 3075 damno:

657 3106 991 3205 siquidem
1064 3131 1287 3180 coram
1338 3107 1480 3181 Deo
1530 3108 1829 3182 secunda
1891 3109 2222 3184 eiusmodi
2286 3111 2669 3187 coniunctio
2730 3140 2891 3189 vere

653 3239 836 3295 esset
886 3222 1285 3296 adulterina.
1337 3224 1610 3297 Interim
1666 3224 1855 3323 prius
1906 3225 2290 3323 coniugium
2331 3226 2409 3299 de
2454 3228 2631 3326 sacto
2666 3230 2888 3304 solve-

652 3337 869 3410 batur.
921 3337 1063 3411 Hac
1111 3339 1197 3411 de
1262 3363 1472 3411 causa
1531 3339 1825 3413 Thomas
1873 3339 2240 3414 waldensis
2291 3343 2567 3442 scripsit
2605 3372 2621 3416 ε
2682 3374 2721 3414 α
2753 3347 2888 3420 Sed

653 3453 901 3527 factum
945 3453 1015 3525 in
1058 3454 1232 3527 facie
1273 3454 1604 3528 ecclesiae
1644 3481 1869 3528 coram
1899 3452 2205 3530 'testibus
2254 3460 2639 3558 completum
2683 3463 2890 3535 robur

652 3570 894 3667 accipit
925 3569 1291 3668 finnitatt's,
1324 3599 1358 3638 »
1402 3594 1643 3668 nempe
1693 3572 2127 3644 soetrinsecum
2147 3627 2166 3657 ,
2209 3598 2343 3647 non
2377 3590 2599 3648 autem
2651 3577 2890 3650 intrim

651 3687 904 3768 secum,
962 3709 1116 3758 cum
1168 3684 1302 3758 iam
1344 3686 1706 3784 perfectum
1751 3685 1995 3760 dixerit
2035 3687 2420 3785 coniugium
2465 3689 2888 3766 clandestine

653 3788 1090 3872 contractum.
1140 3798 1357 3899 Atque
1406 3799 1582 3873 hanc
1617 3800 1686 3872 in
1722 3827 1861 3873 rem
1906 3802 2156 3900 profert
2203 3829 2437 3877 casum
2483 3830 2565 3878 ex
2600 3805 2889 3904 Hugone

651 3910 1027 3999 Victorino,
1087 3940 1289 4013 quem
1343 3940 1466 3988 nos
1516 3914 1670 3988 heic
1719 3915 2191 3990 indicavimus.

796 4024 1079 4099 Demum
1130 4029 1388 4103 accedit
1453 4029 1911 4103 testimonium
1978 4032 2161 4104 omni
2222 4034 2611 4134 exceptione
2659 4037 2884 4110 maius

652 4138 915 4214 concilii
964 4141 1356 4232 tridentini,
1410 4145 1593 4244 quod
1646 4171 1819 4220 sess,
1879 4146 2100 4218 XXIV.
2152 4174 2304 4248 cap.
2348 4150 2402 4220 Ι.
2451 4150 2542 4222 De
2574 4152 2877 4249 reform„

650 4405 718 4456 Η
796 4324 897 4387 (1¹)
932 4324 1154 4457 Τῗέηιιῖο
1196 4328 1473 4381 walam
1506 4332 1682 4382 tomu-
1719 4330 1964 4383 sooundus
2000 4335 2075 4385 ne
2120 4337 2481 4387 sacramen.
2519 4338 2693 4388 venet.
2739 4342 2881 4389 1⁶⁸0.

671 4412 971 4457 0.219.roe
1046 4413 1207 4458 (30.1.
