3276 5083
604 454 742 503 cir.
770 454 858 503 iv.
886 452 965 502 ns
997 451 1235 504 iacun.
1274 451 1389 502 rno
1424 451 1581 502 Lm!
1615 451 1697 501 nr.
1731 451 1921 502 iura.
1946 448 2073 500 civ.
2106 450 2246 501 iar.
2282 451 2303 501 1
2486 427 2626 499 345

406 600 535 647 ceu
600 573 891 646 fructum
942 570 1399 669 exquisitioris
1458 568 1897 643 humanitatis
1950 567 2155 641 huius
2205 567 2352 641 aevi
2405 567 2629 667 plenis

409 688 644 762 buccis
695 688 1142 788 proclamare,
1186 711 1408 760 nonne
1441 685 1563 757 tibi
1604 685 1673 756 in
1708 700 1999 759 mentem
2050 683 2233 757 subit
2281 683 2625 759 oraculum

408 804 659 879 Christi
695 803 964 878 Domini
1007 801 1374 877 Salvatoris
1414 800 1673 875 nostri:
1716 799 2036 874 Attendite
2060 824 2104 873 a
2130 800 2439 897 fermento
2456 800 2633 899 pha-

405 922 766 994 risaeorum
812 918 985 1018 quod
1033 933 1127 990 est
1178 917 1601 1017 hypocrisis?

551 1033 869 1107 Secundo.
927 1033 1013 1106 At
1058 1032 1386 1133 quidnam
1435 1030 1820 1106 istiusmodi
1871 1007 2182 1105 homines
2232 1030 2631 1128 significant

406 1150 535 1223 sub
568 1149 900 1225 libertatis
936 1148 1394 1224 conscientiae
1427 1147 1711 1247 phrasi?
1737 1146 2038 1222 Profecto
2062 1172 2199 1220 non
2225 1145 2413 1220 aliud
2449 1145 2633 1245 apud

406 1292 526 1341 eos
576 1267 705 1341 hoc
755 1266 1028 1340 nomine
1078 1264 1498 1363 significatur
1518 1321 1536 1351 ,
1593 1288 1800 1364 quam
1850 1261 2032 1362 quod
2083 1260 2405 1336 haeretici
2476 1288 2631 1362 pro-

408 1397 730 1456 testantes
755 1439 772 1468 ‚
828 1408 1114 1481 quorum
1164 1379 1408 1480 spiritu
1459 1405 1539 1454 ac
1589 1377 1946 1481 principiis
1997 1393 2360 1476 reguntur;
2422 1404 2630 1477 quam

405 1497 589 1595 quod
614 1496 858 1570 abiecti
884 1496 1213 1570 increduli
1256 1496 1532 1569 infimae
1569 1493 1812 1571 classis
1837 1553 1854 1582 ,
1896 1493 2156 1569 scilicet
2189 1492 2622 1580 voltaeriani3
2708 1544 2725 1562 .

408 1637 615 1709 quam
659 1611 840 1710 quod
894 1611 1350 1684 rationalistae
1386 1610 1702 1707 vulgares
1730 1667 1746 1697 ‚
1790 1609 1954 1701 dum
1995 1625 2061 1682 et
2099 1609 2234 1708 ipsi
2272 1609 2400 1681 has
2432 1632 2634 1683 voces

406 1742 776 1825 usurpant,
815 1726 1201 1823 designant.
1240 1725 1593 1800 Eiusmodi
1628 1740 1852 1799 autem
1889 1722 2298 1822 significatio
2322 1722 2635 1797 bifariam

403 1840 763 1928 dividitur,
821 1839 1082 1914 scilicet
1130 1841 1200 1913 in
1254 1840 1633 1938 negativam
1659 1898 1674 1927 ,
1716 1855 1783 1913 et
1815 1839 1886 1912 in
1929 1838 2330 1939 positivam;
2382 1855 2636 1921 utram·

405 1980 538 2053 que
586 1954 984 2051 singillatim
1036 1955 1498 2054 expendamus
1546 1970 1832 2053 oportet.

553 2070 628 2139 ln
682 2095 890 2142 sensu
939 2068 1250 2166 negativo
1296 2070 1523 2143 verbis
1578 2070 1900 2142 libertatis
1952 2070 2377 2141 conscientiae
2426 2067 2634 2165 signi-

407 2182 611 2255 ficant
632 2239 648 2267 ‚
681 2208 756 2256 se
782 2184 1120 2256 neminem
1164 2183 1302 2281 pati
1345 2182 1518 2257 velle
1543 2240 1560 2270 ‚
1607 2183 1726 2283 qui
1781 2182 1912 2256 sibi
1963 2182 2355 2285 adversetur
2369 2238 2386 2268 ,
2429 2181 2634 2255 adeo-

407 2323 540 2396 que
590 2296 923 2371 libertatis
974 2297 1246 2371 nomine
1286 2296 1601 2371 ferendos
1652 2324 1804 2373 esse
1853 2312 2101 2394 negant
2147 2323 2265 2371 eos
2292 2354 2308 2385 ,
2348 2297 2466 2395 qui
2518 2311 2635 2370 aut

402 2412 606 2488 dictis
649 2429 767 2487 aut
808 2413 1004 2488 factis
1054 2429 1395 2488 sectantur
1443 2414 1781 2513 principia
1829 2414 2107 2489 omnino
2151 2412 2464 2514 opposita
2511 2410 2626 2499 iis,

401 2555 580 2628 quae
618 2528 732 2604 isti
788 2527 1117 2604 libertatis
1167 2547 1537 2605 assertores
1588 2530 2009 2630 profitentur.
2067 2529 2209 2605 Hos
2261 2544 2505 2605 vocant
2548 2526 2634 2601 li-

400 2644 680 2718 bertatis
732 2644 1043 2720 inimicos
1067 2702 1083 2732 ‚
1148 2671 1401 2745 eosque
1449 2644 1718 2720 excludi
1766 2644 2001 2721 volunt
2047 2673 2090 2719 a
2139 2644 2432 2746 publicis
2480 2644 2632 2718 offi-

401 2760 529 2834 ciis
560 2818 577 2847 ,
633 2787 676 2833 a
722 2761 1114 2858 magisterio
1159 2776 1226 2835 et
1272 2762 1693 2836 institutione
1751 2761 2116 2836 iuventutis
2183 2762 2252 2833 in
2317 2759 2560 2835 litteris
2606 2816 2625 2848 ,

408 2875 606 2949 bonis
674 2875 932 2951 artibus
981 2903 1063 2951 ac
1112 2876 1478 2975 religione;
1536 2877 1801 2952 excludi
1855 2904 1970 2952 eos
2020 2875 2253 2951 volunt
2300 2902 2343 2951 a
2391 2875 2635 2975 quovis

402 2990 843 3085 magistratu:
918 2993 1349 3090 potissimum
1406 3020 1563 3069 vero
1614 2992 1959 3068 exclusum
2008 2991 2239 3069 volunt
2301 2992 2629 3064 influxum

405 3102 756 3202 utriusque
779 3103 942 3176 cleri
977 3105 1046 3177 in
1090 3105 1321 3204 populi
1362 3132 1583 3180 mores
1607 3164 1623 3194 ‚
1669 3107 2101 3205 disciplinam
2144 3123 2348 3205 atque
2389 3105 2635 3179 instru-

408 3220 696 3291 ctionem
719 3274 738 3303 ‚
780 3233 854 3291 ut
901 3216 1097 3291 liberi
1126 3219 1255 3318 ipsi
1283 3220 1556 3294 omnino
1583 3220 1754 3306 sint,
1786 3218 1989 3295 veluti
2018 3245 2058 3292 a
2085 3218 2372 3318 spectris
2394 3273 2411 3305 ,
2459 3244 2634 3317 quae

406 3333 795 3432 perturbare
846 3360 963 3408 eos
1010 3335 1482 3434 quoquomodo
1549 3351 1869 3435 possent,
1945 3335 2279 3434 taciteque
2345 3360 2625 3431 arguere

403 3462 471 3520 et
519 3448 1127 3537 commonefacere,
1181 3465 1257 3523 ut
1296 3475 1381 3548 ,se
1430 3465 1737 3523 avertant
1761 3449 1956 3523 aviis
1985 3449 2339 3549 pessimis,
2381 3446 2631 3548 quibus

403 3563 716 3637 incedere
766 3564 1037 3639 vellent.
1100 3567 1334 3665 ltaque
1383 3564 1713 3640 libertatis
1764 3564 2218 3639 conscientiae
2270 3563 2463 3638 titulo
2517 3589 2634 3635 ne-

405 3678 652 3751 minem
707 3679 840 3753 sibi
895 3679 1128 3755 volunt
1187 3680 1393 3756 verbo
1415 3738 1432 3768 ‚
1486 3696 1603 3755 aut
1655 3707 1727 3753 re
1776 3680 2232 3755 contradicere
2263 3737 2279 3767 ‚
2340 3679 2632 3778 ideoque

403 3791 602 3867 bonis
652 3792 967 3868 omnibus
1018 3820 1174 3869 acre
1223 3794 1472 3869 bellum
1524 3795 1851 3869 indicunt.
1913 3797 2144 3893 Neque
2199 3793 2331 3867 boc
2382 3819 2627 3882 novum

405 3923 550 3994 est3
612 3906 781 3982 tales
831 3925 1021 3982 erant
1069 3909 1334 3984 duobus
1387 3926 1505 3983 aut
1555 3925 1655 3982 ter
1704 3908 2190 3982 milleabhinc
2225 3908 2466 3994 annis,
2506 3909 2627 4007 qui

318 4065 323 4072 =
407 4022 664 4096 iamdiu
728 4021 905 4096 hanc
971 4024 1275 4097 eamdem
1344 4024 1721 4098 libertatem
1776 4024 2225 4097 conscientiae
2284 4038 2636 4097 consecta-

405 4137 687 4211 bantur:
744 4168 780 4210 α
811 4138 1243 4228 Considerat‚
1301 4139 1522 4214 aiebat
1568 4139 1784 4214 David
1811 4198 1826 4227 ,
1876 4154 2183 4238 peccator
2235 4141 2522 4227 iustum,
2566 4155 2635 4213 et

405 4257 668 4351 quaerit
714 4254 1117 4328 mortificare
1167 4281 1318 4329 eum
1375 4255 1960 4351 (13).»1)ixerunt
2009 4255 2343 4354 (impii),
2403 4253 2632 4329 subdit

536 4406 637 4467 (13)
670 4410 747 4458 Ps.
771 4410 989 4460 xxxlv.
1017 4415 1099 4461 82.
