3276 5083
721 408 857 480 nt
1008 468 1041 477 ,Α
1100 428 1323 481 m.·1.
1369 429 1544 481 sacr.
1590 429 1855 481 unu.
1899 428 2280 483 ivr-nrm.
2321 429 2536 481 civim.

859 544 1273 622 Gravissime
1305 547 1537 647 itaque
1569 546 1818 619 erravit
1846 560 2071 621 orator
2105 545 2513 646 subalpinus
2537 546 2608 618 in
2634 573 2744 633 eo,
2767 548 2978 647 quod

713 661 1099 736 affirmavit
1131 661 1490 736 concilium
1561 660 1993 736 adhaerendo
2044 662 2328 736 consilio
2376 661 2724 760 Campegii
2791 688 2978 736 con-

718 792 1002 852 tractum
1047 803 1092 850 a
1138 786 1558 852 sacramento
1599 779 1989 851 seiunaeisse.
2037 779 2187 853 Non
2221 778 2316 851 ita
2350 804 2427 851 se
2459 779 2679 875 gessit
2719 780 2978 853 conci-

717 893 885 966 lium
907 949 924 980 ,
952 892 1080 967 sed
1109 909 1500 967 constanter
1540 893 1865 966 unitatem
1900 893 2149 967 realem
2189 918 2543 967 assumens
2587 894 2687 966 uti
2724 893 2976 968 basim

720 1007 1050 1082 retinendi
1076 1018 1457 1082 contractus
1476 1025 1543 1082 et
1558 1011 1987 1097 sacramenti,
2014 1035 2338 1109 personas
2357 1035 2531 1108 quae
2548 1023 2980 1084 attentarent

717 1124 1106 1222 coniugium
1145 1124 1276 1198 sub
1323 1124 1538 1198 forma
1573 1152 1614 1199 a
1650 1151 1726 1199 se
1755 1126 2176 1225 praescripta
2213 1124 2484 1198 diversa
2517 1123 2817 1198 reddidit
2847 1126 2972 1197 iu-

718 1239 984 1314 habiles
1028 1240 1115 1313 ad
1156 1240 1716 1328 contrahendum,
1772 1241 2077 1341 adeoque
2110 1255 2177 1314 et
2210 1239 2549 1314 inhabiles
2593 1240 2681 1312 ad
2728 1266 2972 1315 sacra-

721 1363 1022 1429 mentum
1046 1356 1541 1431 conficiendum
1574 1360 1803 1453 (101);
1837 1358 2001 1459 quia
2034 1358 2160 1430 etsi
2188 1357 2259 1429 in
2284 1383 2357 1430 re
2388 1382 2600 1429 unum
2637 1355 2969 1455 idemque

717 1471 863 1546 sint
884 1487 1271 1546 contractus
1307 1473 1720 1546 matrimonii
1758 1490 1825 1546 et
1859 1488 2351 1547 sacramentum
2373 1530 2389 1558 ,
2440 1488 2665 1545 tamen
2696 1474 2965 1544 ratione

724 1596 850 1661 se'u
897 1589 1283 1685 cogitatione
1333 1587 1501 1662 alter
1554 1588 1640 1662 ab
1667 1600 1670 1603 “
1697 1587 1904 1662 altero
1952 1587 2434 1685 distinguitur;
2489 1586 2706 1684 logice
2768 1588 2961 1660 enim

723 1701 914 1801 prius
947 1717 1053 1776 est
1084 1719 1465 1777 contractus
1503 1730 1709 1802 quam
1743 1720 2261 1778 sacramentum.
2304 1702 2459 1774 Dixi
2485 1704 2777 1785 ratione,
2814 1728 2957 1776 non

720 1829 946 1887 autem
991 1826 1341 1914 tamquam
1387 1843 1494 1890 res
1529 1844 1572 1890 a
1602 1844 1698 1901 re,
1755 1817 1954 1916 quasi
2006 1816 2184 1891 duae
2224 1834 2456 1891 essent
2494 1816 2810 1890 entitates
2852 1842 2960 1889 se-

720 1943 1016 2029 paratae.
1050 1931 1129 2003 In
1154 1931 1485 2006 eiusmodi
1526 1931 1911 2032 sphalmata
1944 1933 2287 2018 incidunt,
2319 1931 2437 2030 qui
2474 1931 2716 2005 falcem
2751 1957 2952 2004 suam

720 2044 796 2119 i'n
846 2044 1138 2120 alienam
1190 2074 1482 2122 messem
1539 2049 1899 2121 immittere
1939 2063 2402 2147 praesumunt.

871 2163 1028 2237 Post
1075 2162 1245 2237 haee
1296 2163 1493 2237 facile
1557 2164 1690 2236 erit
1749 2163 1975 2236 lectori
2040 2162 2367 2235 iudicium
2438 2162 2608 2235 ferre
2658 2161 2746 2236 de
2794 2189 2952 2259 gra-

720 2276 1029 2351 vissima
1056 2278 1433 2352 adversarii
1495 2278 1976 2352 conclusione:
2036 2277 2459 2377 Quapropter
2509 2277 2679 2375 legis
2730 2276 2949 2351 civilis

725 2391 1095 2467 adversarii
1139 2394 1209 2465 in
1251 2420 1489 2467 canone
1538 2393 1800 2489 (dicere
1831 2395 2043 2469 voluit
2068 2394 2138 2465 in
2164 2393 2452 2488 decreto)
2507 2392 2780 2467 concilii
2833 2393 2950 2465 tri-

717 2505 1006 2597 dentin-i,
1063 2508 1230 2607 quin
1283 2508 1628 2584 inveniant
1661 2510 2071 2610 praesidium
2106 2524 2221 2584 aut
2254 2508 2555 2596 tutelam,
2592 2508 2947 2584 inveniunt

718 2623 1008 2697 ruinam.
1071 2622 1294 2709 Quum
1347 2625 1763 2725 praemissae
1812 2625 2019 2699 huius
2078 2624 2610 2699 ratiocinationis
2675 2641 2949 2698 assutae

715 2737 859 2811 sint
905 2737 1180 2811 totidem
1230 2740 1569 2813 erroribus
1623 2767 1704 2813 ac
1753 2741 2169 2815 falsitatibus
2204 2798 2220 2828 ,
2274 2740 2763 2838 consequentia
2812 2765 2947 2813 non

717 2850 953 2928 debuit
1001 2852 1089 2924 ab
1142 2853 1282 2926 illis
1346 2854 1756 2952 discrepare.
1819 2857 2076 2954 Nempe
2140 2854 2375 2928 debuit
2435 2878 2590 2928 esse
2651 2853 2826 2928 falsa
2883 2871 2949 2927 et

716 2964 1016 3041 absurda
1037 3023 1054 3054 ,
1095 2968 1191 3039 uti
1245 2995 1475 3048 revera
1510 2986 1637 3044 est.
1682 2972 1848 3044 Nam
1885 2967 2037 3044 cum
2072 2969 2435 3044 concilium
2469 2969 2721 3044 realem
2756 2969 2948 3043 iden-

714 3082 979 3157 -titatem
1028 3085 1377 3180 agnoverit
1424 3101 1806 3161 contractus
1856 3102 1924 3161 et
1973 3088 2409 3173 sacramenti;
2443 3112 2595 3161 cum
2626 3111 2748 3186 per
2777 3083 2948 3181 logi-

720 3222 869 3271 cam
892 3196 1392 3273 distinctionem
1428 3202 1720 3298 attigerit
1752 3215 2074 3301 personas
2110 3201 2604 3287 contrahentes,
2639 3198 2946 3298 adeoque

722 3337 845 3412 per
906 3310 1400 3386 inhabilitatem
1469 3341 1908 3412 personarum
1978 3316 2065 3389 ad
2123 3315 2657 3389 contrahendum
2702 3372 2718 3401 ,
2784 3312 2947 3386 abo-

719 3426 955 3503 leverit
999 3454 1122 3502 seu
1156 3429 1532 3504 ‘irritaverit
1583 3430 1836 3504 directe
1885 3431 2112 3529 ipsum
2160 3446 2572 3506 contractum
2591 3488 2607 3517 ,
2650 3445 2832 3530 patet
2861 3454 2944 3501 ex

722 3543 1115 3631 tridentino,
1156 3571 1291 3618 non
1345 3545 1558 3642 legem
1611 3546 1908 3634 civilem,
1953 3547 2074 3620 sed
2123 3547 2478 3621 ecclesiam
2530 3547 2638 3620 ius
2692 3544 2944 3618 habere

722 3658 794 3732 in
861 3674 1277 3732 contractum
1340 3660 1747 3734 matrimonii
1782 3717 1798 3748 ,
1855 3687 1935 3734 ac
1986 3662 2271 3760 proinde
2328 3687 2463 3735 non
2520 3658 2943 3734 adversarios

609 3865 611 3868 v
720 3774 893 3873 legis
929 3774 1150 3849 civilis
1172 3832 1188 3863 ,
1231 3775 1353 3849 sed
1389 3774 1537 3849 eius
1573 3776 2099 3876 patrocinatores
2145 3803 2302 3850 vere
2351 3777 2651 3849 invenire
2683 3776 2759 3846 in
2793 3800 2946 3848 con-

719 3888 880 3964 cilio
913 3889 1277 3966 tridentino
1310 3890 1600 3977 ruinam,
1634 3917 1754 3964 seu
1780 3905 1854 3963 ut
1877 3889 2175 3990 loquitur
2198 3906 2420 3965 orator
2439 3950 2456 3978 ‚
2502 3890 2937 3989 sepulchrum.

869 4004 1223 4103 Reliquum
1273 4020 1409 4093 est,
1449 4021 1526 4077 ut
1571 4005 1919 4078 videamus
1969 4021 2193 4079 utrum
2245 4023 2513 4082 senator
2561 4023 2790 4081 noster
2838 4027 2940 4076 sa-

722 4121 951 4219 gacior
998 4122 1286 4196 extiterit
1334 4122 1717 4209 canonista,
1775 4148 1978 4221 quam
2030 4122 2380 4220 theologus
2429 4140 2498 4198 et
2544 4122 2933 4197 historicus.

870 4317 1003 4381 (tot)
1030 4318 1108 4369 ct.
1133 4318 1366 4369 Paltavic.
1389 4334 1471 4384 op.
1495 4320 1858 4371 eit.1ib.xx11.
1880 4333 1990 4385 cap.
2011 4328 2059 4372 9.
2076 4334 2165 4372 nec
2187 4333 2284 4372 non
2306 4322 2624 4373 Bencd.x1v.
2655 4325 2731 4373 Dc
2751 4320 2941 4385 synodo

720 4398 883 4450 dioec.
908 4397 993 4450 lib.
1022 4401 1155 4450 Vffl.
1180 4412 1287 4463 cap.
1305 4402 1368 4449 11.
