<?xml version="1.0" encoding="UTF-8"?>
<!DOCTYPE html PUBLIC "-//W3C//DTD XHTML 1.0 Transitional//EN"
    "http://www.w3.org/TR/xhtml1/DTD/xhtml1-transitional.dtd">
<html xmlns="http://www.w3.org/1999/xhtml" xml:lang="en" lang="en">
 <head>
  <title>
</title>
<meta http-equiv="Content-Type" content="text/html;charset=utf-8" />
  <meta name='ocr-system' content='tesseract 3.04.00' />
  <meta name='ocr-capabilities' content='ocr_page ocr_carea ocr_par ocr_line ocrx_word'/>
</head>
<body>
  <div class='ocr_page' id='page_1' title='image "./dematrimoniochr04perrgoog_0206.png"; bbox 0 0 3276 5083; ppageno 0'>
   <div class='ocr_carea' id='block_1_1' title="bbox 586 378 2422 453">
    <p class='ocr_par' dir='ltr' id='par_1_1' title="bbox 586 378 2422 453">
     <span class='ocr_line' id='line_1_1' title="bbox 586 378 2422 453; baseline -0.008 -1"><span class='ocrx_word' id='word_1_1' title='bbox 586 378 724 453; x_wconf 77' lang='lat'>182</span> <span class='ocrx_word' id='word_1_2' title='bbox 1017 398 1141 449; x_wconf 79' lang='lat' dir='ltr'>m.</span> <span class='ocrx_word' id='word_1_3' title='bbox 1185 398 1230 447; x_wconf 89' lang='lat'>1.</span> <span class='ocrx_word' id='word_1_4' title='bbox 1270 396 1444 447; x_wconf 71' lang='lat' dir='ltr'>secr.</span> <span class='ocrx_word' id='word_1_5' title='bbox 1488 396 1533 445; x_wconf 85' lang='lat'>1.</span> <span class='ocrx_word' id='word_1_6' title='bbox 1576 393 1657 446; x_wconf 75' lang='lat' dir='ltr'>ns</span> <span class='ocrx_word' id='word_1_7' title='bbox 1691 393 1951 446; x_wconf 72' lang='lat' dir='ltr'>nram.</span> <span class='ocrx_word' id='word_1_8' title='bbox 1993 391 2422 445; x_wconf 59' lang='lat' dir='ltr'>sinuatus.</span> 
     </span>
    </p>
   </div>
   <div class='ocr_carea' id='block_1_2' title="bbox 582 512 2827 4412">
    <p class='ocr_par' dir='ltr' id='par_1_2' title="bbox 582 512 2820 1055">
     <span class='ocr_line' id='line_1_2' title="bbox 588 512 2812 616; baseline -0.003 -24"><span class='ocrx_word' id='word_1_9' title='bbox 588 515 761 593; x_wconf 90' lang='lat' dir='ltr'>illud</span> <span class='ocrx_word' id='word_1_10' title='bbox 785 575 801 603; x_wconf 91' lang='lat'><strong>,</strong></span> <span class='ocrx_word' id='word_1_11' title='bbox 844 514 1027 616; x_wconf 91' lang='lat' dir='ltr'>quod</span> <span class='ocrx_word' id='word_1_12' title='bbox 1077 516 1149 588; x_wconf 92' lang='lat' dir='ltr'>in</span> <span class='ocrx_word' id='word_1_13' title='bbox 1198 512 1481 590; x_wconf 84' lang='lat' dir='ltr'>ecclesia</span> <span class='ocrx_word' id='word_1_14' title='bbox 1520 530 1596 587; x_wconf 89' lang='lat' dir='ltr'>ut</span> <span class='ocrx_word' id='word_1_15' title='bbox 1643 513 1783 587; x_wconf 84' lang='lat' dir='ltr'>veri</span> <span class='ocrx_word' id='word_1_16' title='bbox 1833 512 2125 587; x_wconf 90' lang='lat' dir='ltr'>nominis</span> <span class='ocrx_word' id='word_1_17' title='bbox 2174 528 2666 586; x_wconf 86' lang='lat' dir='ltr'>sacramentum</span> <span class='ocrx_word' id='word_1_18' title='bbox 2697 515 2812 586; x_wconf 79' lang='lat' dir='ltr'>ad—</span> 
     </span>
     <span class='ocr_line' id='line_1_3' title="bbox 582 624 2816 729; baseline -0.002 -23"><span class='ocrx_word' id='word_1_19' title='bbox 582 630 990 707; x_wconf 75' lang='lat' dir='ltr'><strong>mittebatur.</strong></span> <span class='ocrx_word' id='word_1_20' title='bbox 1031 630 1130 704; x_wconf 78' lang='lat' dir='ltr'>Ex</span> <span class='ocrx_word' id='word_1_21' title='bbox 1183 655 1318 729; x_wconf 91' lang='lat' dir='ltr'>quo</span> <span class='ocrx_word' id='word_1_22' title='bbox 1368 644 1551 728; x_wconf 85' lang='lat' dir='ltr'>patet</span> <span class='ocrx_word' id='word_1_23' title='bbox 1598 653 1717 701; x_wconf 90' lang='lat' dir='ltr'>eos</span> <span class='ocrx_word' id='word_1_24' title='bbox 1763 628 1863 703; x_wconf 88' lang='lat' dir='ltr'>uti</span> <span class='ocrx_word' id='word_1_25' title='bbox 1912 642 2405 701; x_wconf 86' lang='lat' dir='ltr'>sacramentum</span> <span class='ocrx_word' id='word_1_26' title='bbox 2453 624 2816 702; x_wconf 70' lang='lat' dir='ltr'>admisisse</span> 
     </span>
     <span class='ocr_line' id='line_1_4' title="bbox 583 741 2820 846; baseline -0.003 -22"><span class='ocrx_word' id='word_1_27' title='bbox 583 748 970 846; x_wconf 81' lang='lat' dir='ltr'>coniugium</span> <span class='ocrx_word' id='word_1_28' title='bbox 1003 746 1494 821; x_wconf 84' lang='lat' dir='ltr'>clandestinum</span> <span class='ocrx_word' id='word_1_29' title='bbox 1517 802 1532 831; x_wconf 90' lang='lat'><strong>,</strong></span> <span class='ocrx_word' id='word_1_30' title='bbox 1568 744 1638 816; x_wconf 92' lang='lat' dir='ltr'>in</span> <span class='ocrx_word' id='word_1_31' title='bbox 1665 768 1802 843; x_wconf 93' lang='lat' dir='ltr'>quo</span> <span class='ocrx_word' id='word_1_32' title='bbox 1828 741 2008 816; x_wconf 90' lang='lat' dir='ltr'>idem</span> <span class='ocrx_word' id='word_1_33' title='bbox 2032 758 2139 816; x_wconf 89' lang='lat' dir='ltr'>est</span> <span class='ocrx_word' id='word_1_34' title='bbox 2170 756 2556 816; x_wconf 87' lang='lat' dir='ltr'>contractus</span> <span class='ocrx_word' id='word_1_35' title='bbox 2589 766 2675 817; x_wconf 83' lang='lat' dir='ltr'>ac</span> <span class='ocrx_word' id='word_1_36' title='bbox 2707 769 2820 817; x_wconf 85' lang='lat' dir='ltr'>sa-</span> 
     </span>
     <span class='ocr_line' id='line_1_5' title="bbox 585 857 2813 949; baseline -0.004 -9"><span class='ocrx_word' id='word_1_37' title='bbox 585 879 998 939; x_wconf 85' lang='lat' dir='ltr'>cramentum</span> <span class='ocrx_word' id='word_1_38' title='bbox 1024 919 1041 949; x_wconf 84' lang='lat'>‚</span> <span class='ocrx_word' id='word_1_39' title='bbox 1080 887 1233 935; x_wconf 91' lang='lat' dir='ltr'>cum</span> <span class='ocrx_word' id='word_1_40' title='bbox 1271 860 1457 935; x_wconf 90' lang='lat' dir='ltr'>nulla</span> <span class='ocrx_word' id='word_1_41' title='bbox 1491 860 1561 933; x_wconf 92' lang='lat' dir='ltr'>in</span> <span class='ocrx_word' id='word_1_42' title='bbox 1596 885 1676 933; x_wconf 92' lang='lat' dir='ltr'>eo</span> <span class='ocrx_word' id='word_1_43' title='bbox 1711 858 2140 933; x_wconf 79' lang='lat' dir='ltr'>intervenerit</span> <span class='ocrx_word' id='word_1_44' title='bbox 2169 857 2498 932; x_wconf 84' lang='lat' dir='ltr'>ecclesiae</span> <span class='ocrx_word' id='word_1_45' title='bbox 2522 862 2648 932; x_wconf 85' lang='lat' dir='ltr'>seu</span> <span class='ocrx_word' id='word_1_46' title='bbox 2683 860 2813 932; x_wconf 87' lang='lat' dir='ltr'>mi-</span> 
     </span>
     <span class='ocr_line' id='line_1_6' title="bbox 585 976 2505 1055; baseline -0.009 -1"><span class='ocrx_word' id='word_1_47' title='bbox 585 980 945 1055; x_wconf 81' lang='lat' dir='ltr'>nistrorum</span> <span class='ocrx_word' id='word_1_48' title='bbox 996 976 1145 1051; x_wconf 90' lang='lat' dir='ltr'>eius</span> <span class='ocrx_word' id='word_1_49' title='bbox 1190 976 1393 1050; x_wconf 89' lang='lat' dir='ltr'>actio.</span> <span class='ocrx_word' id='word_1_50' title='bbox 2502 982 2505 987; x_wconf 81' lang='grc'>·</span> 
     </span>
    </p>

    <p class='ocr_par' dir='ltr' id='par_1_3' title="bbox 584 1087 2822 2205">
     <span class='ocr_line' id='line_1_7' title="bbox 731 1087 2822 1193; baseline -0.002 -27"><span class='ocrx_word' id='word_1_51' title='bbox 731 1092 1036 1193; x_wconf 89' lang='lat' dir='ltr'>Idipsum</span> <span class='ocrx_word' id='word_1_52' title='bbox 1071 1091 1503 1167; x_wconf 87' lang='lat' dir='ltr'>confirmatur</span> <span class='ocrx_word' id='word_1_53' title='bbox 1550 1116 1634 1164; x_wconf 80' lang='lat' dir='ltr'>ex</span> <span class='ocrx_word' id='word_1_54' title='bbox 1684 1114 1919 1164; x_wconf 90' lang='lat' dir='ltr'>eorum</span> <span class='ocrx_word' id='word_1_55' title='bbox 1957 1087 2431 1174; x_wconf 87' lang='lat' dir='ltr'>sollicitudine,</span> <span class='ocrx_word' id='word_1_56' title='bbox 2470 1089 2590 1187; x_wconf 87' lang='lat' dir='ltr'>qui</span> <span class='ocrx_word' id='word_1_57' title='bbox 2626 1113 2822 1163; x_wconf 81' lang='lat' dir='ltr'>cave-</span> 
     </span>
     <span class='ocr_line' id='line_1_8' title="bbox 584 1203 2822 1290; baseline -0.003 -6"><span class='ocrx_word' id='word_1_58' title='bbox 584 1210 748 1285; x_wconf 84' lang='lat' dir='ltr'>bant</span> <span class='ocrx_word' id='word_1_59' title='bbox 796 1234 883 1283; x_wconf 92' lang='lat' dir='ltr'>ne</span> <span class='ocrx_word' id='word_1_60' title='bbox 941 1206 1110 1282; x_wconf 88' lang='lat' dir='ltr'>tales</span> <span class='ocrx_word' id='word_1_61' title='bbox 1161 1205 1463 1281; x_wconf 91' lang='lat' dir='ltr'>occultae</span> <span class='ocrx_word' id='word_1_62' title='bbox 1526 1204 2037 1280; x_wconf 89' lang='lat' dir='ltr'>coniunctiones</span> <span class='ocrx_word' id='word_1_63' title='bbox 2097 1203 2380 1290; x_wconf 88' lang='lat' dir='ltr'>fierent;</span> <span class='ocrx_word' id='word_1_64' title='bbox 2432 1203 2679 1277; x_wconf 84' lang='lat' dir='ltr'>exinde</span> <span class='ocrx_word' id='word_1_65' title='bbox 2726 1219 2822 1280; x_wconf 75' lang='lat' dir='ltr'>tot</span> 
     </span>
     <span class='ocr_line' id='line_1_9' title="bbox 587 1317 2814 1421; baseline -0.004 -21"><span class='ocrx_word' id='word_1_66' title='bbox 587 1325 1097 1401; x_wconf 87' lang='lat' dir='ltr'>constitutiones</span> <span class='ocrx_word' id='word_1_67' title='bbox 1156 1339 1224 1397; x_wconf 91' lang='lat' dir='ltr'>et</span> <span class='ocrx_word' id='word_1_68' title='bbox 1278 1347 1570 1397; x_wconf 89' lang='lat' dir='ltr'>canones</span> <span class='ocrx_word' id='word_1_69' title='bbox 1640 1319 2031 1421; x_wconf 89' lang='lat' dir='ltr'>prodierunt</span> <span class='ocrx_word' id='word_1_70' title='bbox 2085 1317 2173 1393; x_wconf 90' lang='lat' dir='ltr'>ad</span> <span class='ocrx_word' id='word_1_71' title='bbox 2240 1343 2358 1392; x_wconf 84' lang='lat' dir='ltr'>eas</span> <span class='ocrx_word' id='word_1_72' title='bbox 2427 1317 2756 1393; x_wconf 78' lang='lat' dir='ltr'>vetandas</span> <span class='ocrx_word' id='word_1_73' title='bbox 2793 1348 2814 1404; x_wconf 87' lang='grc'><strong>;</strong></span> 
     </span>
     <span class='ocr_line' id='line_1_10' title="bbox 587 1432 2820 1536; baseline -0.003 -21"><span class='ocrx_word' id='word_1_74' title='bbox 587 1440 829 1515; x_wconf 82' lang='lat' dir='ltr'>exinde</span> <span class='ocrx_word' id='word_1_75' title='bbox 877 1439 1077 1514; x_wconf 88' lang='lat' dir='ltr'>etiam</span> <span class='ocrx_word' id='word_1_76' title='bbox 1126 1454 1385 1512; x_wconf 85' lang='lat' dir='ltr'>tantum</span> <span class='ocrx_word' id='word_1_77' title='bbox 1426 1439 1726 1536; x_wconf 89' lang='lat' dir='ltr'>ipsorum</span> <span class='ocrx_word' id='word_1_78' title='bbox 1774 1433 2073 1509; x_wconf 85' lang='lat' dir='ltr'>studium</span> <span class='ocrx_word' id='word_1_79' title='bbox 2105 1435 2178 1507; x_wconf 89' lang='lat' dir='ltr'>in</span> <span class='ocrx_word' id='word_1_80' title='bbox 2210 1432 2571 1507; x_wconf 72' lang='lat' dir='ltr'>efferendis</span> <span class='ocrx_word' id='word_1_81' title='bbox 2617 1433 2820 1508; x_wconf 90' lang='lat' dir='ltr'>bene-</span> 
     </span>
     <span class='ocr_line' id='line_1_11' title="bbox 589 1544 2822 1651; baseline -0.002 -23"><span class='ocrx_word' id='word_1_82' title='bbox 589 1554 906 1631; x_wconf 77' lang='lat' dir='ltr'>dictionis</span> <span class='ocrx_word' id='word_1_83' title='bbox 929 1552 1369 1629; x_wconf 88' lang='lat' dir='ltr'>sacerdotalis</span> <span class='ocrx_word' id='word_1_84' title='bbox 1396 1550 1753 1638; x_wconf 79' lang='lat' dir='ltr'>fructibus,</span> <span class='ocrx_word' id='word_1_85' title='bbox 1784 1544 1857 1622; x_wconf 91' lang='lat' dir='ltr'>in</span> <span class='ocrx_word' id='word_1_86' title='bbox 1885 1549 2192 1646; x_wconf 80' lang='lat' dir='ltr'>augendo</span> <span class='ocrx_word' id='word_1_87' title='bbox 2217 1548 2526 1623; x_wconf 85' lang='lat' dir='ltr'>exteriori</span> <span class='ocrx_word' id='word_1_88' title='bbox 2552 1550 2822 1651; x_wconf 87' lang='lat' dir='ltr'>nuptia·</span> 
     </span>
     <span class='ocr_line' id='line_1_12' title="bbox 592 1662 2820 1769; baseline -0.001 -27"><span class='ocrx_word' id='word_1_89' title='bbox 592 1694 739 1742; x_wconf 90' lang='lat' dir='ltr'>rum</span> <span class='ocrx_word' id='word_1_90' title='bbox 791 1669 925 1743; x_wconf 87' lang='lat' dir='ltr'>ritu</span> <span class='ocrx_word' id='word_1_91' title='bbox 975 1683 1043 1742; x_wconf 89' lang='lat' dir='ltr'>et</span> <span class='ocrx_word' id='word_1_92' title='bbox 1092 1682 1422 1769; x_wconf 85' lang='lat' dir='ltr'>apparatu</span> <span class='ocrx_word' id='word_1_93' title='bbox 1447 1722 1464 1753; x_wconf 87' lang='lat'>,</span> <span class='ocrx_word' id='word_1_94' title='bbox 1522 1681 1600 1738; x_wconf 90' lang='lat' dir='ltr'>ut</span> <span class='ocrx_word' id='word_1_95' title='bbox 1647 1666 1740 1738; x_wconf 88' lang='lat' dir='ltr'>ita</span> <span class='ocrx_word' id='word_1_96' title='bbox 1789 1665 2007 1762; x_wconf 82' lang='lat' dir='ltr'>magis</span> <span class='ocrx_word' id='word_1_97' title='bbox 2057 1662 2295 1738; x_wconf 87' lang='lat' dir='ltr'>fideles</span> <span class='ocrx_word' id='word_1_98' title='bbox 2340 1662 2693 1738; x_wconf 76' lang='lat' dir='ltr'>allicerent</span> <span class='ocrx_word' id='word_1_99' title='bbox 2734 1666 2820 1739; x_wconf 88' lang='lat' dir='ltr'>ad</span> 
     </span>
     <span class='ocr_line' id='line_1_13' title="bbox 589 1778 2819 1881; baseline -0.001 -26"><span class='ocrx_word' id='word_1_100' title='bbox 589 1783 721 1857; x_wconf 91' lang='lat' dir='ltr'>hoc</span> <span class='ocrx_word' id='word_1_101' title='bbox 784 1781 1294 1881; x_wconf 86' lang='lat' dir='ltr'>suscipiendum</span> <span class='ocrx_word' id='word_1_102' title='bbox 1343 1807 1497 1855; x_wconf 92' lang='lat' dir='ltr'>cum</span> <span class='ocrx_word' id='word_1_103' title='bbox 1544 1778 1841 1853; x_wconf 89' lang='lat' dir='ltr'>uberiori</span> <span class='ocrx_word' id='word_1_104' title='bbox 1908 1779 2129 1852; x_wconf 78' lang='lat' dir='ltr'>fructu</span> <span class='ocrx_word' id='word_1_105' title='bbox 2191 1794 2684 1854; x_wconf 86' lang='lat' dir='ltr'>sacramentum</span> <span class='ocrx_word' id='word_1_106' title='bbox 2731 1778 2819 1853; x_wconf 93' lang='lat' dir='ltr'>ob</span> 
     </span>
     <span class='ocr_line' id='line_1_14' title="bbox 590 1894 2808 1996; baseline -0.002 -24"><span class='ocrx_word' id='word_1_107' title='bbox 590 1896 886 1972; x_wconf 75' lang='lat' dir='ltr'>debitam</span> <span class='ocrx_word' id='word_1_108' title='bbox 926 1923 1087 1996; x_wconf 73' lang='lat' dir='ltr'>erga</span> <span class='ocrx_word' id='word_1_109' title='bbox 1133 1896 1492 1972; x_wconf 89' lang='lat' dir='ltr'>ecclesiam</span> <span class='ocrx_word' id='word_1_110' title='bbox 1523 1894 1970 1970; x_wconf 78' lang='lat' dir='ltr'>obedientiam</span> <span class='ocrx_word' id='word_1_111' title='bbox 1985 1951 2005 1981; x_wconf 87' lang='lat'>,</span> <span class='ocrx_word' id='word_1_112' title='bbox 2045 1916 2124 1968; x_wconf 92' lang='lat' dir='ltr'>ac</span> <span class='ocrx_word' id='word_1_113' title='bbox 2157 1894 2219 1968; x_wconf 91' lang='lat' dir='ltr'>si</span> <span class='ocrx_word' id='word_1_114' title='bbox 2253 1918 2451 1968; x_wconf 89' lang='lat' dir='ltr'>secus</span> <span class='ocrx_word' id='word_1_115' title='bbox 2487 1894 2775 1969; x_wconf 83' lang='lat' dir='ltr'>facerent</span> <span class='ocrx_word' id='word_1_116' title='bbox 2788 1951 2808 1980; x_wconf 82' lang='lat'>,</span> 
     </span>
     <span class='ocr_line' id='line_1_15' title="bbox 594 2007 2814 2110; baseline -0.001 -24"><span class='ocrx_word' id='word_1_117' title='bbox 594 2013 721 2089; x_wconf 85' lang='lat' dir='ltr'>etsi</span> <span class='ocrx_word' id='word_1_118' title='bbox 756 2028 1249 2089; x_wconf 86' lang='lat' dir='ltr'>sacramentum</span> <span class='ocrx_word' id='word_1_119' title='bbox 1281 2012 1737 2110; x_wconf 89' lang='lat' dir='ltr'>susciperent,</span> <span class='ocrx_word' id='word_1_120' title='bbox 1777 2009 2079 2085; x_wconf 90' lang='lat' dir='ltr'>eiusdem</span> <span class='ocrx_word' id='word_1_121' title='bbox 2110 2024 2333 2084; x_wconf 87' lang='lat' dir='ltr'>tamen</span> <span class='ocrx_word' id='word_1_122' title='bbox 2364 2010 2583 2108; x_wconf 79' lang='lat' dir='ltr'>gratia</span> <span class='ocrx_word' id='word_1_123' title='bbox 2612 2007 2814 2085; x_wconf 89' lang='lat' dir='ltr'>desti·</span> 
     </span>
     <span class='ocr_line' id='line_1_16' title="bbox 600 2142 960 2205; baseline -0.011 -1"><span class='ocrx_word' id='word_1_124' title='bbox 600 2142 960 2205; x_wconf 83' lang='lat' dir='ltr'>tuerentur.</span> 
     </span>
    </p>

    <p class='ocr_par' dir='ltr' id='par_1_4' title="bbox 596 2239 2825 3375">
     <span class='ocr_line' id='line_1_17' title="bbox 739 2239 2818 2342; baseline -0 -26"><span class='ocrx_word' id='word_1_125' title='bbox 739 2244 993 2320; x_wconf 87' lang='lat' dir='ltr'>Sensus</span> <span class='ocrx_word' id='word_1_126' title='bbox 1043 2261 1387 2342; x_wconf 88' lang='lat' dir='ltr'>praeterea</span> <span class='ocrx_word' id='word_1_127' title='bbox 1433 2241 1852 2341; x_wconf 78' lang='lat' dir='ltr'>antiquitatis</span> <span class='ocrx_word' id='word_1_128' title='bbox 1896 2239 2394 2314; x_wconf 86' lang='lat' dir='ltr'>ecclesiasticae</span> <span class='ocrx_word' id='word_1_129' title='bbox 2433 2241 2568 2315; x_wconf 82' lang='lat' dir='ltr'>hac</span> <span class='ocrx_word' id='word_1_130' title='bbox 2613 2265 2818 2340; x_wconf 88' lang='lat' dir='ltr'>super</span> 
     </span>
     <span class='ocr_line' id='line_1_18' title="bbox 596 2354 2820 2459; baseline -0.001 -26"><span class='ocrx_word' id='word_1_131' title='bbox 596 2385 669 2433; x_wconf 88' lang='lat' dir='ltr'>re</span> <span class='ocrx_word' id='word_1_132' title='bbox 701 2358 953 2435; x_wconf 87' lang='lat' dir='ltr'>clarius</span> <span class='ocrx_word' id='word_1_133' title='bbox 986 2357 1215 2435; x_wconf 87' lang='lat' dir='ltr'>adhuc</span> <span class='ocrx_word' id='word_1_134' title='bbox 1248 2374 1432 2459; x_wconf 90' lang='lat' dir='ltr'>patet</span> <span class='ocrx_word' id='word_1_135' title='bbox 1462 2383 1544 2431; x_wconf 83' lang='lat' dir='ltr'>ex</span> <span class='ocrx_word' id='word_1_136' title='bbox 1577 2374 1846 2458; x_wconf 89' lang='lat' dir='ltr'>patrum</span> <span class='ocrx_word' id='word_1_137' title='bbox 1888 2354 2130 2453; x_wconf 82' lang='lat' dir='ltr'>agendi</span> <span class='ocrx_word' id='word_1_138' title='bbox 2178 2356 2437 2430; x_wconf 89' lang='lat' dir='ltr'>ratione</span> <span class='ocrx_word' id='word_1_139' title='bbox 2483 2356 2666 2430; x_wconf 81' lang='lat' dir='ltr'>circa</span> <span class='ocrx_word' id='word_1_140' title='bbox 2712 2381 2820 2430; x_wconf 88' lang='lat' dir='ltr'>se-</span> 
     </span>
     <span class='ocr_line' id='line_1_19' title="bbox 599 2470 2822 2574; baseline -0.001 -25"><span class='ocrx_word' id='word_1_141' title='bbox 599 2471 862 2549; x_wconf 90' lang='lat' dir='ltr'>cundas</span> <span class='ocrx_word' id='word_1_142' title='bbox 894 2499 978 2550; x_wconf 89' lang='lat' dir='ltr'>ac</span> <span class='ocrx_word' id='word_1_143' title='bbox 1008 2472 1361 2550; x_wconf 87' lang='lat' dir='ltr'>ulteriores</span> <span class='ocrx_word' id='word_1_144' title='bbox 1396 2473 1670 2574; x_wconf 84' lang='lat' dir='ltr'>nuptias</span> <span class='ocrx_word' id='word_1_145' title='bbox 1704 2471 2018 2548; x_wconf 83' lang='lat' dir='ltr'>defuncto</span> <span class='ocrx_word' id='word_1_146' title='bbox 2042 2471 2250 2572; x_wconf 88' lang='lat' dir='ltr'>priori</span> <span class='ocrx_word' id='word_1_147' title='bbox 2278 2470 2588 2570; x_wconf 83' lang='lat' dir='ltr'>coniuge.</span> <span class='ocrx_word' id='word_1_148' title='bbox 2617 2472 2822 2546; x_wconf 84' lang='lat' dir='ltr'>Num-</span> 
     </span>
     <span class='ocr_line' id='line_1_20' title="bbox 599 2588 2823 2690; baseline 0 -29"><span class='ocrx_word' id='word_1_149' title='bbox 599 2614 801 2689; x_wconf 87' lang='lat' dir='ltr'>quam</span> <span class='ocrx_word' id='word_1_150' title='bbox 855 2590 987 2690; x_wconf 92' lang='lat' dir='ltr'>ipsi</span> <span class='ocrx_word' id='word_1_151' title='bbox 1037 2590 1459 2664; x_wconf 82' lang='lat' dir='ltr'>affirmarunt</span> <span class='ocrx_word' id='word_1_152' title='bbox 1504 2601 1715 2664; x_wconf 79' lang='lat' dir='ltr'>novas</span> <span class='ocrx_word' id='word_1_153' title='bbox 1749 2589 1874 2664; x_wconf 85' lang='lat' dir='ltr'>has</span> <span class='ocrx_word' id='word_1_154' title='bbox 1910 2588 2182 2688; x_wconf 86' lang='lat' dir='ltr'>nuptias</span> <span class='ocrx_word' id='word_1_155' title='bbox 2222 2614 2455 2662; x_wconf 83' lang='lat' dir='ltr'>verum</span> <span class='ocrx_word' id='word_1_156' title='bbox 2501 2614 2635 2663; x_wconf 93' lang='lat' dir='ltr'>non</span> <span class='ocrx_word' id='word_1_157' title='bbox 2669 2614 2823 2663; x_wconf 88' lang='lat' dir='ltr'>esse</span> 
     </span>
     <span class='ocr_line' id='line_1_21' title="bbox 596 2701 2823 2802; baseline 0.001 -27"><span class='ocrx_word' id='word_1_158' title='bbox 596 2702 890 2799; x_wconf 76' lang='lat' dir='ltr'>coniugii</span> <span class='ocrx_word' id='word_1_159' title='bbox 949 2719 1462 2777; x_wconf 89' lang='lat' dir='ltr'>sacramentum.</span> <span class='ocrx_word' id='word_1_160' title='bbox 1522 2703 1762 2776; x_wconf 87' lang='lat' dir='ltr'>Verum</span> <span class='ocrx_word' id='word_1_161' title='bbox 1818 2728 1971 2776; x_wconf 91' lang='lat' dir='ltr'>cum</span> <span class='ocrx_word' id='word_1_162' title='bbox 2020 2727 2139 2776; x_wconf 89' lang='lat' dir='ltr'>eas</span> <span class='ocrx_word' id='word_1_163' title='bbox 2187 2702 2414 2776; x_wconf 88' lang='lat' dir='ltr'>minus</span> <span class='ocrx_word' id='word_1_164' title='bbox 2463 2701 2823 2802; x_wconf 72' lang='lat' dir='ltr'>probarent</span> 
     </span>
     <span class='ocr_line' id='line_1_22' title="bbox 597 2815 2819 2917; baseline 0 -28"><span class='ocrx_word' id='word_1_165' title='bbox 597 2815 685 2890; x_wconf 90' lang='lat' dir='ltr'>ob</span> <span class='ocrx_word' id='word_1_166' title='bbox 724 2817 1086 2914; x_wconf 85' lang='lat' dir='ltr'>quamdam</span> <span class='ocrx_word' id='word_1_167' title='bbox 1124 2817 1649 2892; x_wconf 89' lang='lat' dir='ltr'>incontinentiae</span> <span class='ocrx_word' id='word_1_168' title='bbox 1695 2817 1916 2892; x_wconf 91' lang='lat' dir='ltr'>labem</span> <span class='ocrx_word' id='word_1_169' title='bbox 1933 2853 1956 2905; x_wconf 89' lang='lat'>‚·</span> <span class='ocrx_word' id='word_1_170' title='bbox 2005 2843 2210 2917; x_wconf 89' lang='lat' dir='ltr'>quam</span> <span class='ocrx_word' id='word_1_171' title='bbox 2260 2818 2355 2892; x_wconf 90' lang='lat' dir='ltr'>ita</span> <span class='ocrx_word' id='word_1_172' title='bbox 2402 2816 2819 2893; x_wconf 83' lang='lat' dir='ltr'>contrahen-</span> 
     </span>
     <span class='ocr_line' id='line_1_23' title="bbox 601 2929 2824 3032; baseline 0 -27"><span class='ocrx_word' id='word_1_173' title='bbox 601 2929 782 3006; x_wconf 88' lang='lat' dir='ltr'>tibus</span> <span class='ocrx_word' id='word_1_174' title='bbox 832 2930 964 3005; x_wconf 86' lang='lat' dir='ltr'>sibi</span> <span class='ocrx_word' id='word_1_175' title='bbox 1015 2932 1241 3007; x_wconf 84' lang='lat' dir='ltr'>videre</span> <span class='ocrx_word' id='word_1_176' title='bbox 1288 2933 1419 3007; x_wconf 84' lang='lat' dir='ltr'>visi</span> <span class='ocrx_word' id='word_1_177' title='bbox 1469 2949 1662 3021; x_wconf 88' lang='lat' dir='ltr'>sunt,</span> <span class='ocrx_word' id='word_1_178' title='bbox 1719 2932 1847 3007; x_wconf 86' lang='lat' dir='ltr'>has</span> <span class='ocrx_word' id='word_1_179' title='bbox 1897 2933 2169 3032; x_wconf 89' lang='lat' dir='ltr'>nuptias</span> <span class='ocrx_word' id='word_1_180' title='bbox 2195 2987 2211 3020; x_wconf 89' lang='lat'>,</span> <span class='ocrx_word' id='word_1_181' title='bbox 2250 2947 2327 3005; x_wconf 89' lang='lat' dir='ltr'>ut</span> <span class='ocrx_word' id='word_1_182' title='bbox 2352 2957 2483 3007; x_wconf 92' lang='lat' dir='ltr'>suo</span> <span class='ocrx_word' id='word_1_183' title='bbox 2531 2932 2678 3008; x_wconf 90' lang='lat' dir='ltr'>loco</span> <span class='ocrx_word' id='word_1_184' title='bbox 2721 2932 2824 3006; x_wconf 73' lang='lat' dir='ltr'>vi·</span> 
     </span>
     <span class='ocr_line' id='line_1_24' title="bbox 598 3044 2823 3147; baseline 0.001 -30"><span class='ocrx_word' id='word_1_185' title='bbox 598 3044 821 3119; x_wconf 88' lang='lat' dir='ltr'>dimus</span> <span class='ocrx_word' id='word_1_186' title='bbox 844 3102 861 3133; x_wconf 91' lang='lat'>,</span> <span class='ocrx_word' id='word_1_187' title='bbox 933 3062 1028 3119; x_wconf 89' lang='lat' dir='ltr'>et.</span> <span class='ocrx_word' id='word_1_188' title='bbox 1060 3047 1487 3122; x_wconf 89' lang='lat' dir='ltr'>coronatione</span> <span class='ocrx_word' id='word_1_189' title='bbox 1550 3064 1616 3123; x_wconf 90' lang='lat' dir='ltr'>et</span> <span class='ocrx_word' id='word_1_190' title='bbox 1680 3046 2144 3123; x_wconf 90' lang='lat' dir='ltr'>benedictione</span> <span class='ocrx_word' id='word_1_191' title='bbox 2210 3046 2564 3147; x_wconf 78' lang='lat' dir='ltr'>privarunt</span> <span class='ocrx_word' id='word_1_192' title='bbox 2602 3105 2619 3136; x_wconf 91' lang='lat'>,</span> <span class='ocrx_word' id='word_1_193' title='bbox 2696 3048 2823 3123; x_wconf 88' lang='lat' dir='ltr'>etsi</span> 
     </span>
     <span class='ocr_line' id='line_1_25' title="bbox 598 3161 2825 3265; baseline 0.001 -30"><span class='ocrx_word' id='word_1_194' title='bbox 598 3186 822 3235; x_wconf 90' lang='lat' dir='ltr'>coram</span> <span class='ocrx_word' id='word_1_195' title='bbox 869 3161 1154 3236; x_wconf 88' lang='lat' dir='ltr'>ecclesia</span> <span class='ocrx_word' id='word_1_196' title='bbox 1220 3161 1736 3238; x_wconf 88' lang='lat' dir='ltr'>celebrarentur.</span> <span class='ocrx_word' id='word_1_197' title='bbox 1792 3163 2037 3265; x_wconf 88' lang='lat' dir='ltr'>Sicque</span> <span class='ocrx_word' id='word_1_198' title='bbox 2098 3162 2532 3239; x_wconf 85' lang='lat' dir='ltr'>ostenderunt</span> <span class='ocrx_word' id='word_1_199' title='bbox 2599 3189 2825 3239; x_wconf 85' lang='lat' dir='ltr'>sacra-</span> 
     </span>
     <span class='ocr_line' id='line_1_26' title="bbox 598 3278 1855 3375; baseline 0.001 -26"><span class='ocrx_word' id='word_1_200' title='bbox 598 3292 894 3351; x_wconf 89' lang='lat' dir='ltr'>mentum</span> <span class='ocrx_word' id='word_1_201' title='bbox 953 3302 1075 3375; x_wconf 87' lang='lat' dir='ltr'>per</span> <span class='ocrx_word' id='word_1_202' title='bbox 1131 3290 1542 3352; x_wconf 88' lang='lat' dir='ltr'>contractum</span> <span class='ocrx_word' id='word_1_203' title='bbox 1589 3278 1855 3353; x_wconf 81' lang='lat' dir='ltr'>confici.</span> 
     </span>
    </p>

    <p class='ocr_par' dir='ltr' id='par_1_5' title="bbox 602 3391 2827 4186">
     <span class='ocr_line' id='line_1_27' title="bbox 744 3391 2827 3494; baseline 0.001 -29"><span class='ocrx_word' id='word_1_204' title='bbox 744 3392 827 3465; x_wconf 88' lang='lat' dir='ltr'>Ut</span> <span class='ocrx_word' id='word_1_205' title='bbox 859 3408 1066 3491; x_wconf 89' lang='lat' dir='ltr'>patet,</span> <span class='ocrx_word' id='word_1_206' title='bbox 1108 3408 1502 3489; x_wconf 84' lang='lat' dir='ltr'>argumenta</span> <span class='ocrx_word' id='word_1_207' title='bbox 1548 3392 1669 3467; x_wconf 91' lang='lat' dir='ltr'>illa</span> <span class='ocrx_word' id='word_1_208' title='bbox 1714 3394 1944 3467; x_wconf 84' lang='lat' dir='ltr'>omnia</span> <span class='ocrx_word' id='word_1_209' title='bbox 1963 3451 1980 3482; x_wconf 91' lang='lat'>,</span> <span class='ocrx_word' id='word_1_210' title='bbox 2027 3391 2276 3494; x_wconf 89' lang='lat' dir='ltr'>quibus</span> <span class='ocrx_word' id='word_1_211' title='bbox 2308 3419 2392 3467; x_wconf 84' lang='lat' dir='ltr'>ex</span> <span class='ocrx_word' id='word_1_212' title='bbox 2428 3393 2827 3493; x_wconf 85' lang='lat' dir='ltr'>antiquitate</span> 
     </span>
     <span class='ocr_line' id='line_1_28' title="bbox 602 3506 2823 3583; baseline 0 -4"><span class='ocrx_word' id='word_1_213' title='bbox 602 3506 1022 3582; x_wconf 90' lang='lat' dir='ltr'>ostendimus</span> <span class='ocrx_word' id='word_1_214' title='bbox 1083 3507 1554 3582; x_wconf 88' lang='lat' dir='ltr'>contrahentes</span> <span class='ocrx_word' id='word_1_215' title='bbox 1618 3508 1906 3583; x_wconf 86' lang='lat' dir='ltr'>creditos</span> <span class='ocrx_word' id='word_1_216' title='bbox 1968 3508 2369 3583; x_wconf 86' lang='lat' dir='ltr'>sacramenti</span> <span class='ocrx_word' id='word_1_217' title='bbox 2415 3507 2823 3583; x_wconf 90' lang='lat' dir='ltr'>matrimonii</span> 
     </span>
     <span class='ocr_line' id='line_1_29' title="bbox 604 3622 2824 3722; baseline 0.003 -30"><span class='ocrx_word' id='word_1_218' title='bbox 604 3622 948 3698; x_wconf 87' lang='lat' dir='ltr'>ministros</span> <span class='ocrx_word' id='word_1_219' title='bbox 980 3681 996 3709; x_wconf 91' lang='lat'>‚</span> <span class='ocrx_word' id='word_1_220' title='bbox 1052 3623 1285 3698; x_wconf 87' lang='lat' dir='ltr'>eadem</span> <span class='ocrx_word' id='word_1_221' title='bbox 1336 3639 1494 3698; x_wconf 90' lang='lat' dir='ltr'>sunt</span> <span class='ocrx_word' id='word_1_222' title='bbox 1521 3681 1538 3710; x_wconf 85' lang='lat'><strong>‚</strong></span> <span class='ocrx_word' id='word_1_223' title='bbox 1594 3648 1774 3722; x_wconf 83' lang='lat' dir='ltr'>quae</span> <span class='ocrx_word' id='word_1_224' title='bbox 1821 3625 2170 3711; x_wconf 73' lang='lat' dir='ltr'>evincunt,</span> <span class='ocrx_word' id='word_1_225' title='bbox 2224 3625 2512 3699; x_wconf 89' lang='lat' dir='ltr'>maiores</span> <span class='ocrx_word' id='word_1_226' title='bbox 2560 3639 2824 3699; x_wconf 84' lang='lat' dir='ltr'>nostros</span> 
     </span>
     <span class='ocr_line' id='line_1_30' title="bbox 606 3737 2820 3839; baseline 0 -30"><span class='ocrx_word' id='word_1_227' title='bbox 606 3752 820 3809; x_wconf 88' lang='lat' dir='ltr'>ratum</span> <span class='ocrx_word' id='word_1_228' title='bbox 856 3737 1196 3838; x_wconf 84' lang='lat' dir='ltr'>fixumque</span> <span class='ocrx_word' id='word_1_229' title='bbox 1235 3737 1557 3813; x_wconf 88' lang='lat' dir='ltr'>habuisse</span> <span class='ocrx_word' id='word_1_230' title='bbox 1591 3764 1796 3813; x_wconf 90' lang='lat' dir='ltr'>unam</span> <span class='ocrx_word' id='word_1_231' title='bbox 1835 3739 2271 3839; x_wconf 87' lang='lat' dir='ltr'>eamdemque</span> <span class='ocrx_word' id='word_1_232' title='bbox 2304 3765 2443 3813; x_wconf 89' lang='lat' dir='ltr'>rem</span> <span class='ocrx_word' id='word_1_233' title='bbox 2478 3766 2629 3814; x_wconf 87' lang='lat' dir='ltr'>esse</span> <span class='ocrx_word' id='word_1_234' title='bbox 2661 3763 2820 3812; x_wconf 89' lang='lat' dir='ltr'>con-</span> 
     </span>
     <span class='ocr_line' id='line_1_31' title="bbox 606 3852 2816 3955; baseline 0.002 -33"><span class='ocrx_word' id='word_1_235' title='bbox 606 3865 888 3924; x_wconf 87' lang='lat' dir='ltr'>tractum</span> <span class='ocrx_word' id='word_1_236' title='bbox 910 3869 979 3926; x_wconf 90' lang='lat' dir='ltr'>et</span> <span class='ocrx_word' id='word_1_237' title='bbox 1000 3869 1494 3930; x_wconf 87' lang='lat' dir='ltr'>sacramentum</span> <span class='ocrx_word' id='word_1_238' title='bbox 1525 3854 1596 3928; x_wconf 91' lang='lat' dir='ltr'>in</span> <span class='ocrx_word' id='word_1_239' title='bbox 1630 3853 2149 3929; x_wconf 87' lang='lat' dir='ltr'>christianorum</span> <span class='ocrx_word' id='word_1_240' title='bbox 2182 3853 2474 3955; x_wconf 89' lang='lat' dir='ltr'>nuptiali</span> <span class='ocrx_word' id='word_1_241' title='bbox 2509 3852 2816 3939; x_wconf 85' lang='lat' dir='ltr'>foedere;</span> 
     </span>
     <span class='ocr_line' id='line_1_32' title="bbox 608 3965 2820 4068; baseline 0.001 -29"><span class='ocrx_word' id='word_1_242' title='bbox 608 3965 752 4039; x_wconf 76' lang='lat' dir='ltr'>sive</span> <span class='ocrx_word' id='word_1_243' title='bbox 800 3965 931 4040; x_wconf 87' lang='lat' dir='ltr'>hae</span> <span class='ocrx_word' id='word_1_244' title='bbox 978 3971 1253 4068; x_wconf 88' lang='lat' dir='ltr'>nuptiae</span> <span class='ocrx_word' id='word_1_245' title='bbox 1297 3985 1693 4045; x_wconf 87' lang='lat' dir='ltr'>ornarentur</span> <span class='ocrx_word' id='word_1_246' title='bbox 1716 4028 1733 4059; x_wconf 89' lang='lat'>‚</span> <span class='ocrx_word' id='word_1_247' title='bbox 1776 3970 1920 4043; x_wconf 86' lang='lat' dir='ltr'>sive</span> <span class='ocrx_word' id='word_1_248' title='bbox 1951 3970 2474 4046; x_wconf 88' lang='lat' dir='ltr'>destituerentur</span> <span class='ocrx_word' id='word_1_249' title='bbox 2513 3968 2820 4045; x_wconf 86' lang='lat' dir='ltr'>exteriori</span> 
     </span>
     <span class='ocr_line' id='line_1_33' title="bbox 607 4081 1632 4186; baseline 0.004 -33"><span class='ocrx_word' id='word_1_250' title='bbox 607 4081 854 4155; x_wconf 88' lang='lat' dir='ltr'>rituum</span> <span class='ocrx_word' id='word_1_251' title='bbox 904 4081 1116 4158; x_wconf 78' lang='lat' dir='ltr'>forma</span> <span class='ocrx_word' id='word_1_252' title='bbox 1166 4102 1231 4159; x_wconf 90' lang='lat' dir='ltr'>et</span> <span class='ocrx_word' id='word_1_253' title='bbox 1276 4101 1632 4186; x_wconf 88' lang='lat' dir='ltr'>apparatu.</span> 
     </span>
    </p>

    <p class='ocr_par' dir='ltr' id='par_1_6' title="bbox 605 4196 2826 4412">
     <span class='ocr_line' id='line_1_34' title="bbox 753 4196 2822 4301; baseline 0.002 -34"><span class='ocrx_word' id='word_1_254' title='bbox 753 4196 999 4270; x_wconf 85' lang='lat' dir='ltr'>luverit</span> <span class='ocrx_word' id='word_1_255' title='bbox 1062 4224 1239 4272; x_wconf 88' lang='lat' dir='ltr'>nunc</span> <span class='ocrx_word' id='word_1_256' title='bbox 1314 4198 1495 4274; x_wconf 86' lang='lat' dir='ltr'>aliud</span> <span class='ocrx_word' id='word_1_257' title='bbox 1555 4216 2018 4299; x_wconf 83' lang='lat' dir='ltr'>argumentum</span> <span class='ocrx_word' id='word_1_258' title='bbox 2080 4202 2368 4275; x_wconf 86' lang='lat' dir='ltr'>adiicere</span> <span class='ocrx_word' id='word_1_259' title='bbox 2418 4225 2554 4301; x_wconf 91' lang='lat' dir='ltr'>quo</span> <span class='ocrx_word' id='word_1_260' title='bbox 2605 4199 2822 4298; x_wconf 73' lang='lat' dir='ltr'>magis</span> 
     </span>
     <span class='ocr_line' id='line_1_35' title="bbox 605 4311 2826 4412; baseline 0.002 -27"><span class='ocrx_word' id='word_1_261' title='bbox 605 4311 1026 4412; x_wconf 87' lang='lat' dir='ltr'>antiquitatis</span> <span class='ocrx_word' id='word_1_262' title='bbox 1078 4340 1320 4388; x_wconf 84' lang='lat' dir='ltr'>sensus</span> <span class='ocrx_word' id='word_1_263' title='bbox 1367 4316 1743 4391; x_wconf 89' lang='lat' dir='ltr'>innotescat</span> <span class='ocrx_word' id='word_1_264' title='bbox 1790 4317 1877 4390; x_wconf 87' lang='lat' dir='ltr'>ad</span> <span class='ocrx_word' id='word_1_265' title='bbox 1929 4344 2065 4391; x_wconf 86' lang='lat' dir='ltr'>rem</span> <span class='ocrx_word' id='word_1_266' title='bbox 2118 4333 2414 4392; x_wconf 88' lang='lat' dir='ltr'>nostram</span> <span class='ocrx_word' id='word_1_267' title='bbox 2467 4315 2826 4391; x_wconf 84' lang='lat' dir='ltr'>conficien-</span> 
     </span>
    </p>
   </div>
  </div>
 </body>
</html>
