3276 5083
688 425 826 496 266
1118 448 1329 498 m..1.
1371 448 1542 499 stc-r.
1584 449 1840 499 nunu.
1883 451 1962 500 nr
1997 449 2256 501 numu.
2290 448 2499 499 cmm.

679 564 791 639 dis
815 589 967 642 cum
993 561 1311 661 religione
1343 565 1734 653 christiana,
1776 567 1845 647 in
1879 592 2014 665 qua
2046 567 2295 665 optime
2329 581 2678 652 noverant,
2719 566 2877 639 fide-

679 679 780 755 les
833 679 1257 753 matrimonia
1307 680 1694 754 contrahere
1741 681 2125 780 praesulum
2174 681 2395 754 ductu·
2414 696 2482 754 et
2527 681 2829 779 auspicio
2852 739 2869 768 ‚

674 811 747 871 et
779 795 848 866 in
890 821 1025 894 qua
1058 794 1366 892 coniugia
1401 820 1480 868 ex
1514 795 1692 869 avita
1729 795 2082 869 traditione
2130 794 2340 868 teneri
2390 793 2695 869 sciebant
2743 820 2877 869 non

678 908 897 983 solum
946 908 1045 983 uti
1081 935 1188 983 res
1227 935 1453 984 sacras
1475 967 1490 997 ‚
1543 936 1776 984 verum
1813 911 2015 983 etiam
2048 925 2122 984 ut
2153 925 2572 984 sacramenta
2590 967 2607 997 ,
2652 925 2879 1010 utpote

672 1025 894 1121 gratia
942 1023 1400 1097 sanctificante
1435 1049 1476 1096 a
1509 1023 1779 1098 Christo
1829 1040 2160 1097 servatore
2208 1038 2431 1110 aucta;
2473 1024 2545 1094 in
2595 1049 2729 1122 qua
2769 1023 2880 1096 de-

678 1163 862 1211 mum
896 1154 1252 1225 noverant,
1288 1138 1474 1212 nefas
1509 1138 1722 1213 fuisse
1755 1137 2290 1212 christifidelium
2324 1138 2595 1236 nuptias
2619 1138 2878 1211 censeri

676 1252 1010 1326 inferioris
1074 1252 1330 1327 ordinis
1387 1279 1589 1354 quam
1651 1254 1922 1353 nuptiae
1970 1252 2342 1326 infidelium
2384 1281 2399 1338 ;
2456 1251 2635 1351 quod
2702 1266 2879 1325 certe

675 1367 1107 1465 contigisset,
1152 1369 1212 1441 si
1256 1368 1775 1442 christianorum
1822 1366 2157 1442 connubia
2204 1365 2649 1441 contractibus
2698 1391 2879 1440 mere

674 1480 988 1554 civilibus
1039 1482 1562 1555 accensuissent.
1604 1483 1906 1555 Ceterum
1940 1496 2198 1556 constat
2229 1506 2309 1552 ex
2344 1480 2542 1552 dictis
2585 1506 2717 1553 non
2759 1479 2879 1552 ob-

678 1595 960 1669 tinuisse
1008 1621 1213 1695 penes
1262 1622 1569 1670 romanos
1593 1653 1609 1683 ,
1667 1621 1790 1669 nec
1839 1596 2016 1694 apud
2068 1595 2238 1668 alias
2289 1609 2519 1691 gentes
2545 1651 2561 1682 ,
2601 1609 2675 1666 ut
2722 1619 2878 1666 con-

675 1726 921 1783 tractus
972 1709 1291 1810 nuptialis
1340 1724 1493 1782 ante
1540 1710 1968 1807 magistratus
1987 1768 2002 1796 ‚
2044 1725 2158 1782 aut
2190 1708 2495 1809 publicos
2536 1708 2876 1781 ministros

675 1849 1095 1924 quocumque
1130 1824 1396 1898 nomine
1429 1840 1749 1897 vocentur
1769 1882 1785 1912 ‚
1831 1824 2294 1898 celebraretur.
2339 1822 2656 1921 Adeoque
2680 1847 2765 1894 ne
2786 1822 2878 1896 lo-

674 1963 828 2012 cum
858 1938 1131 2039 quidem
1159 1953 1315 2011 tunc
1341 1939 1656 2038 temporis
1691 1938 1940 2012 habere
1972 1938 2302 2037 potuisset
2334 1937 2673 2010 distinctio
2709 1937 2879 2010 inter

673 2068 1050 2129 contractus
1100 2053 1483 2151 coniugales
1534 2053 1767 2128 civiles
1798 2111 1813 2141 ‚
1873 2069 2073 2153 atque
2122 2052 2501 2150 religiosos.

818 2169 1127 2243 Nondum
1172 2186 1354 2242 aetas
1390 2168 1506 2241 illa
1544 2169 1871 2243 maiorum
1919 2184 2306 2243 assueverat
2347 2193 2498 2241 cum
2547 2167 2877 2240 atheismo

674 2266 791 2357 illo
840 2284 1131 2382 practico
1173 2282 1403 2381 legali,
1461 2283 1579 2382 qui
1641 2284 1748 2358 his
1799 2282 2211 2383 temporibus
2262 2282 2440 2381 apud
2484 2281 2878 2381 pseudo—po-

669 2397 891 2473 liticos
932 2397 1217 2473 obtinuit
1240 2424 1320 2472 ac
1344 2397 1637 2471 inolevit.
1685 2397 1993 2472 Nondum
2033 2396 2487 2496 philosophia,
2520 2420 2720 2494 quam
2754 2396 2881 2467 im-

674 2513 940 2612 proprie
970 2528 1246 2599 vocant‚
1293 2511 1716 2587 socialismus
1759 2526 1826 2585 et
1864 2510 2386 2584 communismus
2421 2509 2873 2596 invaluerant,

674 2627 789 2725 qui
846 2625 1100 2698 abiecte
1157 2625 1325 2698 adeo
1384 2626 1468 2697 de
1516 2625 1827 2721 coniugio
1890 2622 2251 2721 loquuntur
2299 2638 2367 2724 et
2414 2622 2758 2719 disputant
2804 2639 2880 2694 ut

669 2739 842 2811 nihil
891 2740 1310 2812 communius
1352 2764 1501 2811 cum
1553 2738 1806 2834 ingenti
1858 2736 2196 2810 societatis
2239 2735 2455 2834 ipsius
2507 2736 2760 2809 iactura
2798 2761 2880 2808 ac

668 2851 1060 2924 detrimento
1102 2850 1335 2923 audire
1382 2850 1746 2949 possimus.
1776 2850 1945 2921 Fieri
1986 2849 2187 2946 igitur
2234 2850 2468 2948 nequit
2493 2907 2508 2936 ,
2551 2864 2625 2921 ut
2658 2849 2727 2919 in
2765 2875 2879 2921 an-

671 2967 977 3064 tiquitate
1010 2965 1116 3040 vel
1158 2965 1309 3063 ipsa
1359 2964 1820 3061 coniugiorum
1867 2989 2048 3036 mere
2095 2962 2391 3036 civilium
2441 2962 2727 3059 vestigia
2775 2988 2879 3036 re-

673 3080 1051 3181 periantur,
1109 3079 1179 3151 in
1230 3079 1452 3152 media
1500 3078 1892 3177 praesertim
1952 3077 2322 3150 christiana
2372 3078 2710 3151 societate.

815 3196 1009 3281 Quod
1046 3196 1105 3268 si
1142 3194 1469 3294 quaedam
1518 3192 1938 3267 obscuriores
1980 3193 2467 3266 haereticorum
2506 3207 2723 3265 sectae
2757 3188 2876 3263 ab-

671 3312 838 3385 iecte
876 3310 960 3385 de
999 3310 1254 3409 nuptiis
1306 3309 1554 3384 sentire
1600 3309 1791 3382 visae
1842 3323 1999 3381 sunt
2022 3366 2038 3394 ‚
2094 3323 2169 3380 ut
2217 3307 2574 3406 pleraeque
2620 3304 2878 3403 gnosti-

669 3452 896 3500 corum
922 3424 1214 3498 familiae
1235 3482 1251 3512 ,
1281 3423 1665 3511 encratitae,
1692 3421 2100 3510 manichaei,
2125 3420 2377 3520 aliique
2402 3419 2663 3494 sectarii
2691 3421 2835 3515 (19)
2852 3475 2868 3505 ,

672 3567 754 3614 ex
786 3541 940 3614 aliis
977 3541 1247 3614 omnino
1271 3597 1286 3626 ,
1327 3540 1546 3638 iisque
1583 3537 1935 3611 contrariis
1972 3534 2235 3635 placitis
2269 3535 2339 3606 in
2365 3560 2514 3607 eam
2548 3533 2875 3606 devenere

672 3657 1081 3758 opinionem.
1130 3655 1396 3729 Scilicet
1446 3680 1727 3728 excessu
1777 3668 2135 3753 peccarunt
2195 3651 2280 3725 ob
2332 3664 2875 3749 praeconceptam

670 3772 1060 3871 plerumque
1098 3770 1497 3867 virginitatis
1540 3769 1759 3842 ideam
1802 3784 1960 3841 tunc
2008 3768 2295 3840 maxime
2346 3763 2866 3866 praevalentem,

669 3911 1007 3986 quamque
1057 3884 1153 3957 illi
1204 3884 1519 3958 haeretici
1570 3884 1925 3957 stultorum
1978 3908 2158 3955 more
2193 3939 2209 3968 ,
2278 3880 2391 3979 qui
2458 3879 2617 3951 dum
2666 3876 2877 3949 vitant

666 3997 854 4085 vitia,
883 3999 1046 4073 vitia
1072 4000 1142 4072 in
1169 3999 1499 4073 contraria
1526 4012 1823 4083 currunt,
1859 3996 1951 4068 ita
1977 4010 2449 4094 suspexerunt,
2473 4007 2548 4065 ut
2570 3988 2868 4089 nuptias‚

669 4138 790 4186 seu
821 4113 1043 4212 potius
1078 4113 1459 4212 nuptiarum
1510 4137 1707 4184 usum
1758 4125 2098 4207 tamquam
2148 4108 2400 4181 malum
2449 4105 2863 4178 damnarent.
2919 4169 2925 4174 .

809 4295 909 4358 (19)
939 4298 1043 4347 Hos
1075 4295 1191 4346 data
1219 4311 1366 4360 opera
1396 4296 1676 4348 refellerant
1704 4307 1746 4344 s.
1770 4292 2287 4355 Irenaeus,2cle1nens
2317 4291 2466 4354 alex„
2487 4304 2529 4341 s.
2549 4286 2873 4358 Epiphanius,

668 4373 1002 4428 ‘theodorem
1013 4409 1031 4437 ‚
1054 4387 1095 4426 s.
1116 4375 1410 4439 Augustinus
1430 4374 1616 4437 aliique
1636 4371 1990 4424 haereticorum
2011 4371 2389 4434 impugnatores.
