3276 5083
706 476 849 526 cn.
884 474 1103 526 unns.
1126 475 1444 526 mmsrno.
1487 475 1628 525 aar.
1664 475 1710 525 ι.
1754 475 2011 535 scissia
2056 476 2265 527 camo.
2506 456 2592 524 u

361 592 736 698 hypothesi
786 594 847 667 si
895 593 1280 690 coniugium
1338 591 1600 693 absque
1659 592 2061 666 sacerdotali
2132 592 2596 669 benedictione

361 722 605 785 mutuo
639 724 895 783 tantum
930 708 1464 782 contrahentium
1497 728 1833 782 consensu
1868 706 2310 781 celebraretur
2334 767 2351 798 ,
2384 710 2595 784 solius

359 840 751 900 contractus
775 821 1126 910 naturalis,
1157 838 1277 895 aut
1298 820 1519 897 civilis
1554 821 2006 895 conditionem
2036 821 2410 911 induceret,
2451 851 2598 924 per-

368 940 570 1041 potui*
609 954 826 1012 tamen
880 952 1082 1035 atque
1130 935 1658 1023 indissolubilis3
1699 936 1761 1008 si
1793 962 1950 1010 vero
2001 936 2369 1011 sacerdotis
2403 964 2600 1036 prae—

365 1072 551 1129 terea
605 1052 988 1154 praesentia
1044 1078 1125 1126 ac
1182 1051 1645 1125 benedictione
1706 1052 2080 1126 muniretur
2105 1110 2123 1140 ,
2173 1053 2597 1129 *sacramenti

362 1184 675 1243 naturam
710 1184 1193 1264 assequeretur
1212 1224 1228 1253 ,
1270 1166 1686 1266 gratiamque
1735 1164 2133 1262 coniugibus
2182 1167 2591 1241 conciliaret.

360 1283 706 1370 Quocirca
750 1282 820 1353 in
856 1281 985 1355 hac
1028 1282 1359 1356 sententia
1397 1281 1722 1380 nuptialis
1760 1279 2050 1375 foederis
2092 1283 2597 1359 sacramentalis

369 1399 687 1474 minister
731 1398 923 1471 foret'
951 1396 1266 1471 sacerdos
1292 1454 1308 1483 ,
1366 1396 1579 1470 forma
1628 1411 1853 1470 autem
1897 1396 2104 1470 verba
2126 1454 2145 1485 ‚
2203 1423 2381 1497 quae
2411 1426 2453 1472 a
2488 1426 2599 1474 sa-

368 1514 638 1589 cerdote
663 1538 857 1587 sacro
881 1511 1105 1586 hocin
1136 1511 1268 1584 ritu
1294 1526 1721 1611 promuntur3
1762 1512 2041 1584 materia
2074 1537 2273 1610 porro
2306 1530 2589 1603 remota,

363 1654 571 1729 quam
606 1628 881 1714 dicunt‚'
924 1626 1318 1701 consisteret
1351 1627 1420 1699 in
1456 1627 1608 1724 ipso
1640 1626 2173 1707 contrahentium
2220 1648 2590 1718 consensu,

370 1769 492 1817 seu
526 1743 711 1818 civili
743 1758 1113 1816 contractu.
1148 1741 1320 1815 Hinc
1345 1742 1661 1839 coniugia
1693 1741 1921 1816 omnia
1943 1741 2392 1831 clandestina,
2421 1770 2599 1842 quae

369 1858 696 1933 celebrari
748 1857 1102 1955 contigerit
1148 1856 1297 1930 sine
1347 1856 1715 1931 sacerdotis
1766 1882 1970 1957 opera
1992 1913 2010 1946 ‚
2061 1857 2336 1932 totidem
2384 1858 2601 1934 forent

364 1974 530 2047 meri
572 1988 953 2047 cocu-actus
1002 1970 1342 2046 naturales
1361 2028 1376 2058 ,
1430 1988 1546 2046 aut
1593 1971 1826 2047 civiles
1867 2001 1884 2060 ;
1940 1998 2116 2072 quae
2164 1972 2597 2048 cohonestata

366 2087 615 2161 fuerint
636 2086 1030 2161 sacerdotis
1080 2085 1543 2161 benedictione
1567 2145 1584 2174 ‚
1638 2087 1915 2161 totidem
1957 2086 2324 2160 evaderent
2370 2112 2596 2162 sacra-

366 2212 598 2275 menta
621 2226 853 2298 presse
875 2199 1078 2274 dicta.
1115 2198 1304 2286 Quae
1331 2226 1438 2273 res
1474 2201 1873 2274 sacramenti
1913 2200 2343 2299 baptismatis
2382 2224 2597 2274 exem—

369 2313 487 2414 plo
534 2314 900 2389 illustratur
928 2330 999 2387 et
1026 2314 1466 2389 confirmatur
1491 2370 1507 2399 ,
1563 2314 1758 2387 cuius
1811 2329 2067 2387 remota
2106 2314 2385 2387 materia
2407 2340 2596 2413 aqua

365 2445 477 2503 est
516 2429 876 2519 naturalis,
916 2430 1250 2505 fit‘autem
1293 2436 1793 2503 sacramentum
1827 2427 1988 2500 dum
2022 2426 2301 2502 verbum
2336 2429 2423 2503 ad
2457 2427 2593 2503 ele-

364 2560 669 2619 mentum
715 2545 998 2620 accedit.
1121 2577 1126 2581 ·
1481 2549 1485 2555 ’

509 2661 696 2734 Haec
744 2662 981 2735 eadem
1004 2699 1005 2702 ¹
1031 2660 1334 2736 doctrina
1392 2659 1707 2734 tribuitur
1757 2660 1949 2734 Petro
1996 2655 2337 2735 Paludano
2392 2657 2593 2735 scho*

366 2774 607 2850 lastico
626 2774 843 2849 seculi
876 2775 1075 2860 X1V.;
1105 2775 1418 2849 floruisse
1445 2774 1782 2873 siquidem
1818 2773 2157 2873 peribetur
2187 2801 2300 2847 an.
2335 2776 2584 2862 1340.;

365 2916 490 2964 nec
520 2916 658 2964 non
694 2889 980 2990 concilio
1007 2889 1399 2987 provinciali
1422 2888 1821 2977 coloniensi,
1851 2889 2032 2988 quod
2058 2889 2464 2964 celebratum
2489 2905 2594 2963 est

367 3032 481 3079 an.
526 3007 775 3092 1536„
818 3030 941 3078 nec
976 3030 1107 3077 non
1141 3005 1525 3078 Hermanno
1550 3060 1567 3090 ‚
1607 3003 1724 3103 qui
1762 3019 1998 3101 postea
2031 3003 2117 3076 ab
2150 3003 2438 3079 ecclesia
2470 3030 2594 3103 per

366 3120 780 3219 apostasiam
829 3119 1111 3205 defecit,
1153 3136 1228 3193 ut
1276 3120 1700 3218 profiteretur
1744 3119 2078 3193 haeresim
2127 3118 2585 3207 lutheranam,

366 3260 503 3333 quo
549 3232 866 3334 praesule
914 3233 1271 3308 concilium
1323 3233 1718 3308 coloniense
1762 3233 2166 3307 celebratum
2230 3234 2468 3306 fuerat.
2513 3234 2589 3308 .ls

362 3349 541 3424 enim
584 3350 657 3422 in
699 3347 1308 3436 suo·catechism0‚
1364 3357 1565 3448 quem
1615 3376 1738 3448 per
1775 3349 1855 3422 ·id
1903 3348 2221 3448 temporis
2271 3349 2351 3420 in'
2389 3373 2591 3421 usum

369 3487 538 3536 suae
586 3462 1164 3537 archidioeceseos
1214 3461 1641 3560 vulgaverat,
1673 3527 1674 3532 ,
1701 3463 2070 3538 insinuavit
2102 3463 2281 3537 hanc
2325 3478 2592 3536 senten—

366 3577 542 3652 tiam.
581 3577 665 3651 de
710 3578 1059 3654 sacerdote
1099 3576 1408 3651 ministro
1458 3578 1870 3676 sacramenti¹
1910 3578 2341 3652 matrimonii.

514 3692 694 3767 Haec
739 3693 1014 3791 quidem
1061 3692 1461 3766 Benedictus
1505 3695 1670 3767 XIV.
1723 3721 1802 3769 ac
1850 3692 2093 3795 reliqui
2146 3719 2378 3768 omnes
2397 3750 2413 3781 ,
2470 3691 2590 3792 qui

361 3808 447 3881 de
483 3807 691 3882 huius
730 3807 1100 3880 sententiae
1133 3806 1520 3906 primordiis
1560 3808 1964 3884 disseruere.
2006 3811 2272 3896 Verum,
2315 3834 2387 3882 re
2419 3801 2593 3882 bene

362 3948 737 4022 perpensa,
772 3921 1300 4020 deprehenditur
1336 3923 1638 3996 omnium
1688 3926 1979 4022 primum
2003 3982 2018 4011 ,
2066 3924 2185 4024 qui
2220 3924 2590 3998 doctrinam

364 4036 449 4110 de
496 4036 847 4112 sacerdote
897 4036 1247 4110 christiani
1298 4038 1591 4136 coniugii
1645 4039 1988 4127 ministro,
2036 4039 2336 4141 adeoque
2371 4040 2456 4114 de
2489 4040 2594 4113 di·-

362 4152 721 4228 stinctione
760 4153 934 4226 inter
966 4169 1375 4228 contractum
1410 4179 1593 4227 mere
1624 4153 1889 4228 civilem
1914 4169 1982 4228 et
2005 4171 2495 4231 sacramentum
2519 4155 2593 4228 -in

364 4270 621 4368 nuptiis
654 4267 1173 4343 christianorum
1197 4268 1267 4340 in
1294 4268 1563 4343 scholas
1589 4269 1957 4344 catholicas
1995 4270 2341 4359 invexerit,
2363 4269 2595 4343 fuisse

358 4382 692 4458 celebrem
743 4382 1169 4457 Melchiorem
1229 4383 1483 4459 Canum
1514 4441 1534 4475 ,
1606 4386 1724 4486 qui
1790 4387 1964 4486 opu's
2018 4414 2216 4462 suum
2274 4386 2372 4458 De
2438 4383 2595 4457 locis

2397 4532 2434 4582 ⁴
