3276 5083
1014 734 1027 749 -
1074 635 2018 775 PROOEMIUM

424 1571 1023 1702 Fundamentum
1049 1642 1119 1700 et
1146 1631 1346 1725 origo
1373 1631 1791 1702 domesticae
1818 1632 2162 1703 societatis
2192 1654 2274 1702 ac
2308 1631 2632 1717 familiae,

420 1742 1019 1838 quemadmodum
1052 1756 1119 1816 et
1155 1766 1389 1817 rerum
1441 1741 1880 1840 publicarum
1928 1746 2284 1828 omnium,
2323 1769 2506 1842 quae
2543 1747 2635 1820 ab

419 1882 497 1931 ea
551 1872 791 1931 ortum
842 1859 1108 1931 ducunt
1158 1871 1263 1932 est
1308 1860 1485 1932 illud
1537 1861 1962 1932 matrimonii
2012 1862 2368 1934 vinculum
2427 1876 2636 1959 atque

418 1978 817 2048 coniunctio
845 2029 864 2057 ‚
920 1998 1131 2071 quam
1184 1978 1258 2047 in
1302 1977 1424 2049 illa
1470 1999 1755 2072 quoque
1807 1975 2198 2051 beatissima
2240 1980 2635 2073 primaevae

415 2091 831 2184 integritatis
882 2091 1285 2165 conditione
1317 2115 1358 2166 e
1389 2115 1527 2187 qua
1562 2115 1692 2188 per
1727 2106 2088 2188 peccatum
2117 2095 2499 2168 excidimus
2543 2093 2636 2167 ab

414 2208 573 2301 ipso
601 2209 747 2278 Deo
782 2209 1105 2279 novimus
1148 2206 1361 2279 fuisse
1410 2209 1820 2284 institutam.
1863 2210 2071 2281 Cuius
2115 2210 2403 2303 quidem
2436 2209 2636 2280 insti-

417 2321 708 2393 tutionis
732 2346 815 2393 ex
835 2345 973 2417 qua
999 2323 1413 2419 propagatio
1437 2321 1805 2395 bominum
1833 2333 1902 2394 et
1933 2322 2215 2396 soboles
2241 2324 2627 2419 prodeunt,

415 2438 471 2507 si
518 2459 794 2508 causam
843 2460 1140 2533 quaeras
1194 2437 1549 2519 ultimam,
1608 2459 1752 2509 non
1806 2437 2012 2509 aliam
2065 2436 2384 2533 profecto
2436 2437 2634 2510 inve-

413 2553 596 2635 nies,
624 2574 836 2648 quam
869 2553 993 2649 qui
1026 2552 1140 2626 alii
1167 2575 1252 2626 ex
1273 2553 1429 2626 aliis
1456 2551 1773 2625 homines
1797 2553 2275 2648 gignerentur,
2310 2554 2358 2624 ii
2383 2573 2630 2648 quam-

415 2665 534 2738 diu
561 2668 637 2737 in
665 2667 872 2739 terris
907 2668 1220 2741 viverent
1258 2681 1616 2741 auctorem
1651 2668 1875 2738 Deum
1918 2667 2315 2763 cognitione
2336 2719 2355 2751 ‚
2391 2691 2630 2742 amore

411 2793 619 2876 atque
662 2780 1007 2877 obsequio
1051 2795 1683 2879 prosequerentur:
1713 2804 1877 2854 cum
1901 2805 1986 2854 ex
2016 2781 2148 2854 hac
2171 2783 2451 2855 mortali
2488 2785 2629 2855 vita

410 2895 925 2980 discessissent,
967 2899 1115 2969 eius
1155 2896 1481 2970 beatitate
1515 2901 1587 2971 in
1621 2899 1835 2970 coelis
1876 2900 2294 2995 sempiterna
2328 2898 2631 2972 delecta-

414 3011 599 3084 tione
651 3009 1080 3084 fruerentur.
1137 3013 1360 3098 Quam
1406 3012 1505 3084 ob
1545 3037 1698 3086 rem
1751 3015 1935 3086 Deus
1975 3035 2118 3085 non
2159 3014 2375 3086 modo
2405 3026 2628 3086 ratam

409 3135 477 3195 ct
524 3138 830 3198 sanctam
886 3150 1037 3200 esse
1089 3127 1270 3200 hanc
1319 3129 1502 3201 vitae
1547 3130 2113 3202 coniunctionem
2165 3130 2389 3201 voluit
2432 3156 2452 3211 3
2505 3128 2628 3200 sed

409 3263 496 3312 ne
545 3238 953 3315 labefactari
994 3266 1344 3340 unquam,
1386 3257 1502 3316 aut
1538 3243 1829 3316 dissolvi
1878 3243 1969 3316 ab
2019 3243 2425 3316 hominibus
2463 3266 2629 3339 pos·-

406 3369 507 3427 set
538 3408 557 3440 ‚
612 3356 1082 3430 immutabiles
1126 3357 1356 3430 eidem
1404 3358 1589 3453 leges
1651 3358 1855 3441 tulit,
1910 3358 2166 3456 quibus
2224 3361 2407 3430 intra
2462 3381 2626 3431 suos

408 3467 614 3553 fines,
666 3472 947 3566 qualem
984 3472 1137 3568 ipse
1182 3470 1504 3545 effecerat
1555 3484 1903 3568 perpetuo
1952 3476 2452 3544 contineretur.

548 3587 650 3658 Ne
688 3610 829 3682 qua
878 3610 1051 3660 vero
1102 3588 1509 3661 mortalium
1561 3591 1709 3661 sive
1755 3587 2160 3661 conditione
2218 3590 2364 3660 sive
2432 3590 2623 3683 cupi-

403 3699 621 3773 ditate
662 3700 861 3775 fieret
907 3703 1287 3798 aliquando
1311 3756 1330 3788 ‚
1380 3715 1459 3776 ut
1508 3727 1685 3799 quas
1740 3705 1890 3800 ipse
1937 3703 2242 3776 dedisset
2283 3703 2476 3798 leges
2507 3724 2622 3775 ar·

400 3814 615 3887 bitrio
662 3815 1171 3892 subiicerentur
1221 3819 1487 3902 alieno,
1526 3819 1807 3891 easdem
1853 3819 2177 3913 religioni
2222 3819 2627 3891 commissas

400 3931 906 4026 sapientissime
943 3933 1207 4017 voluit,
1248 3935 1322 4004 in
1359 3935 1556 4006 cuius
1596 3932 1739 4006 fide
1768 3945 1837 4005 et
1865 3932 2079 4004 tutela
2108 3931 2198 4004 ab
2225 3934 2419 4004 omni
2452 3932 2626 4004 vitio

399 4057 467 4117 et
495 4049 975 4143 corruptione,
1007 4071 1189 4144 quae
1212 4061 1374 4146 post
1399 4035 1762 4144 peccatum
1790 4047 2079 4121 inficere
2101 4048 2258 4120 illas
2281 4045 2622 4142 quodam·

397 4162 615 4235 modo
654 4179 939 4260 possent
984 4167 1298 4240 instituta
1326 4188 1365 4238 a
1392 4188 1466 4238 se
1502 4165 1929 4237 matrimonii
1964 4165 2260 4238 societas
2289 4162 2624 4235 inviolata

398 4293 866 4372 permaneret.
916 4283 1058 4354 Nec
1095 4280 1392 4353 dubium
1437 4303 1592 4353 esse
1634 4282 1960 4375 cuiquam
1998 4292 2232 4376 potest
2263 4279 2434 4374 quin
2469 4289 2621 4350 tum

399 4394 588 4489 apud
627 4399 896 4492 primos
931 4397 1091 4470 illos
1126 4397 1557 4494 populorum
1598 4408 1831 4491 patres
1855 4448 1873 4479 ‚
1915 4409 2066 4468 tum
2103 4395 2401 4467 decursu
2443 4405 2619 4465 tem·
