3276 5083
691 455 776 524 2⁰
928 514 931 519 .
1069 471 1191 521 m.
1236 471 1282 520 1.
1324 468 1496 521 sacr.
1539 470 1586 518 1.
1630 467 1710 517 nn
1746 466 2008 518 munt.
2044 464 2468 517 sicmmro.

681 594 851 668 siam
896 589 1275 664 celebrandi
1326 588 1670 685 coniugia,
1711 612 1790 659 ac
1840 586 1989 658 sine'
2038 583 2433 659 sacerdotali
2484 583 2892 674 ministerio,

681 709 848 783 adeo
879 722 956 780 ut
988 705 1220 781 illicita
1271 703 1606 779 connubia
1655 701 2068 797 habeantur,
2107 726 2285 800 quae
2319 724 2513 775 secus
2550 700 2719 773 inita
2754 701 2902 774 fue-

678 824 852 910 rint,
918 820 1492 949 subiicianturque
1550 816 2026 916 poenitentiae,
2082 815 2226 914 qui
2251 814 2400 887 sine
2447 812 2904 889 ecclesiastico

680 954 1006 1066 apparatu
1064 934 1555 1024 matrimonium
1614 933 1885 1007 inierint
1947 932 2123 1027 (63).
2182 929 2367 1002 Idem
2413 929 2525 1003 dic
2574 928 2678 1002 de
2709 933 2901 1030 praxi

681 1056 749 1126 et'
793 1079 927 1127 usu
960 1053 1030 1124 in
1068 1048 1372 1124 ecclesiis
1405 1045 1968 1132 occidentalibus,
2009 1059 2085 1118 ιιι
2113 1050 2202 1116 ex'
2227 1043 2449 1117 allatis
2482 1042 2903 1118 documentis

684 1170 848 1243 satis
880 1181 1101 1266 patet.

829 1281 1085 1368 Quum
1100 1279 1304 1377 igitur
1350 1224 1764 1406 exploratum
1813 1277 1943 1364 sit,
1999 1291 2222 1374 patres
2272 1275 2458 1347 iuxta
2507 1298 2655 1347 eam
2701 1273 2903 1348 fidem

686 1412 755 1470 et
801 1395 1211 1481 doctrinam,
1270 1418 1447 1493 quae
1495 1392 1566 1464 in
1628 1389 1912 1465 ecclesia
1959 1387 2336 1477 obtinebat,
2392 1413 2544 1461 esse
2591 1387 2899 1477 locutos;

683 1508 926 1583 exinde
976 1507 1310 1604 colligitur
1356 1504 1740 1581 eorumdem
1787 1503 2013 1589 effata,
2068 1501 2229 1575 dum
2276 1510 2550 1599 agentes
2590 1503 2677 1577 de
2725 1503 2907 1578 cbri—

683 1626 902 1699 stiano
961 1621 1295 1697 connubio
1348 1621 1563 1694 eidem
1616 1618 2013 1693 adscribunt
2058 1617 2656 1692 sanctificationem
2674 1676 2689 1705 ,
2746 1644 2906 1692 san-

684 1740 979 1813 ctitatem
1023 1795 1039 1825 ,
1110 1737 1643 1811 benedictionem
1685 1793 1701 1823 ,
1770 1733 2052 1832 gratiam
2094 1791 2112 1820 ,
2189 1733 2352 1807 dum
2419 1750 2905 1808 sacramentum

679 1864 957 1941 vocant,
1007 1853 1171 1925 dum
1220 1866 1547 1926 testantur
1594 1850 1935 1923 Christum
1983 1848 2369 1946 coniugium
2417 1849 2902 1936 sanctificasse,

682 1967 940 2067 nuptiis
986 1965 1416 2041 benedixisse
1437 2023 1452 2052 ,
1506 1963 1790 2063 gratiam
1839 1964 2093 2062 nuptiis
2143 1962 2578 2050 conciliasse,
2633 1965 2909 2039 totidem

686 2093 852 2158 esse
888 2081 1294 2167 testimonia,
1351 2079 1603 2179 quibus
1654 2078 1939 2153 efficitur
1987 2078 2406 2153 matrimonio
2453 2102 2673 2151 veram
2722 2103 2909 2153 com-

686 2215 913 2298 petere
939 2195 1335 2272 sacramenti
1363 2195 1711 2269 rationem.
1746 2193 1891 2267 Nisi
1920 2193 2099 2266 enim
2122 2192 2209 2267 de
2235 2202 2647 2268 sacramento
2672 2219 2911 2293 presse

687 2326 956 2413 sumpto
976 2380 985 2387 ,
1004 2309 1271 2385 illorum
1320 2306 1524 2383 verba
1572 2323 1802 2381 essent
1833 2306 2222 2406 accipienda
2244 2365 2259 2394 ,
2301 2307 2371 2379 in
2405 2324 2731 2408 perpetua
2772 2310 2912 2385 col·

685 2427 927 2503 lisione
949 2454 981 2511 ‚·
1021 2440 1136 2499 aut
1196 2422 1619 2523 oppositione
1683 2421 1893 2494 forent
1953 2446 2105 2494 cum
2153 2420 2478 2496 ecclesiae
2525 2422 2682 2496 fide*
2709 2438 2908 2523 atque

678 2541 1015 2616 doctrina.
1074 2536 1419 2637 Siquidem
1468 2534 1754 2611 ecclesia
1801 2534 2191 2635 quotidiana
2253 2538 2442 2637 praxi
2502 2537 2914 2614 declarasset

688 2682 765 2729 se
817 2679 1049 2727 verum
1115 2652 1584 2726 administrare
1646 2666 2132 2726 sacramentum
2163 2665 2192 2739 “,
2237 2678 2342 2756 1εο
2390 2653 2734 2728 intendere
2795 2680 2914 2729 ve-

689 2795 839 2843 rum
910 2782 1403 2842 sacramentum
1475 2764 1808 2853 conferre,
1863 2791 1987 2839 seu
2037 2777 2530 2842 sacramentum
2590 2795 2633 2841 a
2697 2769 2914 2844 fideli-

681 2886 819 2961 bus
868 2883 1108 2958 confici
1160 2883 1230 2955 in
1282 2880 1727 2957 celebratione
1771 2882 2157 2981 nuptiarum
2179 2941 2196 2971 ,
2236 2899 2461 2982 patres
2511 2909 2668 2958 vero
2710 2884 2910 2959 locuti

691 3000 977 3076 fuissent
1051 3014 1164 3072 aut
1212 2998 1298 3071 de
1348 3012 1762 3072 sacramento
1813 2997 2260 3097 late'sumpto
2306 3056 2322 3080 ,
2404 3016 2518 3074 aut
2565 3000 2651 3074 de
2697 3026 2911 3077 vacua

690 3112 1067 3187 ceremonia
1100 3138 1178 3187 ac
1211 3112 1375 3185 ritu.
1404 3111 1596 3197 Quod
1629 3137 1763 3185 non
1797 3111 2014 3185 solum
2041 3112 2229 3186 nefas
2255 3129 2360 3186 est
2391 3113 2613 3188 dicere
2646 3142 2724 3190 ac
2756 3129 2912 3190 sen-

691 3228 848 3316 tire,
903 3228 1023 3304 sed
1066 3228 1261 3328 plane
1308 3226 1714 3312 absurdum,
1783 3253 1862 3306 ac
1912 3227 2213 3327 patribus
2263 3239 2686 3363 summopere
2732 3230 2910 3305 iniu-

692 3345 969 3419 riosum.
1309 3365 1313 3372 ‘

833 3460 1063 3534 Merito
1114 3421 1464 3560 propterea
1511 3460 1804 3534 diximus
1858 3486 1936 3534 ex
1988 3462 2287 3536 doctrina
2332 3488 2413 3535 ac
2460 3462 2594 3535 fide
2644 3463 2913 3537 univer-

692 3575 855 3650 salis
903 3575 1225 3651 ecclesiae
1273 3576 1488 3650 lucem
1523 3575 1778 3648 effundi
1815 3592 2074 3677 patrum
2108 3576 2445 3663 dictis,'si
2480 3602 2655 3676 quae
2688 3580 2910 3652 minus

694 3690 1061 3765 decretoria
1110 3718 1191 3765 ex
1242 3718 1318 3765 se
1365 3691 1780 3777 viderentur,
1822 3718 2183 3791 eorumque
2217 3717 2487 3765 sensum
2524 3718 2910 3790 germanum

696 3804 1147 3878 determinari.

842 3918 1031 4005 Quae
1080 3946 1230 3993 cum
1280 3922 1373 3993 ita
1422 3946 1495 3994 se
1544 3919 1836 3994 habeant
1861 3978 1877 4008 ,
1919 3922 2052 3995 iam
2086 3936 2269 4022 patet
2315 3921 2479 4020 quid
2515 3921 2600 3994 de
2632 3921 2911 4012 Erasmo

697 4033 1117 4108 sentiendum
1178 4036 1304 4124 sit,
1363 4037 1522 4109 dum
1588 4035 1657 4107 in
1720 4035 1944 4110 adnot.
2009 4036 2096 4109 ad
2156 4037 2208 4107 1.
2269 4036 2418 4110 Cor.
2474 4037 2613 4108 vll.
2680 4034 2916 4108 leviter

588 4246 597 4255 θ
696 4150 897 4223 nimis
921 4208 937 4236 ,
980 4176 1058 4224 ac
1093 4166 1335 4225 temere
1367 4153 1569 4227 etiam
1602 4140 1957 4226 affirmavit
1988 4151 2301 4250 nuspiam
2337 4153 2480 4227 sive
2511 4149 2695 4251 apud
2729 4176 2913 4248 grae-

694 4291 809 4338 cos
837 4323 851 4351 ,
911 4266 1053 4338 sive
1114 4265 1295 4364 apud
1360 4266 1601 4342 latinos
1666 4266 2013 4365 quidpiam
2076 4266 2364 4355 offendi,
2420 4265 2603 4340 unde
2659 4266 2914 4367 liqueat

841 4418 941 4479 (63)
975 4417 1050 4468 cf.
1081 4417 1316 4469 Gom-ium
1340 4417 1389 4468 in
1408 4419 1539 4470 notis
1558 4418 1621 4468 ad
1646 4417 1976 4482 Eucholoffon
1995 4420 2050 4470 tn
2075 4418 2252 4483 officio
2277 4421 2644 4472 coronationis.
