3276 5083
615 439 769 493 xvm
1545 439 1893 493 rnooeumu
1906 474 1917 487 .

615 561 1032 635 recentiores
1079 561 1451 655 scriptores
1499 560 1850 658 disputata
1867 614 1887 645 ‚
1939 582 2123 655 quae
2166 581 2401 656 sparsa
2452 573 2522 631 et
2572 557 2829 631 diffusa

614 678 917 749 iacerent
951 728 970 759 ,
1026 675 1316 749 collecta
1376 698 1546 748 vero
1598 676 1687 748 ad
1738 676 1918 749 hanc
1969 698 2247 748 causam
2295 676 2595 746 maxime
2645 675 2829 747 saee-

616 804 808 880 rent3
851 803 922 864 et
969 813 1090 864 eos
1137 792 1327 864 viros
1369 790 1606 864 debita
1658 791 2060 863 laudatione
2103 788 2528 863 celebrarem
2551 841 2569 874 ,
2614 803 2695 861 ut
2727 789 2830 861 fa-

616 908 794 979 ciam
818 958 836 990 ,
880 909 1003 1002 qui
1049 919 1193 978 tam
1226 904 1407 977 bene
1443 906 1534 978 de
1574 929 1653 979 re
1704 906 2040 979 catholica
2096 929 2230 1003 pro
2281 904 2538 977 tuenda
2588 907 2832 976 matri-

616 1022 833 1093 monii
879 1021 1197 1093 doctrina
1251 1034 1683 1093 meruerunt.

761 1136 895 1221 Qui
936 1159 1108 1208 vero
1150 1133 1503 1207 bonorum
1550 1139 1867 1208 omnium
1902 1137 2058 1209 fons
2093 1150 2196 1208 est
2231 1148 2304 1208 et
2335 1146 2580 1207 auctor
2607 1134 2825 1215 Deus,

616 1272 751 1346 pro
775 1271 897 1321 sua
924 1250 995 1320 in
1024 1273 1155 1322 nos
1180 1248 1605 1345 benignitate
1642 1249 2153 1345 qualecumque
2177 1250 2316 1322 boc
2340 1270 2519 1344 opus
2553 1269 2786 1319 meum
2807 1297 2825 1329 ,

616 1363 812 1461 quod
839 1366 966 1437 etsi
996 1364 1232 1437 multis
1258 1365 1629 1437 distractus
1661 1367 1883 1447 curis,
1924 1365 2011 1436 ad
2062 1366 2213 1437 eius
2255 1362 2539 1435 laudem
2576 1375 2647 1434 et
2681 1361 2835 1457 glo-

618 1481 794 1552 riam
817 1532 837 1563 ,
883 1493 1093 1575 atque
1142 1480 1466 1553 ecclesiae
1512 1503 1677 1553 suae
1718 1504 1921 1553 causa
1974 1483 2278 1576 suscepi,
2335 1480 2514 1552 tueri
2560 1475 2729 1548 velit
2763 1487 2833 1547 et

618 1617 1068 1691 promovere:
1121 1609 1199 1668 ut
1233 1648 1252 1676 ‚
1308 1595 1904 1693 quemadmodum
1953 1595 2149 1668 volui
2181 1648 2201 1678 ,
2255 1593 2676 1667 sanctissima
2708 1588 2830 1662 illa

619 1711 1055 1793 coniunctim
1094 1733 1306 1808 quam
1329 1713 1478 1806 ipse
1502 1715 1573 1783 in
1603 1713 1809 1784 terris
1834 1713 2227 1791 constituit.
2257 1724 2335 1783 ut
2369 1733 2453 1782 ex
2487 1731 2569 1780 ea
2606 1706 2836 1779 homi-

620 1846 744 1896 nes
774 1823 862 1895 ad
899 1837 1249 1898 aeternam
1292 1823 1689 1899 beatitatem
1731 1839 2295 1923 procrearentur,
2327 1823 2418 1896 ab
2458 1824 2834 1919 impiorum

621 1937 985 2011 conatibus
1020 1940 1365 2015 vindicata
1400 1942 1474 2013 in
1508 1944 1872 2038 pristinam
1898 1942 2363 2036 integritatem
2406 1939 2836 2034 dignitatem·

618 2077 756 2149 que
791 2055 978 2151 apud
1023 2078 1267 2128 omnes
1315 2070 1709 2130 revocetur.
