3276 5083
538 461 675 511 car.
706 460 793 510 ιν.
821 458 1089 509 sxrsun.
1116 458 1259 508 Aac.
1284 458 1363 508 ns
1389 457 1529 509 nm.
1556 457 1729 508 saca.
1757 460 1896 509 aar.
1917 460 1986 510 11.
2008 460 2152 509 aas.
2181 461 2360 510 rann.
2471 436 2599 508 111

394 598 537 653 tum
564 595 667 652 est
697 577 1014 674 adagium
1065 575 1392 649 Dominici
1429 577 1609 662 Soto,
1645 576 1824 676 qued
1853 576 2127 651 scilicet.
2153 577 2569 677 «Iurisperiti
2584 634 2602 662 ,

395 697 646 794 quotics
694 696 763 765 in
812 694 918 765 ius
966 692 1263 764 divinum
1310 693 1547 792 falcem
1591 695 1860 765 mittunt
1887 749 1905 777 ,
1965 708 2392 766 cruentantur·
2426 698 2604 790 (16);

394 837 626 885 eorum
675 807 1034 882 auctoritas
1086 808 1155 880 in
1206 807 1404 882 rebus
1457 808 1850 906 theologicis
1901 834 2107 907 parva
2157 809 2431 884 omnino
2479 826 2603 882 est.

396 927 522 1000 nis
554 926 756 1024 igitur
790 924 1127 1011 dimissis,
1168 950 1248 996 ex
1283 924 1517 997 ordine
1556 924 1937 999 evolvemus
1977 925 2382 1010 testimonia,
2439 949 2612 1022 quae

394 1041 739 1117 attulimus
764 1067 845 1114 ex
870 1039 1277 1127 auctoribus,
1301 1039 1419 1139 qui
1454 1041 1812 1114 adstruunt
1844 1040 2254 1114 sacerdotem
2278 1063 2431 1113 esse
2456 1064 2614 1112 con-

390 1159 555 1256 iugii
608 1157 962 1232 christiani
1015 1155 1418 1228 ministrum.
1453 1154 1618 1227 Cum
1669 1180 1826 1229 vero
1878 1153 2196 1230 nonnulla
2230 1179 2312 1226 ex
2346 1153 2456 1227 his
2498 1152 2612 1226 illa

392 1275 531 1347 sint
579 1275 763 1373 ipsa,
805 1271 1086 1371 quaein
1121 1270 1304 1344 Cano
1353 1270 1486 1343 iam
1538 1269 2015 1368 expendimus,
2072 1270 2223 1343 ideo
2271 1261 2612 1369 quae-'su-

395 1402 674 1487 persunt
717 1385 1009 1461 examini
1060 1399 1317 1459 tantum
1369 1384 1829 1459 subiiciemus.

539 1501 983 1576 Tertullianus
1032 1500 1260 1600 itaque
1296 1501 1366 1573 in
1403 1501 1519 1573 lib.
1565 1502 1650 1573 11.
1688 1501 1786 1573 Ad
1818 1527 2088 1574 uxorem
2121 1526 2180 1574 c.
2218 1503 2285 1571 8.
2319 1498 2614 1598 loquitur

391 1620 479 1692 de
511 1619 951 1716 obsiqnations
985 1615 1493 1704 benedictionis,
1526 1633 1857 1716 quatenus
1883 1618 1979 1690 ita
2007 1616 2259 1690 ferebat
2290 1613 2614 1689 ecclesiae

390 1732 751 1834 disciplina
800 1759 886 1806 ne
933 1731 1188 1806 occulte
1237 1731 1731 1807 celebrarentur
1778 1734 2084 1832 nuptiae,
2125 1750 2357 1833 etqua
2409 1731 2615 1805 fiebat

391 1868 467 1925 ut
498 1850 1000 1925 matrimonium
1038 1849 1106 1920 in
1142 1847 1310 1922 facie
1360 1848 1684 1922 ecclesiae
1733 1847 2137 1922 celebratum
2187 1874 2383 1924 suum
2435 1846 2613 1944 sigil-

390 1965 526 2038 lum
563 2024 580 2052 ‚
633 1980 710 2037 ut
760 1964 852 2037 ita
902 1962 1181 2062 loquar,
1248 1962 1598 2036 obtineret.
1642 1962 1866 2037 Talem
1916 1990 2072 2039 vero
2121 1988 2275 2036 esse
2322 1979 2611 2036 mentem

390 2079 777 2155 Tertulliani
847 2096 1074 2179 aperte
1137 2094 1400 2154 constat
1446 2105 1525 2152 ex
1575 2105 1655 2153 eo
1706 2078 1884 2179 quod
1939 2081 2086 2178 ipse
2135 2104 2293 2152 vera
2342 2104 2423 2152 ac
2473 2093 2612 2150 rata

396 2193 646 2267 habeat
690 2192 1143 2281 matrimonia,
1199 2218 1374 2294 quae
1423 2192 1711 2279 occulte,
1756 2217 1833 2265 ac
1882 2190 2164 2291 proinde
2213 2191 2362 2264 sine
2409 2190 2612 2263 bene-

398 2308 695 2382 dictione
727 2307 1118 2383 sacerdotali
1151 2305 1692 2392 celebrabantur,
1725 2331 1900 2406 quae
1933 2321 2154 2378 tamen
2189 2303 2424 2378 illicita
2458 2329 2614 2404 pro-

396 2423 672 2496 nunciat
718 2423 1057 2497 scribens:
1106 2453 1140 2492 α
1174 2422 1333 2496 Ideo
1381 2447 1589 2521 penes
1633 2447 1758 2495 nos
1793 2419 2092 2496 occultae
2140 2444 2408 2519 quoque
2455 2444 2614 2493 con-

389 2539 764 2613 iunctiones
796 2597 812 2625 ,
867 2538 939 2612 id
989 2555 1143 2625 est,
1207 2565 1334 2611 non
1377 2539 1569 2637 prius
1618 2537 1798 2637 apud
1845 2537 2180 2610 ecclesiam
2231 2536 2602 2635 professae,

388 2656 574 2728 iuxta
623 2654 999 2728 moechiam
1033 2670 1102 2728 ct
1134 2654 1635 2730 fornicationem
1672 2653 1954 2727 iudicari
1989 2651 2473 2752 periclitantur.
2516 2652 2611 2724 Ne

392 2771 549 2843 inde
596 2787 947 2845 consertae
994 2770 1268 2845 obtentu
1319 2771 1719 2844 matrimonii
1772 2769 2023 2843 crimen
2073 2766 2350 2841 eludant
2378 2769 2605 2863 (17).»

389 2886 646 2984 Nempe
668 2943 683 2972 ‚
727 2902 802 2960 ut
833 2884 1104 2984 exponit
1134 2883 1495 2981 Rigaltius:
1540 2883 1786 2958 oblatis
1820 2882 2145 2956 ecclesiae
2181 2908 2299 2982 per
2332 2880 2613 2981 presby-

390 3014 565 3071 teros
618 2996 934 3072 fidelibus
970 2996 1448 3096 coniugandis,
1488 3013 1561 3070 ut
1594 2996 2061 3071 communibus
2095 2997 2268 3070 votis
2303 2996 2613 3095 coniugio

389 3111 898 3185 benediceretur
953 3115 1128 3209 (18).
1177 3114 1244 3185 Si
1297 3112 1451 3186 talis
1503 3112 1706 3212 igitur
1754 3128 1858 3186 est
1905 3110 2303 3197 benedictio,
2343 3110 2429 3182 de
2477 3136 2612 3209 qua

389 3226 687 3327 loquitur
735 3227 1220 3315 TertullianuS,
1279 3244 1460 3328 patet
1508 3226 1767 3300 nullum
1802 3252 1925 3326 per
1964 3228 2179 3326 ipsam
2226 3225 2453 3324 perfici
2500 3251 2610 3299 sa-

387 3424 480 3487 qui
499 3424 683 3487 opums
703 3425 928 3475 montet
956 3425 1078 3476 iuris
1099 3426 1370 3490 peritorum
1406 3425 1672 3477 sententias
1708 3425 1943 3487 callebat,
1982 3424 2194 3475 scribere
2230 3435 2329 3473 non
2364 3421 2611 3473 dubitavit

386 3503 478 3554 lib.
495 3507 627 3554 vm.
648 3507 721 3555 Ds
741 3505 936 3570 synodo
956 3518 1065 3569 cap.
1089 3507 1221 3556 xm.
1244 3519 1294 3555 n.
1317 3509 1364 3556 4.
1388 3525 1411 3548 σι
1425 3506 1562 3556 Hanc
1581 3504 1764 3569 quippe
1785 3504 2075 3555 sententiam
2096 3505 2115 3566 (
2127 3503 2189 3553 de
2209 3501 2610 3553 contrahentibus

387 3584 628 3635 ministris
643 3586 932 3636 stemmati
954 3585 1289 3647 matrimonii)
1324 3588 1689 3649 propugnarunt
1725 3585 1822 3636 tere
1851 3595 2023 3634 omnes
2052 3583 2243 3646 antiqui
2271 3581 2487 3646 theologi
2504 3619 2520 3644 ,
2542 3584 2614 3633 tu·

390 3667 570 3728 risque
587 3667 824 3716 σαηοπίοί
843 3667 1202 3730 interpretes.»

524 3743 625 3806 (16)
654 3747 799 3795 Dom.
822 3746 940 3795 soto
960 3744 1011 3794 in
1032 3750 1079 3795 4.
1101 3746 1233 3795 Sent.
1254 3743 1369 3796 dist.
1398 3750 1467 3795 1³.
1492 3758 1576 3806 qu.
1602 3752 1642 3794 1.
1661 3746 1752 3795 art.
1777 3754 1820 3795 s.
1845 3743 1923 3795 ed.
1945 3744 2207 3795 Metimnae
2224 3756 2253 3793 a
2274 3743 2444 3806 campi
2476 3749 2608 3794 1581.

386 3835 496 3886 pag.
522 3820 631 3874 5³2.

529 3902 629 3964 (17)
663 3904 739 3953 De
765 3901 1026 3966 pudicitia
1048 3916 1155 3967 cap.
1181 3903 1266 3954 lv.
1290 3905 1434 3954 Hunc
1460 3903 1643 3954 librum
1665 3905 1864 3967 scripsit
1891 3904 2224 3955 Termtlianus
2249 3904 2346 3954 iam
2370 3904 2609 3955 montani-

382 3985 486 4045 sta3
509 3982 627 4032 hinc
648 3995 738 4047 per
756 3982 878 4033 illud
898 3982 1076 4048 quoad
1096 3995 1189 4033 nae
1209 3982 1452 4047 significat
1467 3984 1661 4034 caetum
1682 3985 1843 4034 sectae
1859 3996 1993 4033 suae.

525 4062 628 4123 (18)
660 4061 748 4112 ιω.
771 4063 948 4125 Rigalt.
973 4062 1111 4113 Paris
1146 4068 1282 4115 1664.
1309 4076 1417 4126 pag.
1443 4067 1551 4113 557.
1574 4064 1689 4112 nota
1712 4062 1788 4125 (d)
1806 4062 1988 4113 Eadem
2010 4063 2160 4113 ferme
2180 4063 2350 4114 scribit
2371 4063 2421 4114 in
2439 4063 2524 4113 lib.
2545 4066 2606 4113 ΙΙ.

375 4141 455 4191 Ad
473 4154 697 4192 mrem
714 4155 760 4191 c.
779 4148 824 4192 8.
841 4146 945 4193 not.
965 4141 1035 4207 (lc)
1054 4156 1163 4207 pag.
1182 4148 1260 4194 71.
1282 4143 1365 4193 nbi
1382 4141 1522 4192 addit
1538 4144 1746 4205 :satque
1769 4142 1887 4194 haec
1909 4144 2049 4193 vetus
2070 4143 2303 4194 ecclesiae
2314 4144 2472 4194 forma
2488 4144 2613 4193 etan·

380 4221 574 4271 destina
605 4222 835 4285 coniugia
867 4222 1141 4285 nesciebat,
1161 4235 1287 4286 qnae
1314 4235 1438 4285 vaga
1457 4224 1506 4272 et
1525 4222 1752 4272 effraenis
1772 4223 1911 4272 satra
1935 4223 2156 4286 proprias
2178 4222 2406 4274 ecclesias
2426 4222 2610 4273 discur-

381 4303 594 4353 rendist
612 4302 889 4354 divertendi
927 4303 1119 4354 licentia
1151 4305 1297 4367 paulo
1318 4306 1429 4367 post
1460 4303 1697 4356 invexit.»
1711 4303 1787 4354 cf.
1810 4304 1957 4354 etiam
1981 4304 2247 4356 pamelium
2279 4304 2329 4355 in
2367 4303 2532 4354 adnot.
2548 4303 2612 4351 ad

376 4383 469 4434 bos
488 4384 669 4434 textus.
