3276 5083
610 437 698 505 70
1007 454 1129 506 m.
1174 458 1220 506 ι.
1264 455 1436 507 secr.
1482 459 1526 507 1.
1570 459 1650 507 nn
1685 457 1946 508 numu.
1988 454 2417 508 sacmuamo.

609 573 789 648 illico
838 574 940 648 vel
992 575 1141 676 ipse
1190 573 1416 648 Canus
1467 574 1691 648 intulit
1737 599 1970 674 posse,
2012 575 2148 647 imo
2178 589 2244 647 et
2272 573 2519 648 debere
2561 571 2821 673 seiungi

607 691 678 762 in
726 689 1058 764 connubio
1111 690 1410 765 fidelium
1461 695 1782 768 rationem
1822 709 2197 768 contractus
2237 691 2459 765 civilis
2495 719 2537 765 a
2571 693 2828 766 ratione

608 806 1026 881 sacramenti.
1061 806 1274 907 quue
1299 810 1753 884 necessarium
1779 809 1962 884 Cano
1986 808 2113 882 suit
2136 807 2221 882 ad
2250 834 2449 881 suum
2484 807 2828 882 theorema

606 920 1087 995 adstruendum
1106 978 1121 1007 ,
1150 921 1527 997 vadmittere
1577 924 1877 1024 alioquin
1928 923 2273 997 debuisset
2320 923 2659 995 connubia
2708 922 2826 1016 illa

607 1036 833 1110 omnia
881 1052 1297 1110 sacramenta
1345 1063 1530 1126 esse,
1576 1039 1650 1111 in
1700 1038 1949 1138 quibus
1998 1039 2171 1112 actio
2223 1037 2587 1112 sacerdotis
2638 1036 2824 1110 haud

608 1151 1108 1236 intervenisset,
1165 1178 1286 1226 seu
1337 1152 1571 1226 haberi
1609 1170 2100 1228 sacramentum
2138 1153 2287 1226 sine
2323 1153 2629 1226 ministro
2668 1178 2824 1251 pro·

608 1266 858 1341 ferente
906 1268 1187 1343 formam
1204 1326 1221 1355 ,
1266 1268 1448 1368 quod
1483 1283 1666 1342 esset
1697 1267 2062 1342 absurdum
2100 1294 2178 1341 ac
2214 1267 2558 1343 doctrinae
2594 1267 2828 1341 catho-

609 1379 778 1456 licae
826 1384 1225 1457 contrarium
1268 1387 1447 1480 (63).

750 1499 1067 1571 Secundo.
1100 1498 1289 1572 Unde
1327 1500 1439 1572 alii
1475 1500 1817 1574 deducunt
1840 1501 1933 1573 ita
1958 1501 2029 1572 in
2054 1499 2409 1574 connubiis
2435 1498 2826 1571 christianis

610 1613 870 1710 seiungi
936 1628 1343 1687 contractum
1391 1641 1433 1688 a
1481 1629 1895 1688 sacramento
1919 1670 1936 1700 ,
1993 1630 2070 1687 ut
2117 1614 2234 1688 illa
2281 1614 2641 1687 constituat
2687 1637 2830 1684 ma-

609 1728 842 1801 teriam
891 1755 1093 1829 quam
1140 1744 1383 1803 vocant
1427 1745 1737 1803 remotam
1785 1730 2182 1804 sacramenti
2216 1787 2233 1817 ,
2297 1729 2407 1802 cui
2469 1727 2827 1800 accedente

610 1841 823 1915 forma
891 1870 1010 1944 per
1066 1843 1269 1916 verba
1319 1845 1685 1919 sacerdotis
1750 1861 2236 1918 sacramentum
2301 1839 2670 1941 exsurgat,
2740 1841 2829 1914 ad

608 1984 761 2030 eum
801 1958 1103 2046 modum,
1149 1985 1283 2058 quo
1314 1977 1516 2059 aqua,
1561 1985 1739 2059 quae
1763 1975 1868 2034 est
1892 1961 2171 2033 materia
2195 1974 2439 2032 remota
2479 1957 2822 2058 baptismi,

610 2089 676 2146 et
730 2074 927 2173 panis
976 2098 1057 2146 ac
1101 2075 1332 2148 vinum
1359 2132 1375 2162 ,
1431 2100 1605 2175 quae
1673 2092 1832 2149 sunt
1887 2091 2139 2149 remota
2185 2075 2463 2148 materia
2523 2071 2831 2147 euchari·-

606 2188 780 2264 stiae
828 2189 1093 2263 nonnisi
1153 2215 1271 2290 per
1317 2189 1672 2263 verborum
1723 2189 2157 2290 prolationem
2207 2189 2355 2263 eius
2405 2188 2524 2288 qui
2575 2187 2820 2273 abluit,

606 2320 727 2377 aut
792 2304 1154 2379 sacerdotis
1213 2305 1665 2380 consecrantis
1734 2320 2150 2380 sacramenta
2223 2303 2516 2377 evadunt
2560 2361 2576 2391 ,
2648 2301 2835 2375 iuxta

608 2419 835 2493 tritum
887 2419 1055 2494 illud
1104 2421 1460 2517 Augustini
1535 2421 1808 2494 effatum
1852 2449 1867 2491 ε
1933 2418 2191 2493 Accedit
2252 2420 2518 2492 verbum
2566 2417 2655 2489 ad
2704 2418 2832 2490 ele-

608 2551 892 2609 mentum
912 2592 931 2621 ,
987 2551 1049 2608 et
1096 2537 1171 2635 fit
1216 2552 1694 2609 sacramentum
1726 2538 1870 2632 (64)
1889 2594 1903 2607 .

764 2651 997 2722 Tertio.
1060 2649 1190 2723 Sed
1241 2650 1357 2722 alii
1409 2652 1554 2752 pari
1604 2653 1749 2725 iure
1800 2651 2202 2725 intulerunt:
2261 2678 2419 2750 ergo
2467 2677 2623 2724 oum
2674 2674 2835 2723 con-

613 2777 861 2836 tractus
911 2763 1056 2837 sive
1104 2765 1425 2838 naturalis
1470 2765 1612 2839 sive
1643 2765 1862 2839 civilis
1902 2780 2137 2842 natura
2178 2792 2302 2840 sua
2336 2765 2684 2840 subiaceat
2715 2790 2837 2865 po-

613 2879 832 2951 testati
884 2877 1260 2978 principum
1285 2937 1300 2965 ,
1352 2880 1420 2951 in
1465 2879 1705 2953 horum
1753 2880 1878 2953 erit
1927 2880 2201 2954 arbitrio
2247 2906 2364 2954 eas
2415 2879 2832 2953 conditiones

613 2990 945 3064 moderari
996 3009 1199 3092 atque
1244 2993 1633 3079 decernere,
1692 3017 1865 3093 quae
1913 3009 2311 3068 concurrant
2351 3018 2631 3067 necesse
2679 3008 2786 3067 est
2809 3050 2826 3080 ,

613 3122 688 3179 ut
711 3106 1046 3205 legitimus
1073 3108 1429 3196 habeatur,
1464 3124 1660 3209 prout
1682 3110 1751 3181 in
1777 3109 2014 3183 ceteris
2038 3108 2489 3183 contractibus
2516 3107 2833 3182 omnibus

614 3222 926 3295 usuvenit
974 3221 1059 3295 ad
1111 3222 1446 3298 societatis
1496 3222 1748 3297 bonum
1770 3280 1786 3310 ,
1841 3222 2441 3323 quemadmodum,
2497 3222 2591 3295 uti
2641 3220 2834 3294 vide-

757 3499 857 3562 (63)
890 3498 1388 3551 Animadvertendum
1421 3502 1583 3551 tamen
1609 3503 1710 3563 est,
1734 3512 1791 3551 ex
1821 3499 1945 3552 cani
1967 3501 2191 3552 doctrina
2210 3496 2450 3551 eiusmodi
2472 3498 2840 3550 distinctionem*

618 3578 781 3629 locum
799 3579 977 3630 babere
998 3580 1049 3629 in
1067 3580 1168 3630 illis
1188 3581 1455 3645 coniugiis,
1478 3593 1605 3643 quae
1625 3581 1703 3630 vel
1726 3581 1970 3631 celberata
1989 3582 2172 3631 fuerint
2204 3582 2318 3631 aute
2350 3580 2547 3631 concilii
2577 3577 2834 3630 tridentini

614 3671 733 3710 sess.
752 3662 922 3710 mV.
944 3659 1125 3711 decret.
1146 3663 1224 3710 De
1244 3661 1460 3722 reform.
1484 3662 1717 3711 matrim.
1738 3674 1847 3725 cap.
1868 3662 1908 3711 Ι.
1931 3660 2338 3723 publicationem,
2361 3660 2440 3711 vel
2465 3660 2515 3710 in
2535 3660 2657 3711 locis
2679 3658 2836 3710 omni-

610 3737 701 3787 bus
720 3738 1093 3804 celebrarentur,
1117 3740 1169 3791 in
1189 3739 1369 3803 quibus
1389 3740 1518 3791 idem
1536 3739 1786 3791 decretum
1805 3741 2105 3804 publicatum
2121 3754 2219 3791 non
2236 3743 2337 3803 est,
2361 3737 2439 3791 vel
2460 3740 2543 3790 ubi
2564 3739 2838 3804 promulga-

612 3818 718 3866 tum
743 3814 838 3867 init
873 3818 936 3868 iis
970 3818 1090 3869 solis
1116 3818 1168 3868 in
1202 3818 1425 3881 casibus,
1446 3819 1496 3869 in
1515 3817 1696 3882 quibus
1720 3819 1896 3882 quavis
1914 3818 1976 3869 de
1994 3831 2141 3869 causa
2160 3818 2421 3882 contigerit
2452 3817 2840 3869 benedictionem

612 3896 963 3948 sacerdotalem
1000 3912 1097 3949 non
1134 3898 1318 3950 baberi.
1340 3901 1481 3961 Nam,
1503 3902 1561 3948 ut
1580 3912 1672 3949 suo
1693 3899 1802 3949 loco
1820 3898 2134 3950 ostendemus
2148 3934 2165 3962 ,
2199 3899 2326 3950 banc
2355 3899 2459 3963 ipse
2475 3898 2843 3948 distinctionem

614 3988 712 4025 non
734 3975 959 4039 admisit,
981 3979 1153 4029 saltem
1173 3991 1422 4043 expresse,
1442 3978 1527 4029 ubi
1546 3978 1816 4029 sacerdotis
1835 3977 2111 4029 benedictio
2131 3978 2426 4028 nubentibus
2461 3977 2642 4028 collata
2675 3976 2839 4027 merit.

758 4055 858 4117 (64)
890 4058 997 4106 Hoc
1017 4060 1092 4108 est
1111 4058 1244 4121 quod
1263 4058 1589 4120 contendunt3
1612 4060 1665 4109 et
1683 4058 1751 4108 ita
1762 4059 2012 4122 exponunt
2028 4060 2238 4107 mentem
2251 4056 2373 4107 cani
2387 4056 2474 4120 qni
2493 4070 2551 4107 ea
2570 4054 2844 4106 abnttmtnr

614 4134 680 4186 ad
718 4135 1053 4186 temerandum
1088 4151 1251 4189 veram
1292 4138 1524 4191 ecciesiae
1557 4138 1827 4191 catholicae
1854 4136 1918 4188 de
1952 4137 2046 4187 boc
2078 4138 2383 4195 sacramento
2430 4134 2721 4187 docti-inam.
2765 4139 2843 4186 An

610 4214 716 4264 iure
743 4213 821 4264 vel
852 4227 950 4264 non
984 4213 1036 4264 id
1070 4215 1149 4265 isti
1184 4216 1503 4279 contendant,
1540 4217 1724 4281 pariter
1754 4215 1929 4265 idoneo
1959 4215 2071 4265 loco
2103 4215 2448 4278 expendemus.
2479 4217 2683 4266 centum
2712 4213 2847 4263 enim

612 4295 688 4344 est
722 4292 979 4358 plerosque
1012 4292 1241 4357 antiquos
1262 4296 1537 4360 theologos,
1563 4296 1650 4358 qui
1672 4294 1793 4345 cani
1819 4293 2069 4346 doctrinae
2101 4295 2484 4359 adstipulantur,
2521 4292 2572 4344 id
2607 4292 2841 4353 inficiari,

616 4374 671 4423 ut
699 4376 865 4438 postea
899 4372 1189 4426 videbimus.
