3276 5083
615 416 750 486 214
1018 439 1139 489 un.
1184 441 1229 488 1.
1273 439 1447 489 ster.
1488 438 1749 488 Αιτειυι.
1782 440 1861 487 ns
1896 438 2159 488 nram.
2201 438 2418 488 civim.

610 557 899 631 contenti
941 556 1070 630 sub
1108 557 1278 655 legis
1318 556 1592 630 obtentu
1619 614 1634 643 ‚
1677 582 1854 655 quae
1889 558 2075 657 ipsos
2110 556 2197 629 ad
2232 556 2690 630 renovandum
2724 584 2837 632 co-

614 699 754 745 ram
804 670 1089 745 ecclesia
1137 694 1540 743 consensum
1591 697 1725 744 non
1776 670 2184 767 adstringit,
2243 670 2310 742 id
2364 670 2580 744 facere
2630 672 2841 768 negli-

612 802 817 883 gunt,
874 800 1099 885 utpote
1150 784 1402 883 publici
1453 784 1936 859 concubinatus
1988 810 2171 870 reos,
2227 785 2543 858 omnibus
2594 786 2682 859 ab
2732 813 2841 860 ec·

611 901 819 975 clesia
866 902 934 972 in
985 925 1102 973 eos
1151 901 1530 974 constitutis
1582 899 1931 973 subiacere
1979 899 2239 1001 poenis.

757 1019 989 1115 Neque
1024 1014 1125 1088 sic
1157 1014 1630 1088 contrahentes
1671 1015 1758 1088 ab
1795 1015 1904 1088 his
1942 1016 2178 1114 poenis
2215 1016 2639 1089 incurrendis
2674 1017 2842 1089 libe·

613 1149 715 1206 rat
738 1132 842 1205 lex
868 1131 1115 1217 civilis,
1149 1155 1325 1228 quae
1349 1130 1619 1203 omnino
1649 1146 1901 1230 pugnat
1938 1156 2090 1203 cum
2129 1130 2456 1204 ecclesiae
2505 1131 2833 1204 doctrina.

612 1246 955 1346 Siquidem
1009 1243 1114 1318 lex
1167 1245 1298 1317 ista
1347 1243 1529 1316 haud
1586 1244 1938 1317 immutare
1986 1244 2165 1318 valet
2206 1245 2300 1317 rei
2344 1260 2683 1332 naturam,
2723 1271 2842 1318 ne-

613 1386 745 1459 que
779 1358 1079 1445 efficere,
1122 1373 1198 1429 ut
1230 1356 1436 1444 illud,
1478 1356 1660 1456 quod
1712 1357 1781 1428 in
1835 1384 1910 1431 se
1959 1383 2093 1432 non
2143 1359 2394 1444 existit,
2452 1358 2844 1458 nulliusque

613 1474 879 1575 penitus
946 1489 1051 1546 est
1113 1471 1362 1546 valoris
1397 1529 1412 1559 ‚
1477 1499 1701 1546 coram
1753 1474 1892 1546 Deo
1952 1489 2018 1547 et
2074 1499 2300 1547 coram
2367 1472 2655 1546 ecclesia
2720 1473 2845 1544 ali-

615 1588 885 1687 quando
935 1587 1176 1659 existat
1211 1612 1291 1659 ac
1331 1585 1705 1683 legitimum
1738 1587 1851 1660 sit.
1886 1588 2135 1662 Poterit
2168 1586 2445 1687 politica
2479 1587 2842 1661 auctoritas

614 1702 946 1776 eiusmodi
1016 1702 1332 1801 profanas
1393 1702 1939 1789 coniunctiones,
1998 1704 2057 1777 si
2108 1703 2172 1775 ei
2225 1702 2534 1789 libuerit,
2602 1729 2842 1777 vocare

613 1818 924 1914 coniugia
951 1816 1206 1903 civilia,
1244 1816 1475 1891 civiles
1503 1819 1800 1914 nuptias,
1823 1818 2223 1917 civilemque
2246 1833 2678 1904 contractum,
2706 1843 2839 1889 non

613 1933 856 2035 poterit
890 1948 1109 2004 tamen
1147 1957 1468 2030 umquam
1503 1931 1770 2005 efficere
1804 1947 1878 2005 ut
1898 1958 2057 2006 vera
2092 1932 2230 2005 sint
2261 1930 2617 2018 connubia,
2642 1956 2841 2004 verae

614 2048 752 2121 sint
791 2046 1067 2145 nuptiae
1093 2104 1107 2133 ‚
1165 2046 1442 2146 verique
1489 2062 1903 2134 contractus,
1960 2047 2316 2120 dirimente
2368 2045 2843 2146 impedimento

614 2162 956 2247 obstante,
1012 2161 1374 2259 quominus
1426 2158 1593 2234 tales
1646 2177 2049 2234 censeantur
2084 2187 2163 2234 ac
2199 2163 2358 2233 sint.
2402 2159 2708 2234 Ecclesia
2741 2160 2844 2232 iu-

613 2278 786 2374 giter
835 2276 928 2348 ita
977 2274 1528 2350 contrahentibus
1580 2275 2007 2349 inclamabit:
2050 2275 2174 2360 Ea,
2216 2301 2393 2374 quae
2440 2300 2564 2349 vos
2615 2275 2844 2349 coniu-

573 2420 576 2421 *
614 2392 724 2488 gia
759 2388 983 2463 civilia
1017 2389 1446 2490 nuncupatis,
1479 2416 1638 2463 vera
1675 2406 1833 2463 sunt
1864 2390 2339 2477 contubernia,
2371 2389 2842 2463 fornicationes

614 2505 904 2603 legales,
946 2504 1433 2579 concubinatus
1485 2504 1900 2605 turpissimi,
1947 2505 2245 2603 coniugii
2285 2505 2513 2605 specie
2546 2530 2626 2580 ac
2660 2504 2841 2578 larva
2916 2549 2919 2552 -

615 2622 794 2694 tecti.

760 2734 1089 2830 Congerat
1128 2735 1407 2831 insuper
1440 2733 1711 2833 politica
1744 2734 2105 2807 auctoritas
2156 2734 2399 2832 legalia
2449 2735 2831 2834 privilegia,

614 2848 1002 2946 legalesque
1051 2847 1312 2921 favores
1361 2848 1542 2922 circa
1592 2847 2074 2921 haereditatem
2110 2906 2125 2934 ‚
2184 2850 2648 2923 successiones
2671 2906 2687 2936 ,
2727 2849 2841 2922 do-

618 2963 918 3036 nationes
970 2960 1238 3060 aliaque
1287 2963 1617 3037 eiusmodi
1672 2962 1759 3037 ad
1811 2963 2024 3060 legem
2061 2989 2102 3035 a
2137 2988 2212 3036 se
2249 2964 2677 3037 constitutam
2720 2989 2839 3037 seu

615 3078 944 3151 sancitam
986 3076 1332 3150 tutandam
1366 3078 2017 3180 vindicandamqu03
2057 3104 2286 3152 verum
2325 3079 2453 3152 hoc
2486 3079 2667 3152 omni
2705 3104 2838 3153 non

613 3194 922 3269 obstante
970 3194 1277 3267 exteriori
1323 3211 1689 3294 apparatu,
1747 3221 2114 3295 numquam
2165 3194 2413 3267 efficiet
2460 3195 2636 3269 filios
2682 3220 2839 3268 vere

615 3309 950 3406 legitimos
973 3367 988 3396 ,
1020 3333 1172 3382 cum
1198 3335 1239 3381 a
1265 3334 1400 3383 non
1426 3309 1722 3406 legitime
1758 3309 2138 3384 coniunctis
2173 3309 2583 3410 prodierint,
2615 3326 2842 3383 erunt·-

615 3449 750 3522 que
782 3423 852 3496 in
887 3424 1122 3497 eadem
1173 3449 1452 3522 prorsus
1501 3424 1886 3498 conditione
1911 3481 1926 3511 ,
1979 3425 2047 3496 in
2084 3450 2222 3525 qua
2256 3424 2685 3498 inveniuntur
2720 3423 2839 3496 filii

615 3537 957 3612 naturales
1006 3538 1150 3614 sive
1203 3539 1417 3639 spurii
1469 3565 1548 3614 ac
1597 3538 1787 3613 nothi
1836 3565 1917 3613 ex
1966 3538 2415 3614 concubinatu
2466 3539 2835 3638 progeniti,

618 3678 740 3726 nec
790 3668 1099 3755 poterunt
1143 3678 1300 3725 vere
1350 3653 1630 3750 legitimi
1683 3654 1856 3740 fieri,
1914 3654 2042 3727 nisi
2083 3680 2202 3753 per
2233 3653 2620 3750 coniugium
2682 3651 2840 3726 sub-

618 3793 908 3866 sequens
959 3768 1027 3840 in
1081 3767 1253 3841 facie
1300 3767 1628 3842 ecclesiae
1682 3769 1946 3842 initum.

762 3882 1075 3969 Rursum,
1117 3882 1404 3982 physica
1459 3882 1776 3958 violentia
1828 3882 2070 3985 poterit
2118 3883 2318 3976 civile
2368 3886 2658 3981 regimen
2711 3883 2838 3953 im-

617 3996 873 4096 pedire,
933 3998 1291 4097 quominus
1335 4023 1585 4099 poenae
1634 3998 1722 4072 ab
1770 3997 2055 4071 ecclesia
2104 3998 2412 4073 decretae
2460 4014 2609 4072 actu
2660 3996 2840 4069 inssi-

618 4121 861 4209 gantur
880 4121 918 4198 ·‚.'
955 4127 1061 4185 ast
1110 4139 1474 4213 numquam
1510 4113 1579 4186 id
1617 4129 2051 4213 assequetur,
2092 4129 2168 4187 ut
2197 4139 2316 4188 eas
2348 4114 2528 4188 civili
2582 4127 2838 4187 tantum

618 4226 876 4300 ratione
925 4226 1262 4301 coniuncti
1314 4255 1446 4303 non
1497 4229 1844 4303 incurrant
1876 4254 1917 4302 a
1951 4229 2129 4317 iure,
2171 4255 2251 4303 ac
2286 4255 2415 4304 non
2468 4228 2839 4302 subiician—

619 4358 728 4415 tur
775 4343 1012 4442 poenis
1056 4340 1215 4430 illis,
1271 4369 1447 4442 quae
1497 4370 1678 4418 mere
1726 4344 2114 4444 spirituales
2165 4361 2326 4421 sunt
2373 4370 2454 4417 ac
2501 4345 2826 4418 internae.
