3276 5083
656 423 749 491 78
1093 444 1215 494 ιω.
1258 443 1304 494 1.
1348 442 1520 493 sacr.
1549 442 1595 491 1.
1637 441 1719 492 os
1754 439 2016 494 uranu.
2056 437 2485 499 uenusto.

647 559 1167 660 independentes
1187 618 1204 647 ,
1260 585 1436 660 quae
1484 558 1612 634 suh
1663 558 1933 634 diverso
1972 571 2275 656 respectu
2311 556 2491 632 idem
2529 557 2864 634 obiectum

646 678 999 774 attingunt.

794 791 1060 864 Octavo.
1116 789 1216 862 Ex
1266 788 1395 863 hac
1459 789 1762 866 doctrina
1820 787 2102 864 ulterius
2174 785 2686 888 progrediuntur
2750 789 2868 888 qui

647 906 884 982 dicunt
928 919 1319 1005 potestatem
1358 904 1618 979 civilem
1671 918 1976 1004 spectare
2012 928 2215 1003 posse
2250 900 2671 978 subditorum
2721 917 2881 981 suo-

647 1048 794 1098 mm
846 1019 1230 1117 coniugium
1272 1018 1404 1095 sub
1450 1019 1655 1096 unico
1705 1032 2009 1118 respectu
2057 1030 2437 1092 contractus
2487 1016 2628 1092 sive
2678 1032 2875 1093 natu·-

648 1137 844 1224 ralis,
901 1136 1045 1211 sive
1092 1133 1349 1222 civilis,
1390 1133 1578 1208 nulla
1612 1133 1868 1210 ratione
1918 1131 2147 1211 habita
2195 1130 2282 1208 ad
2334 1146 2862 1218 sacramentum,

647 1251 829 1352 quod
878 1250 1166 1338 accedit,
1209 1250 1405 1326 cuius
1452 1274 1683 1326 curam
1735 1248 2118 1324 universam
2154 1246 2475 1347 permittit
2504 1245 2867 1332 ecelesiam

649 1392 732 1441 ac
779 1365 1059 1466 proinde
1105 1364 1464 1440 decernere
1511 1388 1714 1464 posse
1772 1362 2187 1440 conditiones
2212 1420 2228 1447 ,
2284 1387 2462 1461 quae
2508 1361 2594 1438 ad
2649 1360 2874 1460 ipsum

651 1480 1132 1556 moderandum
1182 1492 1588 1579 opportunas
1638 1477 1924 1564 iudicet,
1972 1492 2515 1576 contractumque
2566 1476 2878 1574 coniuga-

653 1596 785 1670 lem
826 1596 1064 1674 initum
1099 1622 1141 1668 a
1174 1594 1526 1682 fidelibus,
1569 1594 1712 1669 sive
1742 1593 2101 1670 asubditis
2145 1593 2216 1670 in
2251 1593 2395 1667 foro
2435 1618 2563 1670 suo
2605 1591 2872 1668 firmum

655 1726 1005 1810 ratumque
1054 1709 1334 1797 habeat,
1383 1708 1567 1783 nullo
1602 1709 1804 1782 etiam
1845 1707 2318 1781 interveniente
2345 1707 2671 1804 religioso
2712 1707 2865 1781 ritu.

652 1824 848 1911 Quod
900 1825 960 1901 si
1011 1823 1244 1901 fideles
1288 1838 1628 1925 praeterea
1667 1839 1742 1898 ut
1779 1823 2086 1924 propriae
2125 1822 2576 1900 conscientiae
2624 1847 2873 1895 consu-

651 1938 792 2018 lant
822 1940 970 2018 sive
1002 1955 1191 2025 ante,
1238 1939 1381 2014 sive
1414 1954 1565 2039 post
1595 1961 1998 2015 consensum
2025 1963 2249 2014 coram
2273 1936 2454 2014 civili
2480 1935 2873 2033 magistratu

649 2081 1074 2156 expressum,
1117 2069 1338 2155 petere
1367 2070 1438 2130 et
1472 2052 1778 2154 excipere
1814 2052 2344 2130 benedictionem
2387 2050 2870 2128 sacerdotalem

650 2169 891 2258 velint,
932 2170 1002 2244 id
1037 2170 1108 2243 in
1145 2196 1376 2246 eorum
1426 2168 1702 2246 arbitrio
1750 2168 1972 2244 civilis
2023 2182 2316 2267 potestas
2361 2167 2633 2240 omnino
2672 2163 2874 2242 relin-

648 2301 837 2385 quat.
870 2284 1083 2362 Verbo
1113 2283 1372 2371 dicam
1415 2283 1656 2384 poterit
1689 2283 2004 2383 princeps
2036 2280 2335 2358 validum
2371 2280 2878 2379 legitimumque

649 2401 1008 2477 decernere
1055 2404 1556 2480 matrimonium
1592 2425 1777 2480 mere
1814 2403 2046 2486 civile,
2096 2400 2278 2500 quod
2328 2415 2600 2486 vocant,
2660 2399 2752 2476 ita
2803 2415 2877 2476 ut

652 2515 848 2617 pleno
884 2518 1029 2591 iure
1062 2518 1529 2594 contrahentes
1571 2516 1958 2593 cohabitare
1998 2514 2198 2594 simul
2233 2514 2531 2601 valeant,
2563 2529 2633 2593 et
2658 2513 2877 2616 proles

649 2631 738 2707 ab
787 2632 874 2704 iis
914 2633 1266 2731 progenita
1312 2649 1654 2732 tamquam
1704 2631 2000 2731 legitima
2066 2656 2292 2710 coram
2346 2629 2494 2728 lege
2543 2630 2881 2709 declarata

653 2772 807 2821 esse
855 2764 1233 2823 censeatur.

793 2860 1005 2935 Nono.
1055 2862 1220 2936 Inde
1268 2864 1571 2963 sequitur
1612 2863 1813 2938 etiam
1837 2919 1854 2948 ‚
1910 2862 2093 2961 quod
2146 2862 2204 2934 si
2258 2860 2493 2937 fideles
2543 2876 2880 2937 contractu

652 2974 834 3051 civili
886 2978 1213 3064 contenti,
1272 2978 1635 3076 negligant,
1693 2993 1809 3054 aut
1857 2978 2057 3053 etiam
2120 2976 2330 3053 nolint
2391 2992 2881 3052 sacramentum

653 3090 1023 3192 suscipere,
1078 3093 1257 3193 quod
1310 3093 1546 3168 abillo
1581 3093 1875 3194 dispesci
1927 3108 2176 3194 potest,
2219 3092 2289 3169 id
2329 3118 2560 3167 eorum
2610 3091 2884 3167 arbitrio

656 3206 1100 3308 relinquatur3
1144 3210 1534 3309 praesertim
1571 3233 1724 3282 cum
1767 3203 1951 3283 nulla
2000 3208 2233 3282 divina
2266 3207 2444 3303 lege,
2487 3206 2615 3280 hac
2650 3206 2720 3277 in
2755 3205 2884 3304 hy-

653 3322 941 3422 pothesi,
964 3323 1053 3397 ad
1078 3323 1246 3398 illud
1274 3324 1778 3425 suscipiendum
1804 3323 2194 3421 adigantur;
2219 3322 2306 3397 ad
2334 3346 2669 3397 summum
2696 3319 2879 3392 enim

653 3467 730 3515 se
769 3438 1046 3541 speciali
1087 3438 1205 3513 illa
1247 3439 1710 3516 sacramentali
1755 3439 1970 3537 gratia
2018 3437 2409 3539 privabunt,
2461 3436 2628 3511 citra
2663 3434 2880 3509 ullum

652 3555 1106 3631 conscientiae
1155 3555 1522 3654 piaculum.

798 3671 1084 3744 Decimo.
1118 3664 1292 3745 Hinc
1331 3669 1761 3755 concludunt,
1804 3670 1921 3769 qui
1958 3670 2088 3743 hac
2123 3668 2452 3744 sententia
2475 3667 2869 3741 abutuntur:

654 3810 808 3857 cum
849 3799 1227 3862 contractus
1257 3783 1386 3858 iste
1411 3784 1554 3859 sive
1581 3784 1939 3872 naturalis,
1986 3786 2130 3861 sive
2166 3783 2384 3859 civilis
2427 3780 2880 3861 omnimodam

657 3898 1034 3973 firmitatem
1079 3926 1210 3974 non
1256 3899 1539 3987 habeat,
1591 3899 1736 3974 fieri
1778 3898 2144 4000 aliquando
2179 3923 2403 3999 posse,
2443 3914 2519 3970 ut
2551 3893 2881 3971 eiusmodi

654 4014 1033 4091 coniunctio
1060 4016 1385 4093 maritalis
1412 4016 1872 4116 abrumpatur,
1887 4014 2174 4091 maxime
2195 4013 2255 4087 si
2274 4013 2431 4087 finis
2449 4012 2874 4113 praecipuus,

657 4131 773 4230 qui
801 4130 1203 4219 intenditur,
1239 4133 1522 4207 obtineri
1568 4147 1892 4231 nequeat,
1939 4130 2060 4228 qui
2102 4144 2207 4202 est
2242 4126 2453 4228 prolis
2506 4123 2875 4223 suseepti&

654 4261 773 4321 aut
820 4243 1019 4318 etiam
1053 4245 1114 4319 si
1156 4246 1529 4320 animorum
1567 4243 1923 4320 concordia
1946 4300 1961 4328 ,
2005 4258 2118 4319 aut
2154 4239 2505 4337 coniugale
2540 4238 2875 4322 debitum,

655 4362 926 4462 aliaque
970 4361 1302 4437 eiusmodi
1355 4362 1587 4437 haberi
1645 4388 1776 4435 non
1829 4358 2111 4457 possint.
2162 4358 2491 4444 Quocirca
2542 4354 2886 4451 legislator
