3276 5083
596 433 732 481 cn.
771 433 857 479 w.
895 431 972 478 nn
1010 430 1247 480 Ancum.
1287 431 1401 479 rao
1428 430 1585 480 uos
1616 431 1694 479 nn
1720 431 1909 481 nra.
1946 430 2072 481 civ.
2096 433 2237 482 Amr.
2272 432 2364 483 111.
2482 412 2616 483 41⁹

402 578 443 622 a
487 576 654 623 rom.
698 548 1014 648 pontifice
1060 546 1257 620 facile
1300 547 1583 621 obtineri
1629 549 1887 647 possit;
1941 564 2098 622 sunt
2141 567 2359 623 tamen
2404 551 2618 659 aliae,

400 691 574 765 quae
594 664 950 764 praecipue
973 679 1327 737 versantur
1352 664 1530 736 circa
1555 662 1807 737 cultum
1828 688 1907 736 ac
1931 663 2148 737 bonos
2174 690 2421 753 mores»,
2445 694 2622 766 quae

400 779 676 853 omnino
723 777 1026 875 obligant
1076 778 1462 878 provincias
1515 804 1595 852 ac
1645 805 1854 876 regna
1905 778 2149 866 etiam,
2190 804 2313 853 nec
2348 778 2488 855 ab
2468 799 2626 857 isto-

401 920 548 967 rum
601 893 1058 1022 acceptatione
1106 893 1246 966 ulla
1296 893 1555 968 ratione
1596 884 1919 993 pendent,
1963 894 2170 969 multo
2202 921 2361 970 vero
2395 896 2622 972 minus

400 1025 682 1108 possunt
718 1008 855 1082 ab
838 1008 925 1081 iis
960 1007 1282 1081 revocari}
1341 1006 1683 1108 Numquid
1723 1034 1930 1106 regna
1962 1024 2031 1082 et
2065 1008 2454 1108 provinciae
2488 1038 2623 1086 non

399 1139 706 1198 tenentur
749 1124 1103 1198 ecclesiam
1155 1122 1389 1196 audire
1438 1124 1637 1223 eique
1687 1125 2130 1225 praecipienti
2182 1124 2504 1228 obsequi,
2549 1126 2622 1199 in

397 1240 485 1314 iis
530 1240 924 1340 praesertim
952 1299 966 1328 ,
1018 1267 1192 1340 quae
1243 1239 1328 1312 ad
1385 1239 1634 1313 cultum
1690 1258 1754 1313 et
1805 1240 1891 1313 ad
1945 1239 2159 1316 bonos
2209 1267 2431 1315 mores
2472 1268 2624 1342 per-

401 1357 673 1431 tinent?
725 1357 920 1431 Tales
981 1373 1201 1431 autem
1265 1374 1423 1431 sunt
1481 1358 1665 1455 leges
1726 1357 2207 1457 disciplinares
2241 1417 2256 1447 ,
2314 1385 2487 1458 quae
2537 1358 2624 1433 ad

399 1491 966 1547 sacramentorum
1007 1472 1654 1547 administrationem
1690 1488 2021 1573 spectant.
2065 1473 2486 1547 Contrarium
2523 1474 2625 1547 af-

401 1591 667 1663 firmare
719 1590 1050 1664 haeresim
1096 1590 1306 1689 sapit3
1349 1589 1644 1689 talisque
1685 1615 1951 1690 semper
1988 1590 2244 1678 extitit,
2286 1588 2623 1690 quidquid

395 1704 826 1779 adversarius
876 1720 1222 1790 autumet,
1281 1702 1465 1777 orbis
1517 1702 1832 1776 catholici
1882 1704 2189 1776 doctrina
2236 1720 2301 1775 et
2351 1704 2615 1803 praxis,

398 1845 684 1919 eumque
734 1843 1175 1949 provocamus
1211 1875 1226 1904 ‚
1287 1833 1362 1889 ut
1411 1817 1818 1890 contrarium
1873 1817 2136 1890 evincat
2184 1818 2409 1913 (106).

543 1936 685 2007 Non
739 1934 936 2031 pauci
989 1934 1195 2029 igitur
1247 1950 1403 2006 sunt
1459 1958 1718 2005 errores
1780 1933 1974 2030 queis
2040 1932 2345 2032 undique
2411 1949 2626 2009 scatet

400 2048 728 2120 senatoris
782 2046 1125 2144 subalpini
1182 2046 1415 2119 oratio

543 2288 672 2349 (106)
706 2287 947 2351 Principia
964 2324 979 2349 ‚
1004 2288 1200 2351 quaein
1222 2287 1368 2337 huius
1385 2288 1593 2337 oratoris
1618 2286 1969 2352 disceptatione
1995 2288 2261 2351 habentur,
2281 2302 2338 2340 ea
2357 2288 2463 2354 ipsa
2480 2293 2622 2353 sunt,

394 2380 522 2432 quoe
538 2367 926 2430 araldensibus,
960 2370 1032 2417 lo.
1058 2370 1189 2417 unas
1206 2404 1222 2429 ‚
1262 2367 1479 2418 marsilio
1514 2368 1779 2431 Patavina,
1816 2367 2062 2430 lauduno,
2104 2370 2348 2432 Lathon-o,
2388 2370 2623 2434 calvino,

393 2448 566 2498 Grotio
585 2448 769 2498 iamdiu
792 2448 972 2498 tradita
988 2449 1128 2510 sunt,
1152 2461 1277 2511 quos
1298 2449 1487 2511 praeter
1502 2447 2620 2514 Purrendorfium,Moshe1nium,Boehmemm,

392 2527 678 2579 Buddaeurn
719 2527 870 2578 secuti
894 2529 1011 2577 sunt
1031 2530 1276 2590 Loysaeus
1299 2527 1350 2577 in
1373 2541 1463 2578 suo
1488 2529 1699 2578 tractatu
1726 2530 1826 2578 Des
1848 2531 2166 2593 seiqneuries
2182 2568 2195 2591 ,
2218 2544 2266 2595 p.
2290 2532 2360 2582 La
2379 2529 2538 2582 Borde
2571 2532 2624 2583 in

391 2621 559 2672 opusc.
575 2610 842 2671 Principes
860 2620 957 2657 sur
977 2606 1239 2670 l'essence,
1264 2607 1321 2657 la
1338 2606 1644 2658 distinction
1664 2609 1717 2658 et
1737 2608 1812 2659 les
1831 2608 2023 2660 limites
2044 2608 2134 2660 des
2153 2609 2299 2660 deux
2312 2614 2620 2675 pausatam

390 2687 687 2753 spir-tenelle
720 2690 775 2737 ct
814 2687 1137 2751 temporale,
1162 2687 1298 2751 quod
1327 2688 1614 2752 proscripsit
1654 2688 1945 2740 Benedictus
1980 2692 2110 2740 xlv.
2133 2689 2186 2740 in
2217 2692 2417 2742 constit.
2433 2690 2514 2742 Aa
2538 2705 2621 2744 as·

390 2767 572 2819 statuas
613 2771 733 2817 tom.
760 2769 975 2817 1V‚eius
1008 2767 1193 2817 Bullar.
1220 2781 1328 2831 pag.
1358 2775 1463 2819 153.
1486 2768 1563 2819 ed.
1590 2772 1735 2819 Rom.
1772 2783 1857 2820 seu
1897 2772 2112 2821 Venetae
2152 2774 2289 2821 1758.
2336 2772 2402 2822 Hi
2450 2785 2621 2824 omnes

389 2847 621 2897 ecciesiae
640 2845 1027 2897 iurisdictionem
1051 2848 1101 2896 et
1116 2846 1438 2910 legislativum
1462 2849 1750 2911 potestatem
1771 2847 2091 2912 denegarunt,
2107 2862 2165 2899 ac
2184 2852 2472 2914 potestatem
2492 2850 2621 2901 iudi·

396 2925 634 2988 citrianu
676 2939 824 2988 quem
876 2939 1088 2977 errorem
1130 2926 1181 2976 in
1222 2926 1441 2977 Mursitio
1478 2926 1719 2978 Patavino
1759 2940 1819 2977 ac
1858 2927 2081 2979 lauduno
2118 2928 2439 2981 damnaverat
2478 2933 2618 2982 loan-

395 3016 481 3054 nes
498 3007 651 3055 xxll.
675 3007 843 3054 const.
867 3007 1007 3055 Licet
1027 3009 1185 3056 iuxta
1207 3005 1523 3057 doctrinam.
1547 3006 1686 3072 Apud
1709 3007 2014 3070 Raynaldum
2039 3011 2158 3059 tom.
2189 3012 2246 3059 V.
2272 3023 2380 3074 pag.
2410 3014 2517 3061 547.
2538 3010 2617 3063 ed.

393 3086 601 3134 Lucens.

537 3162 785 3214 Adversus
818 3173 968 3226 quam
1009 3164 1332 3227 perniciosam
1368 3164 1644 3217 doctrinam
1674 3165 1754 3218 cf.
1777 3166 1907 3217 inter
1929 3169 2120 3218 ceteros
2141 3167 2378 3218 eximium
2399 3181 2525 3232 opus
2545 3172 2617 3220 lo.

392 3246 504 3294 Ant.
528 3243 730 3295 Bianchi
752 3243 908 3293 Della
932 3245 1138 3308 potesta
1157 3258 1185 3295 c
1207 3244 1352 3295 della
1366 3247 1566 3310 poltzta
1592 3245 1738 3296 della
1755 3246 1931 3298 chiesa
1950 3247 2037 3297 lib.
2063 3249 2100 3297 1.
2126 3262 2171 3298 c.
2193 3250 2257 3298 V.
2276 3248 2361 3312 qui
2386 3249 2622 3300 acerrime

388 3324 657 3387 exagitavit
682 3325 881 3374 Petrum
916 3324 1158 3373 Giannoni
1192 3324 1546 3375 ecclesiasticae
1580 3329 1836 3390 potestatis
1871 3327 2061 3378 hostem
2091 3321 2503 3393 infensissimum,
2533 3342 2624 3381 nec

387 3417 484 3454 non
508 3408 575 3456 Le
595 3404 815 3456 Gendrez
843 3404 1113 3455 Iudicium
1135 3405 1424 3470 episcopale
1450 3406 1709 3458 adversus
1732 3411 1809 3459 Ιο.
1836 3407 2141 3470 Gothosredt
2163 3413 2418 3461 acerrime
2446 3409 2618 3461 vindi·

394 3487 617 3546 catum5
646 3484 975 3535 Mamscbium
1006 3487 1155 3549 epist.
1184 3487 1265 3536 [1.
1290 3484 1362 3535 ad
1394 3485 1717 3537 Febr-onium
1741 3486 1787 3552 §.
1809 3490 1924 3539 xlx
1939 3501 2041 3552 seq.
2071 3502 2181 3552 pag.
2209 3496 2319 3541 300.
2341 3490 2620 3543 acutiam

397 3565 447 3613 in
466 3578 633 3628 opusc.
652 3568 719 3614 Le
739 3568 902 3615 sloree
922 3564 1033 3615 tdee
1052 3563 1390 3615 raddrizzate
1408 3579 1516 3630 cap.
1532 3573 1575 3616 5.
1590 3570 1641 3616 et
1657 3566 1792 3631 quod
1813 3569 1962 3630 caput
1982 3569 2073 3630 est,
2085 3568 2163 3619 vel
2182 3568 2344 3633 ipsum
2359 3571 2619 3634 Fleuryum

396 3645 533 3693 msc.
565 3645 688 3695 vll.
711 3658 808 3696 sur
842 3644 1012 3696 l'lttsl.
1034 3645 1317 3697 ecclesiast.
1340 3650 1416 3697 Dc
1443 3646 1781 3709 lohet-mitet.
1804 3647 2103 3699 essentiale
2134 3648 2169 3699 ἁ
2203 3648 2413 3713 Ρόςὶίκ.
2436 3649 2616 3701 Devoti

399 3726 577 3775 Imm.
605 3727 801 3776 Canon.
828 3728 948 3778 tom.
976 3728 1062 3777 lu.
1090 3727 1175 3777 lib.
1200 3728 1287 3778 111.
1311 3727 1388 3779 tit.
1411 3729 1449 3778 Ι.
1468 3727 1514 3792 §-
1539 3730 1621 3778 lv.
