3276 5083
675 384 808 455 440
1050 403 1188 456 un.
1230 405 1276 456 ι.
1317 404 1491 456 srcr.
1531 402 1792 456 artu.
1835 407 1916 457 nr.
1950 402 2215 459 uirum.
2248 404 2463 459 cmm.

670 524 740 596 in
774 523 1024 623 quibus
1057 522 1395 597 decretum
1446 523 1877 599 tridentinum
1932 524 2341 624 publicatum
2396 519 2525 599 non
2569 518 2716 615 est,
2759 551 2899 601 va-

666 639 806 712 lida
840 655 998 713 sunt
1029 639 1455 713 matrimonia
1486 639 1904 713 clandestina
1927 696 1944 726 ‚
1982 641 2147 740 quia
2179 665 2338 714 vera
2362 664 2442 714 ac
2467 657 2622 713 rata·
2636 641 2895 715 eadem

644 756 1032 830 ‘declaravit
1055 754 1378 843 ecclesia;
1411 770 1481 828 at
1520 754 1928 855 ubicumque
1977 750 2525 829 illud'decretum
2566 754 2895 855 publica-

665 889 805 946 tum
858 887 963 946 est
993 927 1009 958 ,
1059 871 1409 969 coniugia,
1467 870 1876 971 quae'iuxta
1926 868 2204 944 sormam
2254 898 2296 944 a
2342 869 2629 945 concilio
2671 897 2890 970 prae-

663 987 983 1085 scriptam
1016 985 1351 1060 celebrata
1386 1011 1520 1059 non
1561 986 1807 1059 fuerint
1829 1042 1845 1073 ,
1888 986 2075 1059 irrita
2111 1002 2273 1060 sunt
2302 1002 2504 1085 atque
2540 984 2877 1074 invalida,

646 1101 991 1201 'quidquid
1042 1101 1311 1175 tandem
1350 1099 1455 1175 lex
1504 1099 1723 1175 civilis
1775 1102 2100 1175 statuerit.
2143 1101 2635 1174 Matrimonium
2685 1100 2882 1199 quod

660 1216 874 1290 inscio
924 1241 1199 1315 prorsus
1249 1214 1432 1289 civili
1482 1215 1873 1312 magistratu
1911 1241 2134 1291 coram
2184 1215 2482 1303 duobus,
2513 1214 2880 1290 aut'tribus

659 1331 943 1405 testibus
977 1388 994 1418 ,
1050 1348 1117 1404 et
1162 1356 1385 1404 coram
1435 1330 1752 1429 parocho·
1779 1330 1980 1403 etiam
2028 1329 2237 1403 invito
2285 1329 2657 1404 celebretur
2676 1386 2693 1416 ,
2750 1354 2876 1403 va-

657 1444 870 1518 lidum
910 1450 1023 1517 'est
1071 1469 1152 1517 ac
1199 1461 1465 1517 ratum:
1536 1443 1717 1542 quod
1768 1444 1826 1515 si
1880 1470 2012 1516 non
2079 1442 2295 1516 solum
2357 1442 2872 1539 magistratibus

658 1559 966 1634 civilibus
1008 1558 1469 1646 adstantibus,
1506 1558 1633 1632 sed
1670 1583 1893 1631 coram
1925 1557 2239 1632 universo
2274 1558 2511 1630 senatu
2543 1614 2560 1643 ‚
2605 1558 2872 1631 ac'tota

658 1674 860 1746 etiam
917 1689 1265 1771 spectante
1318 1673 1586 1746 civitate
1617 1729 1633 1757 ‚
1689 1671 1964 1746 absente
2025 1671 2364 1745 ordinario
2412 1670 2519 1745 vel
2569 1671 2867 1799 parocho

656 1802 770 1860 aut
803 1786 1151 1861 sacerdote
1173 1786 1260 1860 ab
1285 1786 1522 1861 eodem
1573 1786 1927 1885 deputato,
1947 1790 2401 1860 attentaretur
2443 1786 2859 1883 coniugium,

630 1900 912 1974 *nullum
965 1927 1044 1974 ac
1092 1901 1352 1975 irritum
1402 1906 1582 1975 esset
1630 1901 1936 2025 omnino,
1993 1926 2117 1975 nec
2166 1900 2696 2023 matrimonium,
2737 1900 2858 1975 sed

637 2016 1144 2090 concubinatus
1193 2017 1385 2090 foret.
2061 2047 2066 2051 ·
2453 2046 2456 2049 ¹
2539 2046 2544 2049 ²

795 2129 891 2204 Ac
937 2130 1022 2203 de
1072 2130 1183 2201 his
1230 2130 1434 2203 'rebus
1470 2155 1595 2204 nos
1631 2130 1968 2205 hactenus
1992 2130 2314 2232 loquutos
2354 2132 2523 2205 satis
2572 2132 2702 2216 sit3
2751 2131 2859 2202 ul-

628 2245 860 2319 ·terius
921 2244 1231 2343 progredi
1294 2246 1802 2345 potuissemuS,
1870 2247 2069 2320 finem
2129 2243 2346 2318 tamen
2404 2271 2606 2347 quem
2668 2244 2858 2318 nobis

652 2360 1126 2459 proposuimus
1185 2376 1530 2434 assecutos
1591 2385 1716 2434 nos
1777 2385 1930 2434 esse
1993 2358 2447 2447 confidimus,
2509 2359 2859 2434 ostendere

652 2472 911 2548 scilicet
952 2488 1273 2572 quantum
1310 2500 1389 2548 ex
1412 2475 1607 2549 omni
1655 2490 1844 2574 parte
1893 2473 2286 2548 habendum
2314 2475 2406 2550 sit
2441 2482 2514 2549 et'
2541 2473 2858 2549 antichri-

630 2590 941 2664 fstianum
985 2605 1053 2662 et
1093 2589 1640 2664 anticatbolicum
1666 2647 1682 2678 ,
1726 2590 1907 2690 quod
1959 2589 2399 2666 communiter
2437 2590 2853 2689 appellamus

626 2702 1143 2775 matrimonium
1192 2702 1388 2777 cirile
1433 2704 1845 2803 ubicumque
1875 2704 2235 2778 concilium
2278 2704 2712 2777 tridentinum
2746 2730 2852 2777 so-

650 2816 957 2889 lemniter
1011 2814 1531 2912 publicationem
1580 2816 2379 2916 habuit.1nquisivimus
2429 2819 2503 2891 in
2553 2818 2850 2905 eiusdem

649 2927 881 3002 civilis
918 2931 1321 3002 matrimonii
1374 2934 1721 3014 naturam
1777 2933 1958 3006 unde
2017 2949 2289 3020 natum,
2346 2961 2687 3036 quamque
2726 2936 2851 3007 late

634 3051 1075 3144 progressum
1127 3043 1348 3117 fuerit.
1398 3041 1837 3121 Excussimus
1861 3063 1937 3121 et
1969 3047 2183 3145 legem
2234 3051 2340 3120 in
2357 3076 2465 3123 se
2479 3067 2548 3124 et
2588 3051 2657 3122 in
2695 3075 2849 3124 eon-

638 3159 985 3246 sectariis,
1040 3185 1211 3259 quae
1261 3159 1445 3234 illam
1493 3164 1916 3236 comitantur.
1947 3163 2228 3237 Demum
2265 3163 2525 3238 nullum
2565 3164 2850 3262 neglexi-

644 3301 798 3348 mus
840 3283 1415 3372 argumentorum,
1471 3278 1721 3378 quibus
1771 3277 1942 3376 legis
1994 3280 2286 3354 fautores
2327 3295 2402 3352 et
2445 3281 2516 3351 in
2566 3280 2849 3354 comitiis

643 3386 942 3464 electivis'
965 3446 981 3476 ,
1020 3404 1087 3462 et
1120 3389 1193 3462 i'n
1233 3408 1467 3464 senatu
1500 3391 1858 3491 subalpino
1888 3394 2073 3467 omni
2115 3393 2338 3467 studio
2378 3395 2849 3468 contenderant

642 3503 1104 3577 demonstrare
1161 3506 1690 3580 convenientiam
1745 3507 1913 3606 legis
1962 3508 2181 3606 ipsius
2204 3565 2221 3595 ‚
2278 3534 2630 3609 quamque.
2665 3508 2847 3583 utilis

640 3616 810 3692 foret
842 3617 1237 3717 subalpinis
1269 3676 1286 3706 ,
1345 3620 1405 3694 si
1459 3623 1797 3695 communi
1859 3622 2182 3720 suffragio
2229 3623 2653 3723 probaretur.
2702 3623 2846 3709 Quo

644 3733 714 3806 in
763 3733 911 3813 loco
959 3733 1254 3809 vidimus
1307 3735 1765 3812 cavillationes
1800 3754 1867 3811 et
1900 3738 2325 3813 fraudulenta
2376 3740 2661 3814 artificia
2701 3740 2851 3838 qui-

636 3847 768 3924 bus
820 3848 891 3922 in
941 3850 1466 3946 argumentando
1515 3851 1624 3925 usi
1679 3869 1857 3926 sunt.

656 3969 659 3976 '
702 4003 705 4006 ι
752 3965 927 4037 ‘Non
972 3964 1132 4037 ideo
1172 3965 1569 4065 cuiusquam
1614 3969 1866 4041 nomini
1911 3969 2264 4043 detrahere
2311 3970 2649 4044 voluimus
2672 4027 2688 4057 ,
2719 3982 2849 4041 ‘aut

630 4079 1024 4178 vquempiam
1074 4079 1360 4154 laedere„
1418 4082 1597 4155 Satis
1649 4083 1829 4156 enim
1877 4084 2183 4158 novimus
2209 4141 2225 4173 ,
2277 4083 2456 4184 quod
2517 4083 2670 4158 cum
2723 4086 2846 4158 fer·

639 4207 749 4266 vet
788 4192 1190 4293 disputatio,
1226 4194 1669 4283 incalescunt,
1702 4198 2075 4295 agitantur,
2119 4214 2322 4299 atque
2352 4198 2553 4273 veluti
2601 4202 2850 4300 impetu

640 4306 1006 4384 efferuntur
1055 4308 1262 4382 animi
1314 4327 1381 4384 et
1438 4312 1778 4387 veritatem
1832 4312 2106 4412 saepius
2158 4340 2288 4391 non
2341 4315 2594 4389 vident.
2634 4315 2722 4388 At
2755 4316 2853 4389 si-
