3276 5083
588 481 727 531 mr.
762 482 849 530 ιν.
885 480 966 529 nr.
1002 478 1239 531 Ancon.
1268 475 1384 529 rao
1422 478 1580 530 asoa
1605 477 1686 528 nt:
1714 464 1916 529 nra:
1938 478 2065 527 clv.
2093 478 2232 527 Aur.
2256 477 2325 528 11.
2468 455 2604 525 387

370 598 619 674 ‘culum
653 612 836 673 esset
867 598 1228 670 maximum
1281 597 1388 671 lex
1439 597 1526 670 de
1573 596 1889 693 coniugio
1937 620 2121 668 mere
2171 594 2353 668 civili
2366 581 2388 681 ,⁶
2438 621 2613 694 quae

393 740 527 789 non
565 714 658 787 ita
692 714 950 815 pridem
1002 730 1186 787 tanto
1235 715 1610 787 animorum
1649 728 1839 786 aestu
1876 712 1944 783 in
1991 709 2282 811 puhlicis
2322 710 2615 783 comitiis

392 831 945 931 promovebatur;
1004 830 1324 930 quodque
1374 831 1742 929 praecipue
1776 828 1861 901 ad
1900 853 2039 900 rem
2075 816 2372 901 nostram
2425 825 2609 912 facit,

390 943 775 1043 exemplum
814 943 1179 1017 Galliarum
1226 944 1572 1043 proponit,
1636 944 1704 1015 in
1759 957 2242 1042 quastantum
2292 939 2618 1013 malorum

396 1061 803 1160 profluvium
855 1060 1095 1134 exinde
1148 1060 1448 1133 dimanat
1490 1063 1669 1156 (64).

542 1176 722 1250 Haec
773 1192 994 1248 autem
1049 1202 1227 1274 quae
1285 1175 1520 1249 leviter
1569 1175 1637 1246 in
1689 1175 1965 1249 laudata
2014 1175 2302 1275 epistola
2354 1200 2435 1247 ac
2481 1200 2624 1248 cur-

393 1292 527 1365 sim
576 1307 810 1365 auctor
862 1291 1212 1388 attigerat,
1264 1290 1665 1389 plenissime
1701 1291 1946 1365 evolvit
1984 1292 2055 1364 in
2083 1307 2217 1365 toto
2264 1276 2614 1391 opusculo.

390 1406 710 1480 Ostendit
741 1407 921 1480 enim
961 1406 1181 1479 ideam
1217 1408 1512 1505 coniugii
1542 1407 1924 1480 necessario
1952 1407 2362 1519 praeseferre
2388 1422 2621 1505 typum

391 1508 805 1596 characteris
867 1520 1214 1618 religiosi,
1286 1548 1326 1594 a
1382 1547 1518 1621 quo
1578 1523 1881 1621 separari
1922 1523 2223 1650 'nequit3
2291 1521 2436 1593 fieri
2489 1544 2623 1593 non

399 1661 604 1764 posse
651 1651 728 1707 ut
775 1635 922 1708 sine
971 1634 1315 1732 religionis
1367 1635 1741 1709 interventu
1789 1636 2176 1733 coniugium
2207 1650 2626 1744 perpetuum

394 1750 489 1824 sit
543 1776 622 1823 ac
682 1749 1196 1835 indissolubile;
1257 1744 1753 1864 separationem
1804 1750 2145 1824 inductam
2198 1776 2239 1822 a
2291 1748 2436 1847 lege
2486 1747 2629 1846 gal-

394 1866 531 1940 lica
581 1867 754 1938 inter
803 1865 1191 1963 religionem
1236 1883 1302 1938 et
1341 1881 1588 1939 statum
1643 1856 1909 1940 civilem
1961 1892 2273 1940 caussam
2325 1864 2630 1939 extitisse

400 1981 853 2079 corruptionis
905 1980 1217 2081 publicae
1259 2007 1543 2054 morum.
1588 1982 1780 2054 Hanc
1828 1981 2041 2080 legem
2091 1972 2350 2082 passim
2402 2007 2631 2054 macu-

401 2096 539 2169 lam
575 2112 808 2181 vocat,
848 2121 1026 2194 quae
1060 2096 1359 2168 codicem
1396 2096 1627 2169 infecit
1663 2095 2260 2171 turbolentissimis
2296 2096 2432 2169 illis
2467 2112 2635 2168 tem-

408 2210 716 2311 poribuS,
749 2236 902 2283 cum
928 2212 1181 2308 vigeret
1208 2209 1626 2296 atheismus;
1663 2211 1957 2321 ostendit
1984 2199 2126 2284 sub
2139 2213 2322 2284 omni
2358 2226 2635 2311 aspectu

404 2327 740 2405 eiusmodi
777 2328 994 2427 legem
1030 2312 1516 2427 antipoliticam
1552 2355 1754 2416 esse,
1799 2355 1923 2402 neo
1960 2329 2094 2401 nisi
2122 2355 2163 2400 a
2189 2328 2286 2402 rei
2322 2326 2641 2428 publicae

406 2444 715 2520 hostibus
768 2471 969 2545 posse
1014 2444 1433 2545 promoveri;
1493 2444 1898 2552 adhortatur
1935 2430 2316 2546 publicum
2334 2445 2636 2550 regimen·

405 2560 490 2634 ad
541 2587 689 2634 eam
736 2588 777 2634 e
827 2560 1059 2633 codice
1107 2560 1380 2633 omnino
1430 2559 1977 2659 expungendam,
2022 2559 2440 2633 aut'salt'em'
2469 2576 2634 2634 tem-

405 2675 795 2776 perandam.
858 2675 1168 2775 Denique
1219 2700 1526 2748 summae
1564 2674 2095 2774 imprudentiae,
2139 2701 2219 2748 ac
2255 2672 2525 2748 hostilis
2564 2675 2633 2747 in

390 2789 796 2889 religionem
866 2788 1080 2861 animi
1148 2788 1287 2862 fore
1352 2788 1814 2875 demonstrat,
1873 2814 2163 2861 errorem
2232 2788 2419 2863 huno
2461 2790 2638 2861 anti·-

408 2902 754 3001 politicum
808 2903 875 2974 in
929 2901 1103 2975 alias
1171 2918 1404 3000 gentes
1460 2903 1859 2990 transferre,
1917 2918 1984 2976 et
2034 2902 2135 2976 sic
2202 2902 2473 2978 inficere
2523 2929 2637 2977 oo-

410 3016 628 3089 dicem
655 3075 670 3103 ,
712 3017 828 3114 qui
868 3014 1091 3089 adhuc
1145 3017 1463 3090 immunis
1499 3033 1602 3091 est
1634 3044 1675 3089 a
1710 3016 1892 3115 lege,
1935 3043 2114 3116 quae
2145 3032 2238 3090 tot
2271 3034 2638 3091 tantorum·

403 3157 546 3230 que
594 3129 923 3202 malorum
970 3155 1177 3203 causa
1229 3146 1294 3203 et
1344 3132 1532 3227 origo
1581 3147 1706 3205 est.

564 3243 751 3330 Quae
801 3244 982 3316 dicta
1042 3259 1202 3316 sunt
1263 3245 1349 3317 de
1417 3244 1651 3317 Galliis
1717 3247 1861 3347 pari
1924 3247 2076 3319 iure
2131 3235 2478 3318 affirmari¹
2520 3246 2640 3317 de-

414 3360 575 3434 bent
634 3358 722 3432 de
771 3357 999 3456 Belgio
1018 3381 1041 3444 ·,
1113 3357 1229 3430 ubi
1293 3357 1501 3445 mala,
1577 3386 1755 3459 quae
1823 3385 1904 3433 ex
1964 3360 2390 3434 matrimonio
2454 3356 2635 3432 civili

412 3476 815 3573 proveniunt
878 3499 1012 3547 non
1079 3474 1341 3546 minora
1414 3492 1630 3560 sunt,
1705 3502 1785 3549 ac
1847 3476 1977 3550 sub
2042 3474 2268 3575 aliquo
2331 3489 2640 3573 respectu

413 3589 745 3663 deteriora
814 3588 1038 3662 adhuc
1100 3614 1303 3688 quam
1358 3590 1427 3661 in
1481 3590 1965 3690 Galliisipsis.
2030 3590 2377 3691 Siquidem
2428 3607 2497 3663 et
2544 3589 2637 3661 ibi

415 3703 903 3779 concubinatus
938 3705 1175 3802 legalis
1210 3706 1428 3803 viget,
1473 3708 1823 3807 persuasio
1861 3734 2071 3808 penes
2108 3706 2412 3782 rudiores
2447 3732 2644 3805 prae-

419 3818 649 3894 sertim
703 3816 970 3905 inolita,
1030 3819 1212 3919 quod
1262 3845 1383 3917 per
1431 3819 1696 3894 civilem
1764 3837 2173 3895 contractum
2225 3847 2448 3895 coram
2499 3847 2641 3893 ma—

416 3935 705 4032 gistratu
772 3931 1177 4008 celebratum
1230 3960 1459 4008 verum
1530 3934 1861 4009 habeatur
1907 3936 2335 4034 coniugium3
2392 3935 2641 4010 oblivio

419 4049 766 4149 religionis
804 4049 873 4121 in
910 4049 1021 4135 iis,
1067 4051 1182 4150 qui
1222 4050 1314 4124 ita
1350 4050 1623 4150 nuptias
1675 4052 2116 4140 contrahunt3
2174 4049 2437 4126 collisio
2472 4052 2642 4125 inter

555 4277 657 4338 (0⁴)
691 4274 989 4339 Refleztons
1005 4289 1103 4326 sm·
1124 4277 1171 4327 le
1191 4279 1427 4340 mar-iaqe
1446 4276 1577 4328 civil
1596 4279 1649 4327 ce
1673 4276 1721 4327 te
1743 4279 1978 4340 mariaqe
1997 4275 2258 4341 reltqieux
2279 4290 2342 4327 en
2362 4279 2571 4327 Franee
2593 4279 2644 4326 et

416 4365 481 4403 en
507 4355 678 4406 Italic.
703 4358 838 4419 Lyon
864 4362 999 4407 185³.
1014 4359 1050 4406 Α
1066 4357 1159 4406 Mr.
1180 4356 1226 4406 le
1248 4359 1408 4408 comte
1429 4356 1493 4407 de
1511 4359 1724 4418 σηοω,
1747 4354 1990 4420 president
2009 4355 2074 4404 du
2096 4356 2279 4407 conscit
2296 4356 2382 4408 des
2402 4356 2657 4409 ministres

418 4432 481 4482 dc
498 4445 553 4482 so
572 4434 772 4496 naimo
793 4436 839 4486 te
862 4436 933 4486 roi
951 4435 1015 4484 dc
1033 4434 1315 4498 Sardatgne.

2503 4514 2543 4557 ἰὴ(
