3276 5083
613 444 721 499 xv!
1518 440 1865 494 mommo!
1878 476 1890 490 .

612 592 760 644 sem
801 591 938 665 ope
989 566 1333 640 traderem
1351 617 1370 647 ,
1418 578 1487 637 et
1536 566 1866 638 adversus
1910 560 2238 638 ecclesiae
2284 564 2518 634 hostes
2557 584 2827 658 propu-

614 708 925 784 gnarem.
1264 670 1271 681 ’

759 801 967 888 Quod
1001 814 1433 897 postremum
1478 802 1553 870 in
1599 821 1802 872 causa
1846 796 2136 871 fortasse
2169 800 2302 869 erit
2328 850 2345 879 ,
2387 810 2466 868 ut
2506 820 2832 892 quorum·

616 918 780 990 dam
829 917 1194 989 hominum
1242 914 1513 1009 linguas
1546 926 1618 984 et
1649 937 1856 986 voces
1887 916 2109 986 vitare
2154 913 2434 1008 penitus
2482 936 2624 985 non
2669 936 2829 1009 pos-

617 1035 785 1116 sim,
836 1044 1044 1127 atque
1080 1053 1326 1103 eorum
1365 1030 1699 1111 maxime,
1752 1032 1873 1123 qui
1919 1052 2060 1102 non
2107 1030 2352 1101 eadem
2398 1030 2832 1103 institutione

619 1146 878 1222 eruditi
931 1148 1160 1218 minus
1207 1168 1424 1240 aeque
1475 1146 1605 1217 hac
1644 1169 1854 1241 super
1892 1168 1969 1218 re
2010 1146 2100 1217 de
2146 1145 2599 1219 ecclesiastica
2636 1161 2832 1242 pote-

620 1276 797 1337 state
832 1275 902 1335 et
938 1265 1090 1334 iure
1136 1261 1557 1358 apostolicae
1601 1261 1784 1333 sedis
1824 1263 2203 1357 opinantur
2252 1284 2329 1334 ac
2380 1264 2710 1335 sentiunt.
2745 1264 2834 1336 lis

619 1402 791 1453 vero
837 1380 960 1475 qui
1014 1375 1382 1451 obfirmata
1436 1379 1650 1450 animi
1709 1381 2048 1475 pravitate
2107 1381 2488 1452 contrarias
2548 1403 2836 1476 prorsus

621 1497 991 1594 opiniones
1023 1505 1406 1578 sectantur,
1437 1496 1700 1590 quique
1739 1495 1870 1567 hac
1894 1498 2042 1593 ipsa
2076 1497 2149 1567 in
2191 1496 2346 1568 luce
2370 1520 2508 1593 qua
2536 1499 2835 1569 vivimus

621 1636 750 1711 per
797 1635 1150 1684 summum
1182 1611 1373 1684 nefas
1408 1614 1670 1708 rogatis
1704 1613 1976 1709 legibus
2019 1627 2159 1686 tam
2199 1637 2411 1710 grave
2453 1627 2520 1686 et
2566 1615 2837 1710 pericu·

624 1728 856 1801 losum
880 1725 1148 1800 bellum
1180 1728 1513 1801 adversus
1545 1730 1904 1803 ecclesiam
1946 1745 2393 1804 commovent
2414 1785 2432 1814 ,
2473 1734 2545 1802 in
2581 1744 2836 1826 quanta

623 1844 885 1920 invidia
927 1845 1204 1917 futurus
1237 1846 1401 1928 sim,
1435 1871 1578 1918 non
1604 1862 1708 1920 est
1741 1871 1868 1920 cur
1902 1848 2172 1920 dicam:
2206 1849 2354 1943 ipse
2382 1848 2592 1944 plane
2616 1852 2840 1921 sentio

627 1980 833 2061 atque
880 1965 1222 2060 intelligo.
1277 1966 1413 2038 Sed
1462 1966 1552 2037 de
1603 1968 1742 2041 hoc
1788 1968 2155 2040 hominum
2200 1992 2453 2063 genere
2478 2021 2495 2048 ,
2538 1968 2660 2063 qui
2698 1990 2841 2038 non

624 2105 864 2155 rerum
909 2084 1348 2177 ignoratione
1374 2136 1392 2166 ,
1465 2083 1587 2155 sed
1659 2083 1990 2157 obstinati
2053 2085 2262 2157 animi
2317 2085 2487 2156 vitio
2535 2085 2845 2156 veritatis

626 2197 1123 2295 splendoribus
1176 2211 1482 2273 mentem
1553 2201 1986 2282 occludunt,
2053 2200 2390 2273 sollicitus
2444 2197 2651 2296 plane
2701 2224 2843 2272 non

627 2336 794 2390 ero:
849 2316 1136 2388 caeteris
1185 2330 1288 2390 sat
1332 2318 1503 2389 mihi
1552 2318 1802 2391 videor
1853 2316 2196 2414 profuisse
2240 2318 2297 2387 si
2350 2338 2561 2388 omne
2612 2339 2846 2387 meum

631 2430 943 2503 studium
979 2445 1186 2526 atque
1219 2458 1542 2529 operam,
1580 2459 1718 2531 qua
1755 2435 2054 2508 maxime
2105 2435 2301 2529 potui
2354 2432 2847 2528 perspicuitate

629 2548 701 2616 in
746 2546 926 2618 banc
975 2553 1458 2623 tractationem
1511 2552 1955 2624 contulerim.

772 2664 1113 2758 Equidem
1160 2667 1231 2736 in
1282 2667 1690 2762 theologicis
1741 2670 1913 2739 meis
1961 2664 2543 2762 praelectionibus
2584 2720 2600 2744 ,
2667 2687 2846 2759 quae

629 2776 846 2873 vulgo
897 2778 1515 2862 circumferuntur,
1563 2782 1654 2854 de
1692 2783 1831 2854 hoc
1873 2781 2122 2854 eodem
2175 2794 2587 2876 argumento
2638 2793 2849 2875 prout

630 2894 942 2966 instituta
999 2895 1372 2968 methodus
1439 2896 1880 2992 postulabat,
1947 2899 2086 2968 iam
2141 2909 2338 2969 antea
2390 2898 2843 2991 scripseram:

633 3007 756 3082 sed
814 3032 895 3083 ea
955 3007 1236 3083 brevius
1280 3010 1571 3085 fortasse
1603 3067 1622 3095 ,
1679 3036 1758 3085 ac
1807 3014 2109 3085 strictius
2161 3012 2344 3084 dicta
2385 3011 2609 3084 videri
2650 3024 2850 3107 pote-

631 3111 834 3208 runt,
877 3139 949 3200 et
996 3130 1215 3222 magis
1264 3128 1354 3200 ad
1396 3142 1658 3202 ceteras
1703 3143 1936 3230 partes,
1972 3152 2182 3224 quam
2219 3126 2309 3200 ad
2339 3126 2748 3222 dignitatem
2781 3138 2852 3198 et

634 3241 1166 3340 amplitudinem
1204 3245 1630 3318 tractationis
1668 3243 2212 3318 accommodata.
2239 3245 2479 3337 ltaque
2504 3266 2591 3316 eo
2624 3240 2854 3314 liben-

633 3357 798 3431 tiori
835 3360 1070 3432 animo
1105 3357 1293 3431 bunc
1325 3359 1622 3433 alterum
1657 3357 1975 3432 laborem
2010 3361 2316 3454 suscepi,
2346 3355 2539 3454 quod
2574 3370 2848 3452 gratum

634 3468 964 3545 omnibus
1011 3493 1126 3545 me
1185 3470 1529 3547 facturum
1576 3488 1935 3570 putarem,
1991 3475 2046 3544 si
2096 3496 2277 3568 quae
2329 3470 2440 3544 vel
2494 3468 2855 3542 brevitatis

636 3608 836 3659 causa
864 3579 1091 3660 essent
1114 3589 1318 3661 missa
1338 3642 1356 3670 ,
1382 3589 1493 3662 vel
1522 3609 1702 3684 quae
1740 3588 1984 3660 maiori
2024 3600 2304 3681 egerent
2342 3585 2809 3658 declaratione
2832 3639 2850 3665 ,

636 3697 749 3773 vel
800 3724 981 3798 quae
1036 3702 1348 3776 conditio
1398 3717 1795 3799 temporum
1852 3716 1921 3775 et
1973 3704 2337 3775 necessitas
2405 3699 2791 3796 postularet
2832 3754 2848 3779 ‚

638 3813 858 3890 fusius
903 3820 974 3890 in
1016 3820 1154 3892 hoc
1195 3843 1409 3916 opere
1463 3818 1835 3892 adiicerem
1888 3842 1966 3892 ac
2014 3816 2465 3891 cumularem.
2501 3817 2728 3912 Atque
2761 3818 2855 3885 ita

640 3928 787 4004 duo
836 3957 1000 4007 sane
1050 3936 1195 4031 egi,
1240 3959 1420 4030 quae
1464 3934 1824 4021 volebam;
1857 3948 1937 4007 ut
1974 3957 2153 4006 nova
2187 3933 2356 4004 haec
2400 3933 2719 4004 tractatio
2754 3929 2858 4001 al·
2902 3930 2906 3933 ’

639 4057 859 4120 teram
911 4048 1105 4121 illam
1160 4072 1340 4144 quae
1395 4048 1673 4122 extabat
1722 4048 2103 4144 compleret
2165 4061 2370 4143 atque
2425 4044 2789 4143 perficeret
2834 4096 2851 4124 ,

641 4164 989 4260 simulque
1029 4162 1360 4237 adversus
1407 4165 1764 4262 religionis
1807 4166 2042 4237 hostes
2083 4186 2216 4259 pro
2245 4187 2320 4236 re
2348 4160 2684 4236 catholica
2721 4183 2858 4255 qua

643 4301 921 4376 possem
979 4304 1116 4377 ope
1160 4278 1542 4354 obiicerem
1590 4305 1705 4354 me
1765 4294 1972 4376 atque
2022 4304 2479 4377 opponerem.
2533 4277 2736 4363 Quod
2802 4278 2857 4348 si

642 4397 985 4493 quaedam
1059 4397 1348 4474 fortasse
1418 4410 1788 4472 occurrent
1862 4398 1934 4468 in
2006 4396 2262 4492 qujbus
2333 4419 2475 4468 non
2545 4393 2857 4468 eamdem

2853 4735 2903 4768 k*
