3276 5083
810 449 948 498 car.
980 448 1027 497 1.
1063 446 1145 497 ns
1167 445 1430 498 nrm.
1463 445 1689 498 ctvms
1714 412 1986 497 aarum.
2019 446 2161 496 nr.
2197 447 2286 498 tv.
2504 425 2645 494 23⁹

432 567 518 640 de
550 566 737 668 prole
773 562 1133 637 imbuenda
1175 562 1518 661 religionis
1567 562 1977 638 christianae
2011 562 2366 665 principiis
2408 588 2490 637 ac
2526 561 2651 638 bo-

433 682 544 756 nis
595 680 892 754 moribus
935 703 1095 751 cura
1144 678 1273 749 erit
1319 703 1398 751 ac
1446 675 1852 751 sollicitudo.
1896 678 2255 777 Receptum
2310 693 2652 775 praeterea

431 811 537 869 est
585 794 890 879 effatum,
947 792 1032 865 ad
1087 790 1258 866 alios
1309 791 1688 866 edocendos
1742 792 2010 889 longam
2058 792 2237 864 viam
2287 818 2408 891 per
2457 818 2648 892 prae·-

434 926 623 1011 cepta
645 968 660 997 ‚
709 909 977 982 brevem
1014 934 1165 982 esse
1198 934 1317 1007 per
1348 906 1750 1006 exemplum.
1784 906 1905 980 Ast
1936 907 2269 980 eiusmodi
2308 906 2642 993 homines,

435 1026 519 1098 de
560 1026 807 1125 quibus
834 1024 1120 1122 agimus,
1163 1048 1296 1095 non
1329 1038 1504 1095 certe
1539 1022 1805 1118 longam
1844 1048 1966 1122 per
1997 1038 2348 1122 praecepta
2374 1079 2389 1108 ‚
2440 1020 2648 1095 multo

433 1165 589 1213 vero
631 1140 856 1212 minus
890 1138 1158 1211 brevem
1208 1160 1327 1237 per
1375 1136 1753 1235 exemplum
1787 1136 1964 1210 viam
2000 1151 2222 1210 terunt
2267 1136 2354 1209 ad
2403 1136 2649 1210 liberos

433 1280 596 1328 suos
639 1269 813 1326 recte
858 1252 1339 1326 informandos.
1365 1250 1775 1326 ‚Istiusmodi
1826 1252 2040 1325 fictitii
2101 1252 2420 1349 coniuges
2454 1253 2650 1353 peius

434 1394 641 1468 quam
686 1393 727 1439 a
774 1392 941 1439 cane
999 1381 1065 1439 et
1113 1391 1333 1463 angue
1382 1392 1423 1439 a
1473 1364 1933 1440 sacerdotibus
1981 1364 2344 1439 abhorrent
2378 1423 2393 1452 ‚
2450 1382 2518 1438 et
2562 1366 2649 1438 ab

435 1507 664 1555 eorum
704 1498 1065 1581 conspectu
1089 1538 1105 1569 ‚
1147 1482 1264 1580 qui
1306 1481 1449 1555 sola
1484 1480 1863 1580 praesentia
1897 1506 2014 1555 eos
2049 1481 2651 1554 indesinenterac-

432 1612 671 1670 cusant
716 1612 781 1669 et
838 1596 1163 1669 damnant
1209 1596 1298 1668 ob
1349 1592 1733 1693 illegitimos
1777 1621 2026 1681 nexus,
2078 1594 2328 1695 quibus
2367 1594 2647 1694 obligati

430 1727 612 1786 sunt.
659 1713 930 1813 Templa
966 1738 1098 1785 non
1135 1711 1561 1811 frequentant
1584 1767 1600 1795 ,
1649 1735 1735 1783 ne
1768 1709 2266 1784 molestioribus
2305 1711 2653 1785 conscien-

431 1827 564 1900 tiae
601 1826 890 1901 stimulis
942 1842 1295 1924 angantur.
1329 1825 1517 1911 Quae
1552 1851 1705 1899 cum
1741 1824 1833 1897 ita
1867 1848 1942 1899 se
1979 1824 2311 1912 babeant,
2361 1823 2646 1924 quilibet

427 1965 509 2013 ex
560 1967 635 2014 se
683 1941 867 2014 novit
914 1939 1247 2013 eiusmodi
1292 1954 1604 2037 parentes
1655 1937 1840 2011 haud
1890 1963 2094 2037 posse
2140 1939 2266 2013 rite
2308 1964 2502 2012 suam
2538 1963 2649 2012 so-

429 2052 647 2126 bolem
685 2054 1054 2126 instituere.
1093 2045 1224 2125 Sed
1259 2078 1477 2152 neque
1509 2077 1632 2151 per
1674 2051 1843 2127 alios
1883 2052 2042 2126 huic
2075 2053 2475 2150 gravissimo
2506 2056 2650 2125 mu-

437 2166 577 2238 neri
641 2167 1031 2241 satisfacere
1093 2183 1588 2241 consueverunt
1627 2196 1644 2253 ;
1717 2193 1871 2240 nam
1924 2170 2001 2240 ut
2046 2166 2413 2266 plurimum
2463 2168 2647 2241 eius·

432 2280 612 2353 modi
659 2279 993 2377 genitores
1034 2281 1120 2353 ad
1162 2280 1621 2354 informandos
1672 2280 1920 2355 liberos
1965 2306 2127 2355 suos
2168 2280 2238 2352 in
2276 2281 2515 2354 litteris
2566 2306 2648 2354 ac

429 2393 627 2469 bonis
663 2396 918 2469 artibus
954 2398 1312 2494 magistros
1349 2396 1697 2471 liberiores
1739 2421 1820 2470 ac
1853 2396 2261 2494 irreligiosos
2298 2395 2650 2468 adsiscunt

430 2509 559 2584 sibi
596 2511 886 2599 similes;
920 2510 1226 2587 doctores
1262 2512 1473 2588 laicos
1510 2528 1924 2612 anteponunt
1944 2512 2235 2600 clericis,
2263 2536 2435 2613 quos
2461 2534 2647 2585 aver-

426 2643 660 2701 santur
707 2653 786 2701 ac
829 2627 986 2702 odio
1037 2645 1556 2729 prosequuntur.

572 2743 749 2830 Quid
788 2770 986 2843 porro
1022 2769 1104 2817 ex
1146 2745 1483 2818 eiusmodi
1526 2743 1945 2818 institutione
1994 2742 2482 2818 obveniendum
2518 2744 2639 2830 sit,

426 2857 704 2933 difficile
752 2885 887 2932 non
938 2876 1042 2933 est
1091 2860 1421 2936 coniicere
1446 2918 1461 2946 ,
1516 2861 1718 2934 immo
1767 2875 1834 2932 et
1883 2860 2251 2960 pervidere.
2295 2859 2643 2958 Siquidem

425 2973 633 3045 semel
667 2998 746 3046 ac
781 2975 1095 3047 iuvenum
1132 2975 1340 3047 animi
1379 2974 1617 3048 imbuti
1655 2975 1901 3048 suerint
1951 2975 2349 3073 perniciosis
2398 2974 2647 3048 doctri-

427 3084 572 3172 nis;
615 3112 765 3160 cum
801 3089 871 3159 in
905 3088 1369 3163 incredulitate
1402 3089 1843 3176 adoleverint3
1886 3116 2041 3162 cum
2079 3089 2466 3187 religionem
2493 3115 2649 3162 con-

426 3215 795 3276 temnentes
831 3229 909 3275 ac
944 3220 1326 3278 aversantes
1376 3206 1706 3278 creverint
1756 3205 1823 3276 in
1877 3204 1992 3277 illa
2045 3205 2281 3277 aetatis
2333 3203 2636 3302 periodo,

425 3314 494 3385 in
546 3341 681 3413 qua
727 3317 891 3390 vitia
940 3316 1224 3414 gliscere
1273 3318 1646 3417 incipiunt;
1691 3319 1762 3390 in
1812 3345 1947 3418 qua
1990 3318 2395 3417 cupiditates
2439 3317 2644 3391 vehe-

426 3430 714 3502 mentius
764 3431 1156 3504 evolvuntur
1189 3458 1268 3504 ac
1303 3431 1567 3518 furunt;
1613 3433 1684 3503 in
1721 3459 1856 3532 qua
1904 3433 2244 3505 temeritas
2279 3456 2358 3503 ac
2394 3431 2640 3503 mentis

426 3539 662 3615 levitas
711 3546 1136 3642 potissimum
1177 3546 1518 3633 obtinent;
1563 3546 1632 3617 in
1669 3573 1803 3647 qua
1836 3548 2289 3647 experientiae
2338 3545 2640 3618 defectus

423 3681 540 3728 eos
590 3657 869 3756 impellit
912 3660 996 3732 ad
1048 3661 1380 3760 quidlibet
1432 3662 1848 3748 audendum;
1892 3662 1959 3734 in
1996 3689 2132 3762 qua
2166 3661 2484 3735 sensibus
2522 3685 2644 3760 po-

421 3770 556 3843 tius
608 3796 812 3870 quam
861 3789 1080 3847 rectae
1119 3775 1408 3849 rationis
1462 3776 1666 3848 ductu
1720 3791 2075 3873 reguntur;
2132 3774 2634 3860 adolescentes,

424 3885 742 3985 inquam,
801 3886 895 3959 ita
945 3887 1228 3961 instituti
1280 3888 1568 3961 evadent
1628 3890 1962 3988 protervi,
2021 3890 2348 3975 audaces,
2405 3889 2643 3963 immo·

422 4000 620 4097 rigeri
645 4059 660 4088 ‚
719 4001 1139 4101 impudentes
1164 4061 1179 4090 ,
1232 4020 1432 4104 atque
1460 4005 1528 4074 in
1558 4030 1759 4077 omne
1790 4006 2026 4077 vitium
2063 4004 2303 4090 effusi,
2345 4003 2641 4103 pessima

420 4117 676 4190 scilicet
724 4116 990 4191 soboles
1038 4144 1079 4190 a
1126 4119 1322 4194 malis
1375 4119 1768 4219 parentibus
1817 4121 2065 4217 genita.

564 4231 752 4316 Quae
784 4258 941 4306 vero
978 4232 1090 4305 hic
1123 4233 1537 4309 affirmamus
1576 4261 1709 4309 non
1745 4236 1812 4306 in
1850 4235 2084 4310 ordine
2126 4250 2379 4309 tantum
2435 4235 2637 4310 ideali

419 4344 837 4432 consistunt,
897 4347 1092 4447 quasi
1162 4366 1467 4444 ageretur
1515 4350 1602 4424 de
1653 4349 1913 4424 theoria
1973 4376 2014 4425 a
2071 4350 2279 4451 priori
2312 4408 2328 4437 ,
2389 4350 2507 4424 sed
2568 4350 2637 4419 in
