3276 5083
640 444 729 514 66
1027 462 1151 512 ιιι.
1194 462 1241 511 ι.
1284 460 1457 511 ster.
1498 460 1545 510 r.
1586 460 1668 510 m:
1718 460 1985 511 unam.
2028 459 2455 512 statuturo.

781 581 1065 654 Ioannes
1116 580 1205 652 de
1244 577 1664 676 Carthagena
1693 579 2135 678 Dsspumtian.
2165 578 2434 651 selectae
2457 578 2533 650 in
2572 581 2640 652 4.
2667 580 2847 654 Sent-

636 694 815 794 disp.
845 695 953 765 vl.
988 693 1157 767 diss.
1193 694 1279 765 11.
1313 716 1464 792 cap.
1499 694 1554 763 1.
1594 693 1721 764 «Si
1762 692 1899 767 duo
1933 692 2257 792 baptizati
2308 694 2718 767 conveniunt
2767 694 2860 768 ad

633 809 1009 884 faciendum
1061 824 1471 883 contractum
1521 809 1928 881 matrimonii
1973 834 2198 881 coram
2239 807 2536 907 pamcho
2571 825 2643 882 et
2674 810 2861 882 testi-

632 924 761 998 bus
784 982 799 1011 ,
856 950 991 997 non
1042 940 1266 997 tamen
1314 923 1606 997 habeant
1658 923 2091 995 intentionem
2144 920 2433 996 sedendi
2475 947 2861 996 sacramen-

633 1055 772 1112 tum
800 1098 816 1127 ‚
868 1037 1306 1110 nihilominus
1346 1053 1570 1110 manet
1606 1036 1911 1111 validum
1953 1036 2448 1109 matrimonium
2478 1061 2608 1108 notu
2635 1035 2862 1110 solum

634 1156 705 1227 in
756 1153 1011 1227 ratione
1066 1160 1439 1226 consensus
1458 1211 1477 1240 ‚
1532 1150 1659 1226 sed
1707 1152 1910 1225 ctiam
1962 1151 2035 1223 in
2086 1151 2346 1224 ratione
2398 1152 2795 1225 sacramenti
2832 1210 2854 1238 ,

633 1268 797 1368 quia
835 1274 969 1340 non
1013 1278 1114 1341 est
1152 1266 1230 1338 in
1267 1272 1591 1366 potestate
1631 1264 2170 1338 contrahentium
2220 1263 2485 1337 auferre
2533 1265 2864 1339 rationem

506 1428 509 1433 ·
634 1382 1031 1456 sacramenti
1083 1409 1127 1456 a
1174 1381 1517 1481 praedicto
1568 1394 1910 1454 contractu
1943 1382 2088 1475 (32)
2107 1409 2170 1451 .»
2189 1378 2344 1477 Agit
2376 1395 2601 1453 autem
2635 1379 2722 1454 de
2754 1382 2863 1453 in-

634 1498 926 1571 tentione
968 1497 1259 1569 ministri
1278 1553 1295 1585 ,
1343 1496 1677 1596 solvitque
1718 1493 2152 1568 difficultates
2205 1493 2458 1595 quibus
2513 1494 2868 1595 impugna-

638 1628 748 1687 tur
778 1613 1085 1686 doctrina
1120 1611 1207 1685 de
1240 1611 1787 1685 contrahentibus
1839 1611 2234 1684 sacramenti
2285 1611 2691 1684 matrimonii
2733 1613 2867 1686 mi·

637 1728 903 1815 nistris,
959 1754 1243 1828 eamque
1292 1726 1638 1827 explanat,
1695 1727 2204 1827 confirmatque.

776 1841 996 1943 Atque
1046 1842 1170 1916 hos
1211 1869 1292 1915 ex
1331 1867 1540 1942 prope
1591 1843 1965 1915 innumeris
2014 1841 2172 1915 aliis
2197 1900 2213 1929 ‚
2264 1842 2384 1942 qui
2433 1841 2656 1915 afferri
2700 1869 2859 1942 pos-

632 1958 888 2032 sentin
922 1982 1063 2030 rem
1116 1973 1445 2046 nostram,
1498 1956 1864 2031 adduxisse
1906 1956 2221 2030 sufficiat.

781 2075 946 2147 Tuto
995 2074 1175 2146 enim
1215 2073 1551 2146 affirmare
1590 2098 1866 2173 possum
1911 2072 2310 2146 sententiam
2363 2072 2539 2146 hanc
2576 2097 2700 2146 seu
2731 2097 2864 2172 po-

634 2191 773 2262 tius
812 2188 1181 2263 doctrinam
1219 2191 1592 2262 unanimam
1626 2189 1902 2263 omnino
1939 2187 2153 2262 fuisse
2197 2187 2368 2261 inter
2417 2187 2862 2263 scholasticos

634 2329 853 2404 usque
902 2303 988 2377 ad
1038 2303 1320 2377 Canum.
1354 2305 1522 2378 Nam
1572 2302 1959 2401 incipiendo
2007 2302 2097 2375 ab
2147 2302 2431 2400 Hugone
2475 2302 2851 2391 Victorino,

634 2419 752 2517 q'ui
806 2418 1098 2491 anterior
1143 2434 1246 2492 est
1294 2445 1353 2491 s.
1387 2418 1727 2491 Ber-nando
1774 2433 2036 2516 patrum
2088 2432 2423 2515 postremo
2448 2473 2464 2505 ‚
2509 2416 2598 2490 ad
2645 2442 2861 2490 unum

631 2555 866 2607 omnes
916 2534 1400 2607 constituerunt
1463 2533 1827 2607 essentiam
1883 2534 2278 2606 sacramenti
2323 2532 2733 2607 matrimonii
2784 2533 2858 2606 in

631 2672 967 2719 consensu
1017 2662 1246 2720 mutuo
1295 2646 1833 2720 contrahentium
1896 2647 2287 2720 consistere.
2336 2647 2537 2745 Hugo
2579 2647 2764 2720 enim
2815 2673 2863 2720 a

635 2787 693 2833 s.
725 2759 1022 2846 Victore,
1079 2760 1481 2835 Didascalus
1520 2788 1561 2834 a
1598 2760 1940 2834 nonnullis
1999 2776 2457 2861 nuncupatus,
2514 2761 2636 2862 qui
2682 2761 2858 2836 obiit

632 2873 748 2946 die
812 2876 929 2946 11.
992 2874 1157 2947 febr.
1218 2902 1327 2948 an.
1381 2878 1594 2947 1140.
1648 2877 1717 2947 in
1768 2902 1881 2975 op.
1930 2877 2026 2948 De
2086 2877 2510 2948 sacramentis
2574 2875 2698 2949 lib.
2756 2876 2846 2946 11.

631 3004 806 3088 part.
836 2991 955 3061 xl.
985 3016 1135 3089 cap.
1172 2993 1239 3061 5.
1278 3020 1313 3059 α
1338 2990 1406 3061 Si
1444 2992 1634 3090 quis,
1677 2992 1932 3091 inquit,
1972 3007 2290 3091 quaerat,
2323 2989 2598 3090 quando
2631 2989 2859 3063 coniu-

626 3105 819 3202 gium
861 3130 1014 3180 esse
1063 3105 1394 3207 incipiat?
1432 3107 1736 3180 Dicimus
1778 3105 1959 3205 quod
2001 3132 2082 3178 ex
2124 3131 2260 3206 quo
2296 3105 2453 3180 talis
2487 3130 2864 3180 consensus

634 3219 902 3318 qualem
957 3246 1160 3320 supra
1212 3221 1643 3293 definivimus
1701 3225 1996 3321 (nempe
2044 3221 2217 3294 inter
2265 3245 2586 3320 personas
2640 3219 2861 3316 lequi-

628 3339 838 3431 mas),
872 3335 1086 3410 factus
1132 3336 1363 3422 fuerit,
1413 3363 1497 3410 ccc
1530 3363 1600 3410 co
1631 3338 1859 3409 statim
1893 3336 2282 3434 coniugium
2316 3351 2456 3423 est,
2488 3359 2692 3434 quem
2724 3335 2854 3407 etsi

635 3467 868 3550 postea
919 3452 1163 3552 copula
1211 3454 1438 3528 carnis
1490 3454 1825 3554 sequitur,
1878 3452 2049 3524 nihil
2090 3468 2313 3526 tamen
2352 3449 2667 3548 coniugio
2714 3476 2862 3523 am·-

633 3564 816 3664 plius
864 3567 953 3639 ad
1002 3569 1310 3640 virtutem
1355 3570 1752 3640 sacramenti
1797 3567 2134 3641 confertur
2165 3570 2343 3662 (33).
2358 3596 2393 3636 ι)
2419 3564 2617 3638 Hunc
2656 3564 2856 3639 ceteri

630 3684 902 3781 sequuti
932 3699 1337 3783 sumusque
1362 3683 1450 3756 ad
1479 3684 1742 3756 Petrum
1761 3682 2233 3770 Lombardum,
2258 3681 2613 3780 quiaban.
2637 3682 2850 3753 1159.

634 3795 718 3867 ad
772 3823 881 3869 an.
931 3797 1144 3870 1161.
1191 3798 1316 3870 suit
1364 3799 1723 3898 episcopus
1774 3798 2196 3899 parisiensis.
2249 3798 2377 3870 Hic
2425 3799 2500 3869 in
2551 3795 2863 3896 pluribus

633 3913 989 4012 exscripsit
1013 3915 1359 4013 Hugonem
1388 3938 1589 4013 quem
1628 3917 1932 4015 sequitur
1957 3915 2027 3986 in
2055 3913 2186 3987 hac
2208 3913 2531 3987 doctrina.
2554 3911 2861 4012 Denique

634 4028 911 4100 veniunt
969 4045 1296 4130 quotquot
1356 4031 1509 4104 eius
1557 4029 1913 4104 extiterunt
1975 4042 2527 4103 commentatores
2562 4085 2577 4115 ,
2635 4026 2706 4098 id
2756 4041 2863 4099 est

636 4157 921 4242 quatuor
967 4144 1229 4218 circiter
1279 4146 1513 4219 millia.
1564 4148 1764 4219 Porro
1803 4145 2104 4218 doctrina
2128 4202 2143 4231 ,
2185 4170 2361 4244 quae
2395 4170 2515 4243 per
2555 4142 2863 4242 quinque

782 4328 882 4389 (³2)
913 4296 1039 4391 opp.
1066 4327 1144 4377 ed.
1171 4332 1293 4379 ven.
1321 4338 1454 4381 1588.
1481 4333 1599 4380 tom.
1626 4332 1710 4378 ιιι.
1738 4328 1821 4378 τοι.

783 4408 883 4469 (aa)
916 4411 1031 4470 pag.
1061 4415 1167 4457 306.
1192 4412 1296 4458 ³97.
