3276 5083
662 470 798 519 cn.
824 470 912 520 lv.
938 470 1018 519 DE
1043 469 1278 520 nonu.
1308 471 1423 520 PRO
1454 470 1611 519 uolt
1638 471 1718 520 DE
1743 470 1934 523 nun.
1959 471 2084 520 clv.
2110 472 2251 521 Am.
2287 474 2332 521 1.
2481 452 2628 523 373

423 588 681 672 firmat,
730 587 894 685 quin
942 612 1061 660 eos
1111 586 1392 683 legerit,
1451 586 1939 687 separationem
1977 602 2192 661 status
2226 588 2315 660 ab
2348 589 2632 663 ecclesia

421 701 803 774 docuerint:

564 817 738 889 Sane
768 818 1112 890 wunanimis
1148 833 1409 918 patrum
1443 818 1750 891 doctrina
1782 835 1919 905 est,
1952 843 2087 891 non
2123 818 2340 892 solum
2363 820 2632 894 ratione

425 929 583 1002 finis
604 956 684 1002 ac
710 931 1195 1029 praesidiorum
1221 931 1541 1029 distingui
1578 946 1823 1005 statum
1852 931 2197 1031 politicum
2223 959 2345 1006 seu
2371 934 2633 1007 civilem

421 1042 861 1131 abecclesia3
903 1061 1237 1144 quatenus
1271 1046 1384 1119 ille
1420 1046 1620 1119 habet
1668 1073 1788 1145 pro
1840 1047 1974 1120 fine
2007 1048 2388 1121 immediato
2424 1048 2634 1121 felici-

421 1166 621 1230 tate‘m
673 1160 1098 1259 temporalem
1152 1160 1400 1232 civium
1422 1218 1438 1246 ‚
1479 1160 1781 1260 adeoque
1815 1177 1883 1233 et
1916 1162 2251 1261 praesidia
2276 1219 2292 1248 ,
2335 1178 2510 1262 quae
2544 1164 2630 1235 ad

419 1299 573 1346 eum
625 1274 1015 1372 perducant,
1050 1274 1327 1362 idonea;
1369 1275 1654 1349 ecclesia
1683 1279 1846 1349 vero
1883 1276 2262 1349 felicitatem
2296 1293 2631 1350 aeternam

420 1414 501 1461 ac
567 1388 789 1460 media
834 1389 927 1462 ad
978 1414 1125 1461 eam
1175 1389 1604 1464 obtinendam
1668 1406 2041 1491 opportuna
2076 1419 2091 1476 ;
2145 1416 2379 1463 verum
2429 1392 2630 1464 etiam

423 1500 624 1574 finem
660 1527 739 1573 ac
776 1503 1112 1601 praesidia
1161 1503 1380 1576 civilis
1431 1503 1767 1576 societatis
1819 1519 2057 1602 suapte
2109 1519 2344 1577 natura
2394 1492 2630 1579 subor-

419 1615 652 1688 dinata
693 1641 846 1688 esse
886 1618 1194 1714 potestati
1237 1616 1602 1702 ecclesiae,
1663 1634 1994 1715 quatenus
2045 1616 2327 1691 felicitas
2379 1632 2632 1718 tempo-

422 1731 582 1804 ralis
616 1732 924 1805 ordinata
966 1749 1069 1805 est
1101 1733 1187 1804 ad
1225 1732 1601 1805 felicitatem
1640 1748 2001 1805 aeternam.
2054 1734 2228 1805 Hinc
2268 1734 2635 1807 docuerunt

424 1862 645 1943 patres
697 1846 909 1921 Deum
962 1846 1338 1920 instituisse
1389 1863 1778 1947 potestatem
1829 1846 2094 1921 civilem
2127 1906 2142 1935 ,
2199 1864 2275 1920 ut
2324 1848 2644 1923 subsidio-

417 1976 600 2032 esset
633 1959 957 2033 ecclesiae
981 2017 996 2046 ‚
1039 1977 1253 2059 atque
1290 1960 1614 2033 ecclesiae
1662 1962 2015 2034 inserviret
2064 1976 2401 2061 tamquam
2438 1989 2638 2061 prae-

420 2073 668 2144 sidium
719 2072 805 2144 ad
856 2073 1353 2171 assequendum
1403 2073 1602 2146 finem
1655 2074 1719 2146 ei
1768 2075 2109 2174 proprium
2146 2131 2161 2160 ‚
2220 2100 2461 2173 nempe
2510 2103 2629 2149 su-

421 2212 746 2284 premum.
804 2187 903 2259 lta
951 2213 1010 2259 s.
1045 2184 1463 2258 Caelestinus
1497 2189 1676 2281 (40),
1711 2214 1768 2259 s.
1802 2188 1931 2260 Leo
1956 2188 2044 2257 M.
2085 2189 2264 2283 (41),
2297 2214 2356 2260 s.
2390 2188 2630 2285 Grego-

424 2299 567 2372 rius
596 2301 682 2371 M.
708 2302 885 2396 (42),
904 2327 962 2373 s.
982 2300 1280 2374 Isidorus
1311 2300 1724 2400 hispalensis
1757 2300 2327 2400 (43),sicreliqui
2362 2327 2620 2377 omnes.

569 2415 704 2487 Nos
738 2412 825 2486 ad
860 2413 1030 2487 haec
1076 2413 1538 2487 confirmanda
1578 2441 1789 2487 unum
1833 2413 2196 2487 alterumve
2230 2414 2300 2486 in
2336 2415 2630 2489 medium

424 2528 860 2629 proferemus.
904 2531 1141 2629 ltaque
1189 2556 1247 2603 s.
1289 2528 1710 2628 Augustinus
1765 2528 2046 2603 scribit:
2108 2559 2145 2599 α
2173 2529 2382 2605 Aliter
2429 2532 2635 2605 servit

423 2648 592 2740 (rex
620 2646 919 2719 Domino
951 2648 1008 2740 ),
1050 2645 1215 2744 quia
1248 2645 1449 2719 homo
1483 2663 1618 2732 est,
1667 2646 1861 2719 aliter
1903 2647 2067 2745 quia
2110 2646 2462 2720 etiam‘rex
2502 2664 2640 2721 est.

420 2759 598 2846 Quia
638 2761 855 2835 homo'
875 2776 1011 2847 est,
1046 2760 1109 2832 ei
1137 2761 1344 2833 servit
1377 2760 1667 2834 vivendo
1699 2761 2015 2848 fideliter;
2050 2762 2212 2861 quia
2245 2767 2402 2836 vero
2434 2762 2642 2835 etiam*

421 2879 534 2947 rex
561 2893 695 2962 est,
727 2877 933 2950 servit
950 2876 1139 2973 leges
1165 2876 1341 2949 iusta
1367 2876 1878 2977 praecipientes,
1910 2895 1979 2950 et
1998 2878 2328 2951 contraria
2353 2879 2638 2976 proscri—

421 2988 656 3064 bentes
707 2990 1125 3063 convenienti
1176 2991 1406 3089 vigore
1459 2991 1845 3064 sanciendo.
1904 2992 2087 3065 Sicut
2151 2992 2425 3065 servivit
2471 2993 2636 3064 Eze—

423 3101 648 3189 chias,
689 3102 877 3176 lucos
911 3119 979 3175 et
1009 3103 1256 3202 templa
1291 3103 1653 3192 idolorum,
1692 3119 1761 3178 et
1793 3104 1908 3177 illa
1940 3104 2229 3191 excelsa,
2268 3132 2445 3204 quae
2476 3131 2635 3180 con·-

424 3233 525 3290 tra
566 3232 923 3316 praecepta
970 3218 1091 3290 Dei
1144 3218 1404 3292 fuerant
1452 3236 1863 3305 constructa,
1904 3220 2332 3293 destruendo.
2453 3221 2637 3312 Sicut

424 3332 697 3405 servivit
719 3358 836 3404 rex
861 3332 1293 3406 ninivitarum
1329 3334 1710 3407 universam
1746 3335 2077 3428 civitatem
2112 3334 2199 3407 ad
2236 3333 2635 3434 placandum

422 3446 779 3519 Dominum
837 3447 1421 3547 compellendo....
1449 3448 1636 3521 Sicut
1685 3450 1960 3523 servivit
2019 3448 2641 3524 Nabuchodonosor

423 3586 655 3633 omnes
692 3562 760 3633 in
800 3589 1003 3660 regno
1052 3589 1176 3636 suo
1216 3563 1473 3662 positos
1507 3585 1547 3635 a
1582 3561 2119 3663 blasphemando
2152 3565 2296 3638 Deo
2326 3551 2472 3661 lege
2502 3580 2636 3637 ter-

424 3673 602 3745 ribili
641 3675 1054 3774 prohibendo
1095 3679 1321 3772 (44).»
1353 3678 1421 3747 S.
1458 3674 1816 3775 Gregorius
1859 3679 1946 3749 M.
1990 3678 2141 3751 «Ad
2178 3678 2306 3751 hoc
2329 3735 2344 3764 ‚
2386 3677 2627 3776 inquit,

426 3804 722 3886 potestas
774 3816 978 3890 super
1027 3817 1257 3864 omnes
1308 3791 1621 3865 homines
1672 3792 2099 3866 dominorum
2152 3818 2448 3866 meorum
2500 3792 2636 3890 pie—

427 3903 539 3976 tati
593 3903 874 4008 caelitus
925 3903 1083 3979 data
1131 3922 1263 3992 est,
1308 3907 1532 4006 utqui
1569 3908 1750 3981 bona
1783 3923 2152 4007 appetunt,
2194 3906 2629 3992 adiuventur;

570 4099 673 4162 (40)
702 4099 874 4161 Epist.
896 4098 969 4148 ad
999 4098 1353 4152 Theodosium.

567 4179 668 4240 (41)
699 4178 868 4240 Epist.
892 4177 966 4227 ad
991 4179 1549 4242 Leonem-Auamma.

564 4259 666 4319 (⁴2)
692 4257 801 4308 Lib.
822 4259 886 4307 11.
910 4258 1063 4322 Epist.
1082 4259 1312 4309 va.ad
1330 4261 1653 4311 maurinum
1671 4261 1855 4324 imper.

567 4337 667 4400 (4³)
697 4336 806 4388 Lib.
833 4338 921 4387 111.
945 4337 1161 4387 sentent.
1185 4349 1294 4401 cap.
1314 4339 1394 4388 LI.

569 4417 669 4476 (4⁴)
698 4417 867 4479 Epist.
892 4414 966 4466 ad
986 4415 1230 4478 Bontfac.
1254 4418 1503 4468 comitem
1522 4417 1802 4469 cmxxxv.
1822 4416 1947 4468 alias
1966 4418 2021 4469 1..
2044 4414 2122 4467 ed.
2146 4418 2300 4467 Maur.
2327 4430 2376 4467 n.
2410 4424 2482 4467 ts.
