3276 5083
543 491 679 542 en.
708 489 795 538 tv.
822 485 901 535 ni:
928 484 1164 534 Ancon.
1202 481 1317 531 rao
1343 481 1502 529 mon
1525 480 1606 528 m:
1633 478 1822 528 utra.
1851 477 1976 525 civ.
2006 476 2147 524 mr.
2186 475 2253 524 u.
2404 451 2542 520 383

485 608 665 681 Haec
707 621 925 677 tamen
971 602 1141 674 sunt
1180 596 1522 699 praeclara
1571 592 1904 692 exempla,
1947 592 2033 664 ad
2070 616 2243 689 quae
2278 615 2351 663 se
2386 589 2554 662 reci—

341 727 537 824 piunt
584 735 881 796 oratores
933 714 1320 814 subalpini,
1377 730 1452 786 ut
1500 710 1852 784 exitiosam
1905 707 2087 779 illam
2140 704 2351 802 legem
2405 729 2557 804 pro-

342 852 653 911 moveant
701 858 780 906 ac
831 832 1159 905 sanciant.
1205 830 1439 902 Nonne
1489 851 1604 899 eos
1658 823 1882 924 potius
1943 820 2195 919 pudere
2243 815 2559 891 deberet?

341 954 410 1024 Si
461 978 615 1026 vere
650 967 965 1048 saperent
988 1005 1003 1033 ‚
1049 947 1224 1018 banc
1259 941 1501 1041 agendi
1539 942 1862 1014 rationem
1901 937 2252 1010 reiicerent
2290 934 2514 1033 potius
2537 991 2552 1015 ‚

339 1094 541 1168 quam
567 1064 911 1165 gloriolam
929 1087 1172 1135 vanam
1199 1060 1268 1132 in
1288 1059 1476 1131 hisce
1503 1055 1891 1129 nationibus
1911 1052 2256 1125 imitandis
2277 1049 2545 1123 sectari.

488 1183 682 1269 Quod
720 1183 775 1254 si
814 1180 1069 1254 romani
1114 1176 1463 1279 pontifices
1513 1198 1830 1272 expresse
1864 1196 2082 1268 neque
2118 1183 2349 1241 contra
2385 1166 2562 1238 hanc

342 1297 590 1395 legem,
634 1322 853 1395 neque
896 1308 1125 1367 contra
1174 1290 1375 1364 aliam
1428 1287 1636 1361 multo
1688 1287 1979 1385 peiorem
2035 1281 2304 1381 publice
2353 1280 2565 1354 recla-

343 1425 647 1496 marunt,
688 1425 805 1482 aut
840 1406 1182 1508 protestati
1229 1421 1389 1478 sunt
1412 1461 1427 1488 ‚
1484 1417 1662 1474 certe
1714 1425 1845 1473 non
1897 1398 1988 1470 ita
2038 1423 2114 1469 se
2163 1411 2517 1493 gesserunt
2541 1453 2556 1480 ‚

343 1525 523 1624 quod
561 1552 603 1598 a
634 1524 786 1597 labe
820 1524 1183 1595 immunem
1212 1578 1228 1605 ,
1271 1535 1389 1592 aut
1420 1516 1760 1590 innoxiam
1817 1513 2031 1611 legem
2085 1512 2305 1610 ipsam
2340 1510 2567 1584 existi-

345 1640 705 1725 maverint;
748 1639 867 1713 sed
905 1636 1067 1736 quia
1116 1636 1490 1708 animorum
1543 1629 1957 1728 comparatio
1993 1653 2126 1701 non
2162 1626 2414 1700 ferebat
2445 1626 2565 1699 ob-

344 1756 824 1853 iurgationem,
883 1769 999 1826 aut
1053 1750 1394 1852 publicam
1458 1746 2023 1829 admonitionem,
2083 1768 2256 1841 quae
2305 1741 2564 1815 inutilis

344 1871 616 1956 fnisset,
660 1886 858 1969 prout
898 1869 1312 1942 medicorum
1360 1861 1922 1963 praescriptiones
1957 1857 2232 1931 inutiles
2268 1873 2430 1930 sunt
2460 1857 2564 1929 in—

346 1985 556 2057 firmis
608 1984 966 2083 phraenesi
1003 1979 1491 2053 laborantibus.
1533 1977 1698 2048 Cum
1735 2001 1894 2048 vero
1930 1989 2164 2071 postea
2202 1998 2309 2044 res
2345 1972 2412 2043 in
2450 1998 2565 2072 pe-

346 2097 454 2170 ius
505 2097 871 2181 creverint,
912 2096 998 2167 ad
1037 2112 1300 2192 tempus
1353 2087 1907 2171 dissimularunt,
1937 2085 2199 2158 saltem
2252 2084 2556 2184 publice,

350 2211 563 2284 donec
613 2210 788 2283 nacti
827 2208 1101 2282 meliora
1136 2223 1434 2305 tempora
1468 2216 1744 2304 possent
1778 2226 2055 2273 munere
2089 2225 2215 2272 suo
2251 2225 2383 2272 non
2421 2199 2567 2272 sine

347 2325 577 2426 aliqua
603 2352 724 2426 spe
759 2325 1077 2398 felicioris
1112 2324 1331 2395 exitus
1366 2320 1576 2417 fungi.
1613 2319 1787 2390 Sane
1821 2342 1972 2389 cum
2011 2341 2142 2389 non
2179 2317 2271 2387 ita
2305 2315 2564 2413 pridem

347 2442 709 2539 agitaretur
757 2438 1067 2540 quaestio
1118 2439 1204 2511 de
1254 2436 1400 2534 lege
1449 2434 1909 2532 coniugiorum
1969 2431 2269 2506 civilium
2319 2431 2387 2502 in
2433 2432 2563 2505 No·

346 2555 918 2654 vae-granatensis
956 2552 1360 2653 reipublicae
1392 2550 1682 2624 comitiis
1707 2607 1722 2634 ‚
1767 2548 1946 2621 illico
1981 2547 2141 2620 Pius
2195 2548 2306 2619 [x.
2348 2546 2565 2621 eidem

347 2673 771 2769 gravissimis
813 2669 1036 2744 verbis
1075 2669 1340 2770 publice
1388 2666 1632 2739 bellum
1689 2665 1970 2750 indixit,
2026 2690 2309 2763 eamque
2342 2690 2565 2765 repro-

347 2788 528 2862 bavit
561 2791 738 2884 (60);
774 2813 851 2860 ac
888 2812 1152 2860 rursum
1206 2810 1407 2858 sensa
1457 2809 1580 2856 sua
1626 2782 1752 2855 hac
1802 2782 1886 2854 de
1938 2808 2007 2854 re
2056 2779 2356 2879 aperuit,
2413 2806 2563 2853 cum

349 2903 434 2974 de
478 2904 709 2976 eodem
760 2903 1027 2999 negotio
1078 2903 1148 2972 in
1195 2899 1483 2973 comitiis
1536 2897 1917 2996 subalpinis
1966 2913 2184 2970 actum
2239 2914 2342 2970 est
2382 2900 2556 2991 (61).

358 3132 453 3182 miz
484 3133 599 3195 qu'a
623 3132 668 3181 ta
693 3132 949 3195 puissance
969 3132 1084 3181 civit
1107 3132 1376 3192 secutiere,
1413 3135 1462 3182 et
1491 3145 1588 3194 qno
1624 3131 1871 3181 l’autorite
1901 3130 2270 3193 ecciesiastique
2300 3131 2378 3179 n'a
2409 3143 2569 3181 aucun

350 3210 485 3261 droit
506 3209 617 3260 d'en
640 3211 897 3273 empecber
915 3209 1185 3260 l’exercice.

504 3289 853 3351 Considerant,
894 3302 992 3353 que
1027 3302 1126 3339 non
1168 3289 1363 3339 obstant
1398 3291 1447 3340 ie
1479 3291 1685 3353 pouvoir
1716 3288 1802 3353 qui
1835 3289 2056 3351 compete
2081 3289 2109 3337 a
2141 3288 2189 3338 la
2219 3289 2476 3352 puissance
2499 3293 2569 3342 oe·

350 3369 531 3418 cuiiere
549 3382 634 3418 sur
654 3368 727 3418 les
749 3370 882 3418 actes
904 3368 1046 3418 civils
1063 3366 1126 3417 de
1147 3369 1373 3431 meninge,
1391 3368 1423 3418 it
1447 3369 1572 3419 n'oet
1595 3381 1682 3432 pas
1702 3368 1974 3431 cependant
2008 3367 2132 3417 dans
2163 3371 2305 3418 notre
2334 3368 2570 3419 intention

351 3448 413 3498 de
436 3462 560 3498 nous
582 3449 823 3498 immiscet
839 3461 899 3498 en
922 3461 979 3499 cc
994 3461 1092 3511 que
1108 3449 1155 3499 la
1173 3448 1372 3510 religion
1391 3447 1565 3498 etabtit
1588 3462 1711 3511 pour
1733 3447 1980 3498 sanctitier
1998 3447 2070 3498 les
2085 3447 2346 3511 mariages,
2362 3451 2487 3500 mais
2508 3449 2569 3500 de

349 3529 518 3579 laisser
543 3529 571 3578 'a
593 3533 671 3579 cet
692 3529 838 3592 egard
863 3529 1081 3579 l'entierc
1104 3529 1279 3578 liberte
1299 3532 1426 3578 etc.»

498 3610 559 3656 At
587 3607 700 3670 quis
731 3621 828 3657 non
859 3607 992 3657 videt
1021 3608 1235 3670 primum
1266 3607 1507 3659 motivum
1538 3607 1806 3658 adductum
1839 3621 1944 3659 esse
1975 3621 2176 3672 prorsus
2204 3609 2382 3658 falsum
2413 3614 2464 3658 et
2498 3622 2567 3659 re·

351 3687 521 3749 ligioni
543 3687 812 3736 catholicae
829 3687 1133 3737 contrarium
1148 3691 1171 3737 ἓ
2399 3733 2408 3736 Ἴ

498 3768 596 3827 (60)
630 3769 761 3816 Haec
797 3767 944 3817 verba
972 3772 1087 3817 sunt
1119 3768 1442 3819 Atlocutionis
1464 3768 1514 3817 in
1537 3767 1831 3818 consistorio
1861 3771 2047 3819 secreto
2068 3769 2149 3819 die
2172 3777 2248 3820 21.
2269 3772 2402 3832 sept.
2434 3777 2567 3821 18:22.

353 3845 514 3896 «Nihil
529 3845 739 3894 dicimus
762 3844 824 3894 de
841 3845 939 3894 alio
958 3846 1041 3896 illo
1056 3846 1276 3908 decreto,
1298 3861 1397 3910 quo
1414 3846 1713 3897 matrimonii
1738 3847 2027 3898 sacramenti
2050 3848 2298 3911 mysterio,
2312 3847 2568 3912 dignitate,

348 3928 609 3976 sanctitate
625 3925 824 3975 omnino
840 3925 1093 3988 denegata,
1107 3923 1441 3991 eiusquejnsti
1448 3927 1637 3977 tutione
1655 3929 1705 3976 et
1723 3929 1899 3977 natura
1921 3942 2120 3992 prorsus
2138 3928 2359 3991 ignorata
2371 3932 2421 3979 et
2436 3942 2571 3979 ever·

350 4019 429 4067 aa,
450 4009 600 4069 atque
622 4005 853 4056 ecclesiae
875 4006 925 4054 in
945 4010 1303 4057 sacramentum
1334 4007 1464 4057 idem
1498 4008 1736 4070 potestate
1773 4007 1966 4071 penitus
1993 4010 2155 4071 spreta
2171 4045 2186 4069 ‚
2210 4008 2572 4071 proponebatur

353 4087 492 4136 iuxta
513 4085 612 4136 iam
631 4084 889 4135 damnatos
912 4085 1267 4136 haereticorum
1288 4099 1495 4148 errores,
1518 4089 1667 4150 atque
1684 4086 1923 4138 adversm
1948 4088 2183 4139 ecclesiae
2200 4087 2496 4148 doctrinam,
2519 4091 2574 4138 ut

351 4166 720 4217 matrimonium
747 4169 1001 4229 tamquam
1027 4164 1191 4216 civilis
1206 4168 1399 4217 tantum
1418 4169 1700 4217 contractus
1723 4167 1980 4218 baberetur
1995 4203 2011 4230 ,
2032 4180 2302 4231 omnesque
2323 4169 2570 4220 matrimo-
2640 4230 2643 4233 ⁴

353 4244 507 4296 nialee
524 4259 701 4296 musae
719 4244 782 4294 ad
807 4245 932 4294 laica
951 4243 1255 4296 deterrentur
1277 4245 1595 4297 tribunalia.»

499 4328 599 4388 (οι)
630 4326 745 4377 vid.
776 4327 985 4377 Lattara
1013 4323 1213 4376 diretta
1241 4321 1392 4376 dalla
1422 4327 1626 4377 mitte&
1655 4325 1713 4376 di
1748 4330 1842 4376 Pio
1883 4329 1984 4377 IX.
2010 4340 2046 4378 a
2075 4341 2178 4378 sua
2197 4328 2400 4379 ηιαωίὰ
2428 4328 2471 4376 il
2514 4342 2570 4377 re

362 4405 578 4452 Vittorio
610 4404 953 4455 Emmanuele
972 4404 1011 4453 li
1037 4411 1108 4454 ¹9.
1130 4405 1371 4455 Seuemb.
1405 4413 1538 4455 1852.
1562 4405 1652 4454 ml
1684 4409 2017 4456 matrimonio
2048 4406 2228 4465 civile,
2251 4407 2300 4456 in
2325 4421 2424 4468 qua
2442 4420 2571 4455 sum-
