3276 5083
494 460 637 508 un.
669 458 736 504 v.
759 456 840 504 nn
877 454 1111 504 mmsr.
1149 454 1459 505 comma.
1494 453 1632 503 mr.
1673 453 1742 504 n.
1780 453 1922 503 Ans.
1957 453 2308 505 rnAmuoN.
2423 433 2560 504 147

334 575 663 649 invitatus
709 571 1014 645 Salvator
1063 572 1211 671 ipse
1259 571 1493 657 suerit,
1545 586 1617 643 ut
1669 569 1754 643 iis
1809 569 2228 643 benediceret
2285 574 2429 666 (15)
2455 572 2493 641 5³
2523 602 2556 642 »

332 692 585 763 Verum
634 713 782 762 eum
833 686 905 757 hi
959 701 1182 785 patres
1221 686 1574 759 adstruunt
1612 685 1954 757 Christum
2007 700 2310 757 vocatum
2354 687 2566 760 fuisse

334 805 433 879 ad
487 804 750 904 nuptias
793 802 1049 889 Canae,
1095 818 1171 875 ut
1209 802 1295 874 iis
1337 800 1788 886 benediceret,
1840 800 2133 900 profecto
2184 821 2566 900 supponunt

340 920 494 994 solo
549 916 1081 991 contrahentium
1143 942 1478 989 consensu
1537 916 1921 1011 coniugium
1985 915 2171 1001 lieri3
2230 916 2564 1014 siquidem

336 1061 496 1108 cum
548 1030 845 1133 nuptiale
895 1032 1271 1105 convivium
1324 1030 1730 1104 celebratum
1780 1047 1915 1117 est,
1964 1031 2058 1102 illi
2114 1033 2246 1103 iam
2299 1034 2568 1132 nuptias

339 1147 735 1221 iudaeorum
780 1171 964 1219 more
1006 1146 1179 1218 inter
1217 1171 1291 1218 se
1331 1145 1619 1218 inierant
1660 1145 1803 1219 solo
1833 1171 2198 1219 consensu.
2249 1147 2371 1220 His
2416 1173 2571 1219 vero

343 1264 483 1336 iam
532 1260 854 1336 confectis
905 1260 1215 1333 Christus
1269 1261 1654 1360 supervenit
1704 1261 1973 1362 sponsis
2021 1262 2255 1360 utique
2308 1262 2572 1334 benedi-

342 1393 578 1450 cturus
619 1375 999 1474 praesentia
1040 1400 1186 1448 sua.
1233 1375 1399 1447 Cum
1436 1400 1595 1448 vero
1629 1375 1715 1447 ad
1755 1376 2003 1448 Christi
2044 1376 2418 1475 exemplum
2465 1402 2574 1449 sa-

341 1490 649 1564 cerdotes
700 1489 956 1588 nuptiis
1004 1488 1439 1574 benedicant,
1488 1516 1604 1563 eas
1659 1505 2047 1590 supponunt
2097 1491 2366 1590 praevio
2411 1517 2574 1563 eon-

344 1606 755 1678 trahentium
806 1629 1142 1677 consensu
1184 1605 1356 1676 inter
1393 1631 1468 1680 se
1509 1605 1778 1680 foedere
1819 1605 2097 1706 nuptiali
2152 1608 2565 1679 coniunctos.

489 1720 639 1792 Huc
689 1719 1021 1792 accedunt
1079 1735 1300 1817 patres
1356 1720 1494 1806 illi,
1552 1722 1686 1820 qui'
1729 1721 1814 1792 de
1867 1721 2247 1818 nuptiarum
2312 1721 2573 1795 foedere

348 1836 816 1909 intellexerunt
870 1834 1075 1926 verba
1131 1832 1433 1933 Apostoli
1494 1835 1749 1934 Ephes.
1807 1836 1882 1905 AV.
1925 1836 2023 1907 uti
2059 1834 2572 1918 Ambrosiaster‚

347 1951 465 2048 qui
494 1949 576 2020 in
601 1948 975 2021 Commeat.
1026 1949 1097 2019 in
1137 1948 1319 2021 hune
1355 1949 1612 2022 locum:
1650 1980 1681 2017 α
1706 1950 2001 2048 Mysterii
2044 1966 2534 2023 sacramentum
2555 2008 2570 2033 ‚

354 2064 607 2162 inquit,
637 2064 914 2161 quando
946 2066 1016 2134 in
1048 2066 1298 2135 unitate
1331 2066 1468 2136 oiri
1494 2092 1571 2136 ac
1603 2066 1924 2163 faeminas
1960 2090 2112 2137 esse
2146 2065 2504 2159 significat.
2539 2095 2572 2132 »

502 2175 752 2250 Eadem
793 2178 1049 2250 ratione
1087 2178 1395 2251 eumdem
1440 2195 1688 2251 textum
1733 2179 2004 2277 exponit
2036 2207 2095 2251 s.
2131 2179 2580 2278 Hieronymus

356 2294 431 2364 in
471 2291 619 2364 suis
644 2291 1146 2365 Commentariis
1186 2293 1272 2364 de
1305 2291 1489 2364 Adae
1527 2308 1595 2363 et
1620 2293 1845 2365 Hev'ae
1871 2293 2183 2388 coniugio
2223 2293 2318 2362 uti
2373 2293 2584 2388 figura

351 2406 848 2482 coniunctionis
872 2406 1123 2479 Christi
1157 2432 1312 2481 cum
1338 2407 1647 2492 ecclesia,
1682 2406 2020 2480 scribens:
2061 2438 2095 2474 α
2122 2405 2424 2505 ldipsum
2463 2432 2584 2504 per

356 2523 747 2622 allegoriam
788 2522 858 2594 in
895 2522 1164 2597 Christo
1198 2523 1668 2622 interpretatur
1698 2540 1764 2597 et
1795 2522 1867 2595 in
1909 2522 2225 2609 ecclesia,
2270 2538 2341 2596 ut
2374 2523 2582 2594 Adam

355 2639 739 2724 Christum,
783 2654 852 2710 et
893 2638 1079 2711 Heva
1122 2640 1602 2737 praefiguraret
1637 2639 2017 2711 ecclesiam.
2059 2667 2093 2708 »
2138 2640 2212 2708 In
2253 2639 2447 2711 cuius
2492 2641 2596 2711 rei-

357 2753 933 2827 eonfirmationem
992 2752 1189 2826 affert
1247 2753 1632 2850 Gregorium
1703 2754 2179 2826 nazianzenum
2242 2754 2344 2826 sie
2403 2754 2586 2826 Pauli

359 2870 567 2943 verba
625 2868 1135 2968 explanantem:
1191 2899 1226 2939 α
1266 2870 1416 2943 Scio
1478 2870 1640 2968 quia
1698 2869 1886 2943 locus
1951 2870 2076 2941 iste
2136 2868 2590 2942 ineffabilibus

360 2984 604 3083 plenus
656 2983 748 3056 sit
798 2984 1268 3069 sacramentis,
1318 2999 1386 3055 et
1434 2983 1739 3056 divinum
1784 3009 1900 3057 eor
1941 3000 2218 3082 quaerat
2269 2984 2593 3081 interpre-

362 3100 481 3185 tis;
528 3126 655 3198 ego
706 3115 928 3172 autem
977 3124 1098 3196 pro
1148 3098 1513 3198 pusillitate
1563 3125 1810 3172 sensus
1852 3099 2020 3183 mei,
2073 3100 2141 3168 in
2182 3097 2447 3170 Christo
2498 3099 2596 3168 in-

364 3213 559 3287 terim
595 3213 765 3286 illud
797 3230 865 3285 et
895 3213 964 3284 in
994 3213 1281 3287 ecclesia
1316 3212 1827 3311 intelligendum
1859 3228 2045 3311 puto,
2071 3242 2106 3282 »
2138 3211 2319 3310 quod
2356 3237 2598 3310 nempe

364 3327 537 3400 dixit
556 3326 917 3427 Apostolus
953 3326 1041 3400 de
1075 3326 1258 3400 Adae
1300 3344 1367 3400 et
1404 3328 1628 3401 Hevae
1662 3327 2010 3424 coniugio;
2044 3325 2351 3425 adeoque
2381 3326 2587 3400 afor-

366 3440 526 3514 tiori
564 3441 650 3514 de
688 3442 1000 3539 coniugio
1040 3442 1556 3516 christianorum
1601 3443 1908 3517 ordinato
1948 3442 2035 3514 ad
2077 3442 2378 3514 eamdem
2408 3443 2604 3514 Chri·-

369 3555 461 3627 sti
515 3572 583 3627 et
629 3556 949 3629 eeclesiae
1003 3557 1534 3631 coniunctionem
1597 3558 2109 3655 significandam
2134 3616 2148 3644 ,
2205 3575 2274 3629 et
2323 3558 2390 3628 in
2450 3583 2604 3656 per-

372 3684 648 3768 potuum
700 3672 1358 3771 repraesentandam.

516 3786 614 3858 Ac
662 3787 901 3860 ceteris
952 3788 1227 3861 omissis
1276 3790 1464 3882 (16),
1510 3815 1570 3861 s.
1618 3790 2036 3887 Augustinus
2075 3788 2193 3859 lib.
2245 3790 2296 3860 1.
2345 3784 2440 3861 Do
2483 3817 2605 3860 nu-

364 3901 533 3996 ptiis
574 3916 638 3971 et
680 3928 944 4001 concup.
997 3929 1058 3975 e.
1098 3903 1272 3974 XXI.
1315 3902 1400 3974 de
1438 3903 1672 3976 eodem
1717 3904 1995 3977 Paulino
2036 3919 2216 3976 textu
2263 3903 2605 3977 disserens

379 4014 506 4086 ait:
556 4045 591 4084 ι(
624 4014 819 4101 Quod
871 4018 943 4088 in
987 4016 1253 4092 Christo
1304 4034 1369 4089 et
1422 4018 1489 4089 in
1540 4017 1823 4092 ecelesia
1874 4036 1977 4092 est
2013 4044 2331 4116 magnum
2385 4044 2608 4093 sacra-

523 4236 628 4298 (15)
658 4238 858 4288 naeres.
883 4240 1078 4287 van.
1104 4240 1497 4289 Hieraclearnm
1525 4251 1575 4288 n.
1600 4245 1678 4289 66.
1703 4239 1780 4289 ed.
1800 4243 1966 4290 Petav.

519 4315 623 4378 (16)
654 4317 809 4379 Quos,
838 4329 955 4366 cnm
988 4330 1238 4380 ageremus
1272 4318 1334 4368 de
1362 4319 1569 4368 veritate
1603 4317 1750 4368 huius
1782 4323 2070 4372 sacramenti
2098 4335 2156 4372 ex
2184 4322 2277 4372 hoc
2311 4321 2452 4370 Pauli
2477 4321 2611 4369 textu

378 4392 743 4459 confirmanda,
776 4398 1123 4447 recensuimus.

2469 4483 2508 4522 Χ
