3276 5083
667 442 809 492 cn.
843 439 940 491 ιιι.
975 440 1056 491 ιιι
1091 439 1414 492 ιιιιιιετιιο.
1455 441 1597 492 aar.
1630 439 1702 491 ιι.
1734 439 1970 492 annun.
2002 439 2354 495 rmmon.
2536 421 2626 493 87

408 576 551 635 tate
576 559 946 659 apostolica
971 558 1186 633 fuisse
1202 614 1218 646 ,
1257 558 1708 633 benedictioni
1734 555 2128 632 sacerdotali
2153 616 2168 646 ,
2198 583 2333 660 qua
2355 564 2634 661 nuptiae

408 673 964 760 cohonestantur,
996 673 1323 748 adnexam
1358 672 1572 748 fuisse
1602 672 1900 747 divinam
1934 674 2214 770 gratiam
2240 732 2256 761 ,
2288 675 2591 777 adeoque
2611 733 2628 765 ,

412 790 603 889 quod
652 814 1069 888 consequens
1118 805 1254 876 est,
1310 814 1442 863 non
1492 788 1701 861 alium
1749 788 2245 885 agnoscendum
2286 790 2634 865 christiani

413 903 731 978 connubii
782 903 1160 977 ministrum
1202 926 1355 976 esse
1390 919 1653 1003 praeter
1685 903 2122 977 sacerdotem.
2145 901 2460 1004 Alioquin
2495 905 2632 981 duo

416 1042 548 1091 non
597 1017 822 1114 exigui
868 1016 1188 1091 momenti
1239 1033 1679 1117 sequerentur
1725 1017 2184 1105 incommoda3
2227 1019 2408 1118 quod
2443 1020 2634 1118 prius

410 1130 604 1205 reddi
673 1129 861 1204 nullo
912 1132 1111 1204 modo
1161 1129 1328 1206 ratio
1376 1149 1645 1231 posset,
1700 1157 1910 1231 quare
1967 1147 2190 1231 patres
2240 1149 2308 1206 et
2354 1133 2637 1207 concilia

407 1261 509 1319 tot
540 1246 922 1344 praeconiis
957 1246 1312 1320 extulerint
1344 1246 1520 1319 hano
1553 1241 2031 1321 sacerdotalem
2056 1246 2590 1322 benedictionem
2609 1305 2626 1335 ,

415 1360 657 1433 sicam
692 1361 959 1435 nonnisi
992 1361 1090 1433 uti
1126 1361 1349 1447 ritum,
1382 1378 1499 1435 aut
1528 1386 1811 1436 vacuam
1847 1362 2287 1435 ceremoniam
2338 1379 2638 1463 spectas·

416 1491 600 1562 sent,
654 1475 825 1548 adeo
873 1491 950 1548 ut
995 1476 1084 1550 ob
1131 1476 1280 1550 eius
1331 1478 1763 1551 reverentiam
1807 1503 1883 1551 se
1926 1477 2266 1552 continere
2313 1478 2636 1577 coniuges

334 1589 339 1594 ”
414 1591 634 1690 prima
682 1591 1070 1689 nuptiarum
1119 1608 1312 1666 nocte
1361 1592 1751 1680 debuerint3
1807 1592 1988 1691 quod
2038 1592 2285 1667 deinde
2331 1593 2444 1666 vix
2464 1652 2480 1682 ,
2521 1608 2640 1668 aut

412 1730 497 1779 ne
519 1707 634 1779 vix
657 1705 934 1806 quidem
969 1705 1238 1804 probari
1273 1720 1502 1807 posset
1534 1707 1860 1781 adversus
1895 1707 2332 1783 heterodoxos
2358 1709 2637 1806 dogma-

413 1821 543 1894 tica
578 1819 665 1893 de
703 1837 1123 1894 sacramento
1156 1820 1559 1895 matrimonii
1592 1822 1873 1909 veritas,
1915 1822 1974 1895 si
2011 1821 2096 1895 de
2131 1821 2315 1896 inani
2341 1849 2637 1898 ceremo-

413 1934 527 2007 nia
561 1934 998 2007 conciliorum
1033 1950 1099 2008 et
1132 1952 1395 2035 patrum
1433 1936 1812 2010 testimonia
1836 1936 2052 2036 accipi
2081 1937 2184 2010 fas
2209 1953 2410 2012 esset.
2446 1939 2634 2025 Quae

410 2048 690 2147 quidem
742 2049 965 2120 maius
1000 2048 1223 2122 adhuc
1257 2048 1463 2123 robur
1493 2051 1870 2149 accipiunt,
1912 2051 1971 2124 si
1999 2052 2410 2140 attendatur,
2448 2052 2633 2152 quod

412 2163 753 2236 ‘veteribus
803 2164 1031 2261 ignota
1079 2189 1355 2262 prorsus
1407 2181 1635 2238 essent
1680 2168 1988 2238 materiae
2028 2181 2095 2238 et
2141 2168 2387 2264 formae
2433 2190 2635 2239 voca—
2675 2159 2683 2168 ⁸

417 2273 614 2361 bula,
646 2301 816 2374 quae
846 2277 1117 2350 nonnisi
1156 2277 1424 2350 saeculo
1446 2278 1687 2349 xl1.in
1712 2277 1965 2351 scholis
1990 2277 2443 2351 obtinuerunt.
2466 2278 2633 2351 Cum

416 2387 624 2485 igitur
667 2414 860 2463 voces
909 2390 1079 2463 istae
1122 2390 1421 2490 patribus
1476 2390 1743 2487 ignotae
1790 2390 2065 2478 fuerint,
2121 2390 2480 2465 dicendum
2530 2408 2637 2467 est

410 2527 532 2576 eos
570 2501 696 2576 hoc
745 2502 948 2590 idem,
990 2503 1169 2603 quod
1207 2503 1621 2589 scholastici,
1665 2530 1787 2605 per
1819 2530 1935 2578 eas
1988 2503 2307 2579 formulas
2339 2504 2638 2580 voluisse

408 2618 815 2718 exprimere,
873 2643 1082 2716 quum
1134 2616 1559 2716 generalibus
1611 2617 1748 2691 illis
1797 2618 2019 2692 verbis
2068 2620 2176 2692 usi
2228 2635 2415 2705 sunt,
2447 2618 2636 2692 vide-

410 2731 567 2805 licet
612 2733 1177 2832 sanctificationis,
1235 2733 1733 2831 obsiqnationiS‚
1790 2732 2208 2834 aliorumque
2256 2734 2625 2822 eiusmodi,

411 2859 613 2946 prout
651 2846 1120 2920 animadvertit
1168 2846 1404 2920 doctus
1455 2848 1854 2921 Benedictus
1902 2848 2169 2921 Stattler
2209 2852 2271 2944 (1
2287 2854 2387 2946 ὃ).

557 2961 660 3035 Ad
708 2960 881 3034 haec
922 2961 1213 3048 accedit,
1254 2961 1438 3060 quod
1472 2962 1987 3034 sacramentalia
2033 2964 2262 3035 omnia
2309 2962 2636 3063 antiquis-

414 3077 586 3150 sima
607 3133 623 3164 ‚
666 3076 940 3150 rituales
973 3076 1127 3148 libri
1164 3101 1398 3150 omnes
1443 3076 1770 3150 ecclesiae
1820 3076 2099 3162 latinae,
2150 3076 2293 3150 sive
2334 3078 2636 3150 occiden-

414 3191 567 3266 talis
590 3249 606 3277 ‚
664 3191 1058 3288 euchologia
1100 3192 1426 3264 ecclesiae
1478 3190 1825 3265 orientalis
1871 3191 2229 3263 universae
2278 3190 2638 3265 exhibeant

409 3321 798 3380 constanter
846 3305 1256 3379 sacerdotem
1300 3305 1684 3401 iungentem
1718 3304 2053 3378 connubia
2085 3301 2487 3389 christiana,
2525 3326 2638 3376 va-

415 3419 541 3490 riis
586 3420 828 3493 ritibus
880 3445 1002 3519 pro
1050 3419 1323 3492 diversa
1364 3435 1612 3506 aetate,
1670 3443 1751 3491 ac
1797 3416 2087 3491 diversis
2137 3416 2303 3491 locis
2352 3441 2483 3490 usu
2532 3441 2636 3490 re·

414 3533 666 3631 ceptis3
724 3534 1119 3633 praesertim
1169 3559 1328 3607 vero
1374 3534 1842 3608 benedictione
1873 3558 1955 3606 ac
1988 3532 2336 3632 precibus,
2385 3531 2635 3630 quibus

415 3673 457 3720 a
505 3648 643 3721 Deo
693 3674 899 3747 super
947 3648 1275 3721 nubentes
1343 3651 1669 3747 qratiam,
1734 3673 1965 3747 pacem
2014 3673 2091 3720 ac
2139 3646 2637 3746 foecunditatem

410 3762 770 3862 implorent
789 3764 965 3860 (17).
989 3763 1178 3849 Quae
1202 3762 1496 3863 profecto
1521 3763 1836 3835 evincunt
1861 3785 2226 3861 numquam
2254 3784 2389 3834 non
2414 3760 2636 3834 existi·

410 3902 638 3953 masse
685 3878 1037 3951 ecclesiam
1063 3936 1078 3966 ,
1137 3903 1260 3977 per
1308 3877 1720 3951 sacerdotem
1783 3875 2076 3976 coniugii
2141 3890 2629 3951 sacramentum

407 3990 908 4082 administrari,
965 4009 1033 4065 et
1079 3994 1362 4091 gratiam
1412 3992 1724 4066 conferri.

550 4124 653 4188 (le)
686 4124 925 4188 neoloy.
948 4124 1222 4176 cuntem.
1247 4127 1371 4176 tom.
1396 4125 1481 4173 vl.
1503 4135 1554 4174 ιι.
1576 4129 1688 4175 622.

550 4205 652 4268 (17)
682 4205 759 4257 cr.
784 4205 917 4269 apud
947 4207 1151 4257 uni-ten.
1171 4209 1249 4256 De
1270 4206 1505 4270 antiquus
1532 4203 1780 4257 scelestae
1811 4203 2004 4256 micus
2021 4205 2107 4255 ub.
2126 4207 2167 4256 l.
2188 4208 2317 4270 part.
2334 4207 2399 4256 11.
2414 4218 2524 4269 cap.
2545 4208 2628 4256 lx.

408 4285 501 4334 art.
527 4292 575 4335 3.
596 4287 694 4335 Nec
716 4298 813 4334 non
836 4284 1071 4335 Goarium
1095 4285 1144 4334 in
1164 4284 1486 4347 Eueholoqw
1509 4296 1617 4347 pag.
1645 4291 1753 4335 380.
1769 4283 1906 4335 Ordo
1921 4286 1976 4335 in
1988 4284 2321 4349 sponsalibus
2335 4284 2632 4336 celebranti.

408 4365 463 4415 et
478 4362 868 4416 madenam:
893 4364 1196 4429 Perpetem
1219 4364 1286 4415 de
1310 4363 1368 4415 10
1394 4362 1473 4421 tot
1493 4365 1616 4415 tom.
1638 4366 1701 4413 v.
1723 4364 1839 4416 livr.
1862 4365 1955 4415 Vl.
1973 4365 2118 4428 chap.
2135 4367 2182 4415 11
2201 4376 2341 4428 seqq.
