3276 5083
632 404 771 474 166
1023 424 1146 474 un.
1191 423 1238 473 ι.
1280 419 1454 473 secr.
1496 425 1545 468 ι.
1586 418 1668 470 ιιι
1717 418 1979 471 nram.
2012 416 2440 469 sionnam-o.

625 567 790 614 casu
840 540 1335 614 matrimonium
1387 539 1512 612 etsi
1566 536 1874 611 illicitum
1892 594 1908 624 ,
1963 535 2266 611 validum
2316 552 2536 609 tamen
2589 560 2859 638 semper

624 656 929 729 habitum
975 672 1081 730 est
1127 655 1214 729 ab
1251 654 1537 728 ecclesia
1558 711 1574 741 ,
1631 678 1765 726 non
1817 652 2014 726 modo
2052 668 2128 724 ut
2162 667 2541 726 contractus
2589 651 2810 727 civilis
2830 712 2849 739 ,

624 795 860 843 verum
891 770 1093 842 etiam
1128 784 1204 842 ut
1240 784 1755 843 sacramentum.
1797 765 1918 840 Ast
1957 765 2402 839 ministerium
2442 767 2859 842 sacerdotale

627 884 919 985 profecto
963 885 1033 957 in
1080 884 1212 958 hoc
1262 881 1549 982 nuptiali
1603 881 1869 956 foedere
1912 906 2045 955 non
2097 881 2491 968 intervenit,
2537 881 2773 982 itaque
2818 910 2862 956 a

626 1001 795 1074 solis
847 998 1397 1075 contrahentibus
1443 1023 1564 1098 per
1597 1013 1901 1071 mutuum
1952 1021 2359 1070 consensum
2408 995 2721 1071 effectum
2755 1015 2863 1072 est

625 1115 924 1213 coniugii
976 1130 1495 1189 sacramentum.
1589 1117 1597 1126 ‘

774 1233 1121 1306 Praeterea
1161 1230 1365 1302 iidem
1402 1253 1566 1302 rom.
1610 1227 1966 1328 pontifices
2000 1226 2359 1313 interdum,
2389 1227 2486 1301 ita
2519 1229 2860 1328 poscenti·-

623 1346 755 1420 bus
794 1373 1015 1421 rerum
1050 1344 1475 1419 difficillimis
1508 1343 1846 1417 adiunctis
1868 1399 1885 1428 ,
1928 1341 2350 1416 indulserunt
2372 1399 2388 1430 ,
2429 1358 2536 1427 ut,
2578 1342 2858 1416 absente

618 1461 967 1536 sacerdote
988 1519 1003 1547 ,
1060 1459 1167 1533 vel
1216 1485 1369 1532 cum
1422 1483 1557 1542 non
1606 1458 1758 1531 sine
1807 1456 2061 1554 ingenti
2113 1457 2409 1556 periculo
2461 1473 2722 1556 pateret
2769 1458 2854 1532 ad

621 1576 846 1675 ipsum
909 1598 1226 1648 accessus
1249 1631 1266 1660 ,
1332 1589 1612 1672 possent
1672 1571 1904 1646 fideles
1963 1597 2199 1646 coram
2249 1572 2513 1647 duobus
2563 1573 2852 1648 testibus

620 1688 806 1761 licite
856 1687 1028 1761 inire
1075 1687 1498 1786 coniugium,
1550 1702 1745 1787 prout
1793 1686 2225 1760 constitutum
2262 1704 2367 1761 est
2397 1712 2521 1786 pro
2553 1687 2852 1762 malaba-

617 1802 758 1876 rica
807 1802 1154 1901 provincia
1204 1829 1317 1876 an.
1354 1804 1568 1874 1669.
1601 1803 1715 1875 die
1757 1804 1873 1874 30.
1907 1801 2092 1875 maii.
2127 1803 2851 1902 Proposito-praeterea

614 1916 823 1991 dubio
849 1916 937 1990 de
960 1915 1293 1992 celebrato
1339 1917 1766 1990 matrimonio
1815 1915 2077 2016 absque
2120 1915 2588 1992 benedictione
2624 1943 2849 1991 sacer-

622 2030 799 2106 dotis
820 2089 836 2119 ,
887 2033 1006 2132 qui
1061 2048 1218 2105 tunc
1266 2031 1500 2105 haberi
1552 2056 1689 2106 non
1739 2046 2029 2130 poterat,
2070 2057 2156 2104 an
2191 2032 2548 2108 conveniat
2575 2058 2700 2105 nec
2732 2058 2842 2118 ne,

621 2161 694 2220 ut
736 2149 1038 2247 praefata
1085 2146 1463 2221 benedictio
1504 2164 1740 2247 postea
1783 2145 2224 2246 suppleatur?
2248 2147 2305 2219 A
2337 2148 2850 2247 congregatione

620 2287 743 2359 pro
793 2263 1080 2362 negotiis
1130 2261 1457 2337 ecclesiae
1521 2261 1890 2359 gallicanae
1938 2260 2324 2362 specialiter
2370 2263 2690 2362 deputata
2740 2261 2852 2336 die

623 2377 741 2448 22.
784 2377 1023 2476 aprilis
1064 2379 1278 2449 1795.
1314 2402 1716 2479 responsum
1757 2392 1895 2464 est,
1924 2392 2000 2449 ut
2029 2376 2362 2464 vidimus,
2408 2392 2483 2449 ut
2514 2377 2576 2452 si
2616 2375 2851 2452 fideles

619 2517 771 2565 eam
819 2491 1170 2591 petierint,
1231 2515 1433 2590 posse
1486 2490 1764 2592 quidem
1807 2491 2061 2567 eisdem
2110 2489 2299 2579 dari,
2357 2490 2451 2566 ita
2498 2507 2724 2567 tamen
2770 2510 2846 2566 ut

620 2607 1137 2679 admonerentur
1177 2605 1363 2679 illam
1400 2605 1490 2677 ad
1520 2606 1935 2680 validitatem
1968 2609 2378 2680 matrimonii
2404 2609 2670 2681 minime
2692 2634 2847 2707 per-

617 2722 840 2793 tinere.
882 2719 1218 2805 Quorsum
1269 2744 1428 2794 vero
1479 2720 1816 2794 eiusmodi
1868 2721 2268 2809 admonitio,
2318 2724 2378 2797 si
2428 2724 2851 2798 censuissent

617 2834 969 2933 pontifices
1019 2832 1204 2907 illam
1256 2833 1793 2910 benedictionem
1846 2853 2098 2936 partem
2149 2837 2584 2913 essentialem
2619 2862 2838 2913 sacra·

617 2947 819 3021 menti
871 2948 1334 3023 constituere?
1414 2952 1417 2957 ”
1501 2979 1531 3013 ‘2
1577 3006 1585 3013 .

755 3063 1035 3138 Silentio
1077 3082 1428 3164 praetereo
1453 3082 1825 3141 ceterorum
1865 3068 2250 3168 pontificum
2297 3083 2448 3142 acta
2468 3124 2485 3154 ,
2537 3069 2842 3143 nomina-

611 3179 730 3252 tim
773 3204 930 3254 vero
967 3179 1069 3251 Pii
1094 3181 1264 3252 vm.
1290 3180 1586 3278 Gregorii
1611 3182 1780 3254 XVI.
1815 3208 1896 3256 ac
1929 3181 2027 3254 Pii
2065 3183 2175 3254 lx.
2209 3210 2385 3283 quae
2406 3183 2638 3259 omnia
2673 3183 2841 3256 inid

610 3293 1034 3392 conspirant,
1077 3311 1152 3368 ut
1185 3294 1517 3370 sentiendi
1581 3297 1937 3384 rationem,
1979 3322 2152 3396 quae
2189 3298 2370 3396 apud
2406 3297 2843 3399 apostolicam

610 3408 838 3483 sedem
878 3408 1166 3498 obtinet,
1225 3410 1798 3509 patefacias-hae
1840 3437 2045 3511 super
2087 3436 2194 3499 re,
2244 3437 2484 3511 nempe
2533 3412 2620 3486 de
2673 3412 2842 3488 solis

608 3524 1160 3598 contrahentibus
1194 3524 1401 3600 huius
1430 3523 1825 3600 sacramenti
1857 3527 2212 3601 ministris.
2248 3527 2372 3601 His
2408 3527 2613 3625 igitur
2633 3530 2840 3604 omis-

610 3638 710 3711 sis
761 3664 846 3712 ne
897 3637 1166 3737 longius
1226 3666 1363 3713 rem
1415 3640 1802 3739 protraham
1832 3697 1848 3727 ,
1909 3640 2078 3714 satis
2130 3639 2295 3713 mihi
2346 3641 2474 3715 erit
2522 3640 2679 3715 heic
2726 3668 2837 3715 ur·

611 3805 883 3856 acatholica
916 3808 1167 3873 assistere,
1199 3810 1446 3873 satagant,
1472 3810 1528 3860 ut
1546 3823 1600 3861 se
1620 3822 1754 3860 mere
1771 3811 1961 3873 passive
1979 3810 2215 3870 habeant,
2238 3811 2389 3874 atque
2407 3812 2659 3875 tamquam
2693 3809 2832 3860 inviti

614 3881 817 3933 audiant
831 3883 1090 3938 dumtaxat
1105 3889 1361 3952 utriusque
1371 3901 1659 3939 consensum
1672 3905 1687 3950 ;
1709 3890 2046 3939 verumtamen
2066 3888 2341 3941 abstineant
2359 3890 2562 3940 omnino
2573 3902 2603 3940 a
2614 3887 2836 3953 precibus

609 3962 900 4026 recitandis,
928 3979 964 4016 a
990 3966 1340 4020 bendictione
1372 3968 1722 4033 impertienda
1738 4005 1754 4032 ,
1791 3970 1938 4032 atque
1959 3968 2022 4019 ab
2048 3968 2184 4019 omni
2206 3970 2305 4020 alio
2319 3969 2553 4020 ecclesiae
2572 3969 2671 4020 ritu
2696 3966 2830 4020 adhi-

606 4042 820 4173 benda:
836 4042 894 4093 ld
915 4043 1076 4108 ipsum
1096 4047 1352 4098 constituit
1372 4047 1492 4098 Pius
1511 4050 1646 4099 vlu.
1668 4048 1719 4099 in
1743 4048 1886 4099 Brevi
1909 4054 1986 4100 25.
2011 4050 2156 4099 Mart.
2184 4055 2324 4113 18³0,
2344 4052 2402 4100 ut
2420 4051 2611 4101 ceteros
2632 4049 2836 4113 prseter-

613 4135 681 4172 ω.
757 4200 900 4261 Quod
920 4214 1039 4253 vcro
1061 4217 1184 4255 rom.
1206 4207 1459 4270 pontifices
1480 4208 1691 4259 habeant
1713 4208 1784 4259 uti
1804 4219 1918 4257 vers
1934 4211 2237 4260 sacramenta
2254 4207 2495 4259 einstnodt
2517 4208 2764 4272 coniugis,
2778 4221 2837 4259 ex

609 4296 668 4333 eo
691 4284 852 4349 patet,
877 4282 1012 4347 quod
1033 4284 1213 4336 Bened.
1235 4289 1365 4338 mv.
1392 4289 1442 4339 tn
1464 4289 1551 4339 cit.
1574 4287 1938 4350 Dectsnuone,
1961 4288 2148 4352 alitque
2169 4302 2394 4353 expresse
2410 4302 2470 4339 es
2487 4291 2667 4339 vocent
2683 4290 2842 4339 sacri·

606 4363 780 4428 leynam
796 4363 1086 4417 vinculum.
1101 4368 1210 4424 Qus
1223 4380 1340 4419 vero
1360 4370 1546 4420 ratione
1564 4371 1726 4433 posset
1742 4368 1840 4419 dici
1857 4369 2149 4434 sacrttequs
2165 4383 2326 4423 mertis
2344 4370 2505 4423 civilis
2522 4370 2834 4424 contractus?
