3276 5083
785 457 921 507 cn.
957 454 1459 505 tirrannum.
1504 454 1727 505 emus
1780 431 1958 504 tuce.
2003 454 2141 503 Aur.
2190 455 2235 503 ι.
2482 431 2617 501 297

553 578 812 649 Primus
855 573 1104 671 gradus
1127 631 1142 658 ,
1185 573 1254 643 in
1290 598 1424 671 quo
1461 597 1612 645 sese
1663 572 1791 670 ipsi
1817 570 2253 644 collocarunt
2285 586 2361 643 ut
2393 570 2458 641 id
2495 572 2614 644 ob-

405 695 727 777 tinerent,
771 690 894 763 fuit
941 688 1058 761 illa
1087 746 1103 774 ‚
1154 713 1356 786 quam
1409 686 1826 759 tolerantiam
1876 686 2320 759 universalem
2358 712 2437 758 ac
2470 712 2621 758 con-

408 806 728 880 scientiae
766 804 1135 876 libertatem
1177 817 1446 887 vocant,
1488 816 1821 899 quatenus
1873 826 2227 899 supremus
2279 799 2619 897 legislator

408 920 849 1018 adstringitur
896 943 1129 991 omnes
1180 942 1261 989 ex
1311 942 1561 1015 aequo,
1602 941 1683 989 ac
1719 913 2306 988 indiscriminatim
2357 912 2622 988 confes-

408 1038 633 1111 siones
670 1035 797 1108 sub
834 1032 1201 1133 patrocinio
1253 1057 1378 1104 suo
1429 1031 1725 1129 recipere
1773 1047 1975 1129 atque
2026 1031 2227 1102 tutari
2256 1087 2272 1116 ,
2329 1029 2499 1103 adeo
2548 1047 2624 1102 ut

408 1153 554 1253 pari
590 1151 787 1224 modo
822 1164 1076 1247 spectet
1109 1147 1568 1245 anabaptistas
1589 1203 1606 1232 ,
1664 1161 2109 1245 protestantes
2136 1202 2153 1231 ,
2209 1145 2576 1218 catholicos
2599 1202 2616 1231 ,

408 1266 684 1339 iudaeos
709 1281 837 1337 etc.
871 1261 1233 1335 dummodo
1267 1261 1512 1333 civium
1550 1259 1787 1332 munia
1822 1260 1948 1332 rite
1981 1258 2246 1332 obeant.
2281 1258 2405 1332 Ubi
2443 1258 2624 1331 hunc

410 1380 695 1478 primum
760 1376 1040 1473 gradum
1108 1373 1556 1447 ascenderunt
1608 1373 1805 1445 facile
1864 1373 1964 1445 eis
2025 1372 2151 1446 ruit
2207 1374 2291 1446 ad
2343 1373 2624 1447 alterum

412 1493 810 1591 transgredi,
851 1492 1030 1592 quod
1069 1490 1326 1564 scilicet
1360 1488 1697 1588 legislatio
1749 1490 2026 1587 sapiens
2062 1514 2142 1562 ac
2177 1489 2473 1588 prudens
2509 1488 2625 1561 de-

410 1610 563 1683 beat
609 1608 880 1682 omnino
922 1608 991 1679 in
1028 1607 1317 1680 subditis
1353 1604 1743 1679 abstrahere
1777 1603 1865 1677 ab
1898 1604 2223 1678 elemento
2278 1604 2618 1700 religioso.

411 1723 575 1796 Cum
626 1748 783 1796 vero
827 1721 1062 1818 religio
1111 1720 1497 1793 relationem
1546 1719 1798 1792 babeat
1830 1718 1917 1791 ad
1952 1719 2207 1803 Deum,
2264 1718 2503 1792 exinde
2539 1719 2625 1792 ad

412 1838 677 1911 tertium
711 1836 991 1932 gradum
1029 1851 1300 1907 ventum
1348 1848 1450 1907 est
1482 1890 1499 1919 ,
1554 1849 1629 1906 ut
1679 1832 1937 1906 scilicet
1986 1832 2502 1930 praescindatur
2553 1833 2622 1904 in

411 1950 556 2047 lege
588 1978 632 2023 a
663 1951 803 2023 Deo
854 1950 1043 2047 ipso,
1099 1974 1181 2021 ex
1230 1973 1367 2046 qua
1419 1946 1692 2045 periodo
1742 1972 1865 2019 nec
1897 1946 2019 2018 Dei
2058 1972 2297 2020 nomen
2332 1947 2623 2047 amplius

417 2065 739 2136 insertum
765 2063 832 2134 in
870 2061 1100 2134 codice
1132 2076 1272 2151 est,
1314 2085 1531 2158 neque
1565 2087 1646 2133 ex
1679 2060 1800 2132 Dei
1838 2060 2107 2134 nomine
2141 2076 2207 2133 et
2238 2062 2629 2136 auctoritate

417 2178 600 2273 leges
651 2191 963 2249 statutae.

564 2292 710 2365 Huc
750 2291 1043 2364 humana
1076 2317 1155 2364 ac
1190 2297 1450 2364 terrena
1491 2292 1825 2392 sapientia
1850 2320 2056 2393 quum
2081 2294 2358 2377 venerit,
2398 2317 2630 2365 omnes

416 2433 612 2485 curas
665 2432 745 2479 ac
794 2405 1020 2481 studia
1068 2405 1394 2479 convertit
1433 2407 1519 2478 ad
1563 2407 1963 2480 industriam
1987 2465 2002 2494 ,
2043 2406 2514 2482 commercium
2552 2431 2632 2478 ac

418 2522 812 2622 temporalia
861 2521 1210 2596 commoda
1258 2522 1455 2595 unice
1506 2522 1934 2623 provehenda
1969 2580 1986 2610 ,
2045 2522 2207 2622 quin
2258 2520 2361 2595 vel
2413 2520 2629 2594 hilum

418 2637 618 2712 saciat
664 2636 1016 2738 spirituale
1064 2636 1310 2709 civium
1369 2636 1653 2725 bonum,
1719 2637 1822 2710 vel
1883 2637 1968 2710 de
2018 2664 2098 2711 eo
2156 2637 2246 2710 sit
2296 2635 2630 2723 sollicita,

415 2753 595 2853 quod
629 2752 734 2826 vel
774 2751 1098 2852 praecipit
1132 2752 1235 2824 vel
1275 2768 1454 2827 vetat
1485 2752 1859 2826 christiana
1895 2751 2154 2850 religio.
2190 2751 2367 2838 Quin
2403 2753 2630 2850 potius

416 2897 562 2944 eam
590 2895 721 2943 non
749 2869 953 2943 semel
983 2886 1323 2969 tamquam
1363 2869 1785 2944 obstaculum
1831 2885 2092 2968 spectat
2131 2869 2431 2968 supremi
2471 2867 2630 2941 boni

421 2984 487 3053 in
540 2982 648 3054 his
701 2984 894 3055 terris
946 2984 1435 3057 assecutionem
1486 2984 1865 3082 impediens
1892 3041 1908 3070 ,
1949 2982 2167 3056 eidem
2201 2983 2449 3056 bellum
2487 2984 2633 3057 sive

420 3095 751 3170 occultum
811 3095 955 3167 sive
1019 3114 1319 3193 apertum
1382 3097 1622 3170 indixit
1669 3098 1756 3171 ad
1809 3097 1975 3172 illud
2029 3097 2498 3171 removendum
2551 3123 2633 3170 ac

425 3211 692 3308 penitus
746 3207 1254 3282 eliminandum.
1287 3209 1454 3282 Cum
1506 3229 1730 3284 autem
1782 3211 2128 3300 catholici,
2171 3227 2370 3310 prout
2401 3209 2489 3283 ab
2522 3236 2633 3283 ec-

422 3326 628 3399 clesia
676 3324 892 3398 edocti
928 3338 1086 3398 sunt
1107 3379 1123 3410 ,
1169 3349 1557 3423 supremum
1608 3325 1857 3416 bonum
1898 3350 2096 3399 suum
2132 3352 2264 3400 non
2301 3326 2370 3397 in
2405 3325 2624 3410 terris,

421 3438 541 3512 sed
593 3440 661 3510 in
712 3438 922 3513 coelis
990 3427 1357 3537 repositum
1422 3463 1579 3513 esse
1635 3438 1952 3526 credant3
2021 3437 2324 3538 illudque
2375 3464 2511 3513 non
2562 3439 2631 3509 in

418 3553 556 3626 vita
609 3553 867 3650 fugacis
922 3552 1240 3652 temporis
1291 3552 1496 3627 huius
1519 3611 1535 3642 ,
1576 3552 1699 3627 sed
1734 3553 1804 3625 in
1840 3553 2050 3627 altera
2097 3579 2315 3653 eaque
2362 3569 2632 3627 aeterna

420 3668 693 3767 assequi
746 3667 1154 3742 contendant
1178 3726 1194 3755 ,
1236 3695 1436 3743 secus
1472 3696 1553 3743 ac
1587 3669 1715 3756 illi,
1756 3670 1875 3769 qui
1909 3695 2099 3768 spem
2152 3695 2284 3743 non
2337 3668 2587 3741 habent
2611 3726 2628 3756 ,

420 3783 677 3882 quique
729 3783 846 3856 toti
896 3784 1332 3859 effunduntur
1381 3785 1451 3857 in
1502 3785 1931 3859 terrestribus
1981 3783 2177 3859 bonis
2228 3785 2429 3857 unice
2479 3809 2633 3882 pro-¹

422 3897 790 3997 sequendis
844 3923 1266 3997 quocumque
1315 3898 1587 3971 demum
1640 3899 1982 3999 praesidio
2020 3899 2088 3972 id
2134 3898 2432 3998 possint;
2474 3896 2635 3972 hinc

423 4011 807 4087 necessario
860 4011 969 4097 fit,
1012 4028 1088 4085 ut
1126 4010 1668 4112 pseudo—politici
1721 4012 2123 4099 catholicos,
2184 4029 2510 4113 quantum
2565 4012 2633 4084 in

421 4231 455 4281 ίΙ
478 4234 790 4284 matrimonio
806 4232 1145 4284 nell'assoluto
1165 4233 1368 4285 arbitrio
1387 4233 1466 4286 dcl
1489 4236 1657 4299 potere
1673 4236 1819 4286 civile
1832 4272 1847 4299 ,
1871 4236 2121 4287 luctando
2140 4236 2188 4286 la
2206 4236 2371 4286 chiesa
2392 4234 2470 4285 ncl
2491 4234 2640 4284 fondo

426 4311 505 4362 de!
532 4316 780 4365 cantuario
799 4314 833 4365 il
854 4314 1207 4378 contemplatio
1221 4328 1251 4365 e
1270 4314 1546 4380 beneditio,
1567 4330 1619 4366 ae
1638 4329 1700 4368 ne
1723 4316 1850 4368 fosse
1871 4316 2113 4368 richioeta.
2135 4337 2158 4360 σι
2175 4318 2480 4369 Isttmztont
2503 4313 2640 4366 delle

429 4388 561 4453 1099!
582 4392 732 4444 ctvtlt
752 4394 842 4445 nel
861 4406 1021 4456 reqno
1045 4393 1105 4462 dt
1127 4392 1334 4459 Napata.
1362 4395 1533 4459 napoli
1564 4402 1697 4446 1853.
1729 4396 1830 4447 vol.
1855 4398 1893 4445 1.
1916 4408 2027 4462 pag.
2054 4400 2140 4447 294
2162 4409 2266 4461 seq.
