3276 5083
584 482 587 483 f
698 439 785 508 18
1081 458 1204 509 us.
1249 458 1294 509 ι.
1337 457 1509 510 sscr.
1553 458 1600 509 ι.
1645 459 1725 509 ns
1774 459 2038 512 ιιι-ιιιιι.
2081 458 2507 511 ειοιιιικκτο.

690 577 777 650 ad
812 574 1313 649 matrimonium
1338 633 1354 663 ,
1396 576 1465 647 in
1502 600 1641 673 qua
1674 574 1951 653 docetur
1998 575 2296 674 nuptiale
2345 596 2478 649 non
2529 574 2744 649 fuisse
2775 594 2927 676 my-

690 692 968 794 sterium
1019 693 1198 788 (54),
1225 720 1262 762 s
1317 716 1495 791 quae
1542 712 1785 790 nempe
1835 717 1968 764 non
2018 690 2219 764 fuerit
2266 689 2563 787 legitimo
2605 689 2926 788 coniugio

687 809 937 884 iuncta.
974 808 1089 882 Sic
1134 808 1336 903 etiam
1387 807 1644 906 passim
1693 806 1928 881 eadem
1976 804 2182 881 habet
2227 833 2287 879 s.
2330 804 2783 903 Augustinus,
2821 809 2922 881 uti

685 946 841 998 cum
891 923 1167 998 scribit:
1204 950 1264 1007 (α
1288 922 1412 996 Per
1460 921 1588 995 hoc
1636 947 1798 1019 ergo
1847 921 2173 997 Dominus
2231 921 2552 997 invitatus
2601 922 2784 996 venit
2831 922 2921 998 ad

688 1039 958 1139 nuptias
981 1092 998 1125 ,
1037 1053 1115 1110 ut
1145 1035 1516 1138 coniugalis
1563 1036 1840 1109 castitas
1891 1048 2268 1110 servaretur
2288 1093 2305 1121 ‚
2345 1050 2416 1109 et
2455 1035 2923 1111 ostenderetur

682 1155 1561 1252 sacromenttmnuptiorum
1596 1155 1779 1248 (55).
1805 1182 1841 1222 a
1881 1153 1966 1226 Et
1998 1153 2262 1226 iterum:
2306 1181 2343 1222 α
2368 1153 2445 1224 ln
2478 1151 2773 1250 nuptiis,
2811 1152 2919 1225 in-

683 1268 834 1369 quit
853 1323 870 1356 ‚
925 1268 1104 1343 bona
1153 1267 1484 1368 nuptialia
1533 1268 1899 1366 diligantur
1959 1267 2183 1366 proles
2205 1324 2223 1354 ,
2281 1265 2453 1341 fides
2473 1324 2490 1355 ,
2543 1291 2916 1342 sacramen—

686 1399 822 1457 tum
875 1387 1055 1480 (56);
1090 1414 1127 1455 s
1182 1400 1250 1458 et
1306 1383 1512 1471 alibi,
1566 1399 1647 1457 ut
1693 1398 2130 1482 contraponat
2190 1404 2604 1481 paganorum
2654 1384 2915 1483 nuptiis

682 1499 958 1598 nuptias
991 1499 1425 1587 christianas,
1454 1497 1728 1572 scribit:
1767 1498 1886 1569 «In
1912 1497 2430 1572 christianarum
2464 1498 2721 1597 nuptiis
2755 1498 2914 1598 plus

680 1613 860 1687 valet
904 1616 1223 1687 sanctitas
1269 1615 1667 1687 sacramen·
1679 1668 1698 1697 ,
1740 1639 1946 1712 quam
1995 1612 2413 1686 foecunditas
2446 1613 2616 1687 uteri
2655 1615 2835 1709 (57).
2867 1644 2908 1686 s

678 1728 775 1802 Ac
822 1730 1061 1803 ceteris
1111 1726 1443 1804 eiusmodi
1495 1727 1986 1829 praetermissis
2002 1785 2019 1816 ,
2062 1728 2196 1801 duo
2230 1745 2390 1802 sunt
2426 1728 2809 1803 testimonia
2837 1729 2914 1802 in

679 1842 932 1943 quibus
979 1841 1130 1918 eius
1179 1867 1373 1918 mens
1421 1843 1509 1917 de
1558 1843 1959 1917 sacramenti
2024 1841 2227 1915 huius
2289 1841 2568 1917 veritate
2625 1842 2916 1919 maxime

679 1955 949 2058 patefit,
992 1982 1073 2032 ac
1110 1982 1358 2033 sensus
1406 1959 1477 2031 in
1528 1980 1665 2058 quo
1714 1958 1864 2057 ipse
1911 1957 2314 2059 sacramenti
2360 1983 2594 2033 vocem
2626 1977 2916 2059 usurpat

678 2094 889 2172 agens
923 2074 1012 2148 de
1042 2074 1357 2173 coniugio
1388 2073 1784 2148 christiano.
1843 2073 2136 2146 Primum
2170 2088 2309 2159 est,
2352 2071 2469 2147 uhi
2503 2074 2912 2150 matrimonii

676 2205 1173 2264 sacramentum
1223 2189 1482 2263 confert
1527 2212 1682 2261 cum
1725 2204 2144 2261 sacramento
2191 2184 2510 2286 baptismi
2562 2188 2905 2263 scribens:

682 2328 720 2373 a
745 2303 1079 2390 Quoniam
1112 2326 1280 2378 sane
1329 2328 1464 2377 non
1515 2318 1773 2377 tantum
1822 2300 2242 2376 foecunditas
2263 2358 2281 2388 ,
2322 2301 2517 2375 cuius
2551 2300 2810 2378 frucms
2844 2303 2915 2377 in

676 2418 865 2518 prole
898 2437 1036 2507 θοις
1078 2442 1204 2493 neo
1235 2434 1496 2493 tantum
1551 2416 1876 2517 pudicitia
1896 2473 1913 2498 ,
1955 2416 2149 2490 cuius
2180 2413 2525 2490 vinculum
2558 2435 2665 2491 est
2696 2415 2908 2506 fidem

673 2557 909 2608 verum
944 2535 1147 2608 etiam
1182 2533 1510 2632 quoddam
1541 2547 2017 2606 sacramentum
2056 2532 2436 2630 nuptiarum
2482 2532 2911 2607 commenda·

678 2667 786 2723 tur
831 2649 1135 2749 fidelibus-
1181 2647 1561 2746 ooniugatis
1596 2706 1610 2720 .
1649 2707 1663 2720 .
1698 2706 1710 2719 .
1755 2647 1972 2721 Huius
2024 2646 2467 2747 proculdubio
2521 2652 2917 2722 sacramenti

676 2787 786 2840 res
835 2768 975 2853 σοι.
1031 2781 1108 2837 ut
1154 2786 1303 2838 mas
1353 2781 1420 2839 et
1467 2765 1766 2839 foemina·
1809 2761 2144 2838 connubio
2194 2761 2526 2863 copulati,
2581 2762 2908 2862 quamdiu

672 2881 932 2966 vivunt,
965 2880 1494 2978 inseparabiliter
1525 2895 1972 2979 perseverent.
2007 2936 2021 2949 .
2058 2936 2070 2949 .
2105 2878 2205 2950 Ita
2230 2893 2458 2952 manet
2488 2878 2662 2951 inter
2693 2877 2919 2954 viven-

673 3012 774 3071 tes
807 2995 1133 3096 quiddam
1168 2995 1520 3094 coniugale
1541 3054 1557 3084 ,
1587 2996 1770 3096 quod
1807 3021 1930 3069 nec
1965 2993 2338 3093 separatio,
2371 3019 2499 3067 nec
2523 3019 2675 3068 cum
2701 2994 2911 3070 altero

671 3111 1008 3210 copulatio
1054 3113 1274 3212 possit
1306 3113 1603 3185 auferre:
1645 3127 1871 3185 manet
1903 3125 2127 3185 autem
2160 3108 2246 3182 ad
2281 3134 2523 3183 noxam
2556 3110 2896 3196 criminis,

672 3249 804 3302 non
856 3228 943 3302 ad
993 3228 1336 3303 vinculum
1402 3227 1692 3303 foederis
1717 3284 1733 3315 ,
1792 3227 1971 3301 sicut
2026 3240 2371 3325 apostatae
2434 3226 2661 3300 anima
2714 3225 2899 3299 velut

669 3343 756 3417 de
803 3343 1116 3443 coniugio
1164 3343 1415 3419 Christi
1466 3343 1785 3418 recedens
1808 3400 1825 3430 ,
1882 3343 2084 3415 etiam
2135 3340 2268 3414 fide
2318 3340 2575 3440 perdita
2599 3397 2615 3428 ,
2675 3365 2902 3415 sacra—

668 3475 964 3535 mentum
1032 3457 1188 3534 fidei
1254 3485 1387 3534 non
1454 3459 1735 3548 amittit,
1803 3458 1983 3558 quod
2048 3457 2313 3532 lavacro
2376 3458 2900 3554 regenerationis

669 3576 929 3677 accepit
968 3573 1147 3673 (58).
1179 3603 1213 3646 n
1256 3574 1549 3649 Alterum
1599 3591 1707 3648 est
1754 3574 1920 3647 illud
1972 3574 2040 3646 in
2092 3599 2227 3673 quo
2276 3571 2664 3669 coniugium
2718 3598 2899 3647 com·-

671 3705 865 3789 parat
911 3717 1064 3766 cum
1116 3707 1531 3765 sacramento
1579 3688 2048 3764 ordinationis.
2090 3688 2351 3762 Etenim
2399 3703 2759 3788 postquam
2791 3688 2899 3762 di-

667 3808 913 3893 xisset,
952 3824 1030 3881 ut
1060 3808 1435 3895 retulimus,
1473 3833 1508 3876 α
1530 3808 1785 3880 Bonum
1822 3806 2205 3905 nuptiarum
2240 3830 2361 3904 per
2392 3830 2626 3880 omnes
2658 3820 2891 3903 gentes

808 4021 911 4084 (54)
942 4020 1095 4085 Epist.
1119 4018 1442 4072 chV11.ad
1462 4021 1736 4071 Rusticum
1752 4019 2062 4070 narbonens.
2084 4019 2236 4082 episc.
2257 4017 2307 4068 ln
2331 4031 2455 4084 resp.
2474 4018 2537 4070 ad
2557 4016 2777 4080 inquisit.
2798 4017 2884 4067 lv.

663 4102 741 4152 ed.
767 4100 998 4152 Ballerlu.
1021 4102 1142 4151 tom.
1167 4103 1208 4151 1.
1231 4101 1327 4152 col.
1356 4102 1494 4153 1422.

811 4181 913 4243 (55)
950 4183 1122 4232 Τνασί.
1143 4183 1227 4231 lx.
1254 4182 1304 4231 ίιι
1332 4183 1405 4232 lo.
1427 4194 1480 4232 ιι.
1507 4189 1552 4232 2.

811 4262 912 4324 (56)
944 4261 1050 4313 Lib.
1077 4262 1116 4311 1.
1147 4261 1224 4312 De
1246 4263 1396 4325 nupt.
1429 4264 1480 4312 et
1509 4264 1800 4325 concupisc.
1827 4274 1872 4309 c.
1897 4260 2024 4310 XVI.
2046 4270 2095 4310 n.
2123 4266 2196 4310 19.

807 4342 908 4406 (57)
940 4340 1048 4393 Lib.
1080 4344 1156 4392 De
1180 4341 1310 4393 bono
1330 4341 1598 4405 contuqalt
1628 4354 1674 4392 c.
1700 4341 1873 4391 xvlll.
1906 4352 1955 4389 n.
1989 4346 2064 4390 21.

808 4423 910 4489 (58)
942 4421 1050 4475 Lib.
1077 4423 1115 4473 1.
1148 4424 1224 4473 Dc
1255 4423 1403 4485 nupt.
1426 4434 1470 4471 e.
1496 4427 1557 4472 x.
1578 4434 1627 4470 n.
1660 4428 1732 4472 ιι.
