3276 5083
640 443 724 516 40
1052 464 1262 515 mar.
1307 462 1477 514 secr.
1521 463 1682 512 1.·1111
1717 463 1977 513 narnia.
2013 459 2436 511 sacmusaro.

635 584 704 654 in
756 580 925 654 libro
975 581 1072 653 De
1127 582 1283 652 bono
1335 568 1698 678 coniuqali,
1750 579 2243 652 matrimonium
2278 598 2600 650 nonesse
2634 599 2863 648 sacra·-

634 711 929 771 mentum
981 696 1232 769 nisissin
1284 694 1550 767 Christo
1599 711 1666 767 et
1712 695 1780 766 in
1830 682 2112 768 ecclesia
2153 693 2377 787 (101).

777 810 874 882 Ex
925 836 1061 909 qua
1119 825 1453 909 postrema
1516 806 2093 881 animadversione
2121 846 2126 853 ·
2154 805 2354 878 etiam
2418 802 2860 899 intelligimus

635 952 691 998 s.
751 926 1197 1022 Augustinum
1248 925 1641 995 sacramenti
1683 947 1915 995 vocem
1939 979 1954 1009 ,
2012 946 2165 994 cum
2223 920 2360 1016 agit
2408 918 2494 990 de
2542 917 2856 1013 coniugio

633 1041 1149 1115 christianorum
1172 1097 1188 1126 ,
1230 1065 1363 1112 non
1398 1038 1616 1112 latiori
1654 1038 2174 1135 significatione,
2214 1052 2290 1108 ut
2320 1033 2657 1107 contendit
2688 1033 2854 1105 Vas-

630 1157 911 1256 quezius
965 1156 1160 1250 (102)
1185 1196 1227 1241 ,Α
1255 1154 1373 1227 sed
1409 1180 1644 1253 presse
1678 1179 2046 1261 usurpasse
2088 1152 2175 1224 ad
2214 1148 2851 1248 verum-proprium-

635 1296 767 1368 que
816 1285 1302 1343 sacramentum
1353 1266 1883 1366 exprimendum.
1928 1266 2189 1338 Etenim
2226 1279 2484 1362 praeter
2531 1262 2854 1335 inelucta-

632 1382 768 1456 bile
834 1399 1296 1481 argumentum
1359 1383 1449 1455 de
1505 1381 1837 1455 locutione
1878 1396 2166 1478 patrum
2233 1379 2415 1451 iuxta
2444 1377 2857 1475 -analogiam

635 1498 789 1571 fidei
829 1499 897 1570 in
935 1498 1221 1571 eeclesia
1268 1498 1587 1594 vigentis,
1630 1498 1699 1568 id
1735 1496 2140 1594 patefaciunt
2172 1494 2374 1568 verba
2419 1493 2571 1592 ipsa
2622 1520 2682 1565 s.
2723 1493 2858 1565 Do-

634 1615 843 1693 ctoris
872 1611 1122 1711 quibus
1164 1613 1745 1709 contradistinguit
1793 1611 2287 1685 matrimonium
2341 1609 2856 1682 christianorum

633 1726 1061 1822 et-coniugia
1110 1726 1526 1800 ethnicorum
1561 1727 1830 1799 dicens:
1879 1756 1913 1795 «
1939 1725 2318 1817 incivitate
2350 1724 2474 1794 Dei
2509 1724 2745 1809 nostri,
2786 1722 2855 1793 in

635 1858 858 1915 monte
908 1858 1140 1916 saneto
1170 1842 1373 1928 -eius,
1431 1842 1560 1917 hoc
1609 1859 1749 1928 est,
1809 1843 1878 1913 in
1930 1841 2247 1926 ecclesia,
2296 1838 2412 1911 ubi
2473 1838 2856 1936 nuptiarum

634 1983 767 2031 non
819 1956 1035 2031 solum
1086 1956 1424 2031 vinculum
1445 2014 1460 2042 ‚
1502 1983 1731 2030 verum
1781 1957 1983 2030 etiam
2032 1970 2505 2028 sacramentum
2546 1954 2638 2027 ita
2679 1979 2856 2026 com-

634 2072 984 2146 mendatur
1038 2074 1263 2168 (103).
1303 2102 1338 2142 »
1399 2071 1590 2158 Quod
1651 2072 1922 2172 quidem
1985 2069 2323 2145 vinculum
2389 2067 2858 2142 indissolubile

635 2186 795 2261 alibi
826 2204 1020 2261 vocat
1049 2214 1187 2260 rem
1217 2190 1609 2261 sacramenti
1648 2189 1840 2283 (104)
1866 2245 1882 2273 ,
1924 2213 2043 2260 seu
2077 2186 2383 2260 effectum
2419 2187 2853 2270 sacramenti,

781 2396 915 2459 (101)
948 2396 1068 2446 Eius
1097 2395 1377 2446 testimonia
1406 2394 1554 2458 paulo
1584 2395 1697 2458 post
1727 2394 2006 2444 referemus.

782 2476 918 2537 (102)
952 2478 1009 2525 in
1032 2478 1195 2526 Tract.
1221 2478 1298 2524 De
1317 2486 1544 2525 sacram.
1565 2476 1799 2523 matrim.
1819 2473 1945 2536 disp.
1965 2481 2011 2522 2.
2028 2486 2136 2537 cap.
2158 2479 2204 2523 5.
2224 2472 2271 2536 ς.
2296 2479 2373 2524 82.
2398 2472 2552 2522 Cuius
2573 2471 2725 2522 verba
2743 2472 2865 2522 baec

641 2556 787 2605 sunt:
823 2557 1140 2617 «Postquam
1176 2554 1365 2616 singula
1408 2554 1518 2604 loca
1558 2553 1815 2617 Augustini
1857 2554 2037 2617 perlegi
2058 2590 2074 2615 ,
2107 2555 2159 2603 et
2187 2556 2369 2604 attente
2397 2552 2703 2604 cosmideravi
2735 2566 2864 2603 anno

639 2633 836 2685 Domini
880 2640 1016 2684 1588.
1044 2633 1299 2683 manifeste
1331 2632 1629 2696 deprehendi
1661 2633 1823 2696 ipsum
1855 2646 1954 2683 non
1985 2633 2120 2697 loqui
2153 2633 2215 2684 de
2244 2636 2546 2684 sacramento
2578 2634 2791 2697 proprie.
2812 2670 2858 2685 ..

638 2712 724 2762 sed
755 2711 817 2761 de
846 2714 1150 2762 sacramento
1192 2711 1352 2762 latiori
1387 2712 1766 2775 significatione,
1799 2714 1946 2776 prout
1976 2716 2052 2764 est
2080 2713 2273 2777 signum
2303 2714 2500 2764 unionis
2530 2714 2714 2764 Christi
2745 2728 2858 2765 cum

636 2791 890 2844 ecclesia.»
908 2794 1033 2855 Ergo
1074 2792 1212 2842 iuxta
1257 2792 1417 2855 ipsum
1461 2806 1503 2843 s.
1539 2793 1837 2856 Augustinus
1881 2806 2149 2857 numquam
2194 2793 2389 2844 locutus
2430 2795 2556 2844 esset
2592 2794 2655 2844 de
2695 2795 2863 2845 matri·

638 2872 807 2923 monio
844 2871 896 2921 in
932 2885 1074 2923 sensu
1111 2872 1379 2936 ecciesiae,
1409 2873 1547 2923 iuxta
1584 2873 1858 2936 analogiam
1890 2873 2032 2936 fidei,
2074 2875 2210 2925 iuxta
2246 2875 2437 2938 praxim
2470 2876 2521 2924 et
2559 2887 2707 2924 usum
2741 2889 2860 2937 quo·

636 2951 913 3012 tidianum,
947 2952 1084 3001 iuxta
1114 2956 1325 3002 mentem
1355 2956 1625 3003 ceterorum
1658 2955 1871 3017 patrum.
1900 2953 2044 3011 Quod
2075 2967 2222 3018 quam
2254 2954 2492 3004 absonum
2523 2954 2616 3017 sit,
2647 2954 2859 3018 quisque

631 3045 689 3082 ex
723 3042 776 3080 se
805 3029 1050 3092 inteiligit.
1073 3032 1254 3080 Verum
1279 3043 1439 3093 neque
1468 3043 1631 3081 secum
1666 3034 1770 3094 ipse
1799 3031 1878 3081 vir
1909 3032 2083 3082 doctus
2114 3032 2357 3083 cohaeret.
2382 3034 2504 3083 Nam
2527 3032 2668 3082 iuxta
2695 3032 2861 3096 ipsum

630 3112 682 3160 in
721 3111 821 3160 vet.
843 3109 947 3172 iege
978 3109 1342 3161 matrimonium
1365 3109 1528 3160 latiori
1549 3111 1928 3174 significatione,
1962 3111 2062 3161 imo
2092 3112 2242 3163 etiam
2272 3111 2406 3175 apud
2434 3111 2655 3162 infideles
2683 3111 2858 3163 suisset

627 3191 1010 3253 sacramentum,
1034 3191 1248 3240 attamen
1265 3203 1307 3240 s.
1323 3191 1623 3252 Augustinus
1651 3192 1870 3255 agnoscit
1895 3194 2117 3255 apertum
2146 3191 2408 3242 discrimen
2430 3192 2557 3243 inter
2575 3191 2852 3253 coniugium

632 3273 876 3332 veterum,
896 3272 946 3320 et
965 3270 1245 3332 coniugium
1272 3268 1648 3320 christianorum
1679 3271 1867 3321 ratione
1893 3273 2229 3333 sacramenti,
2259 3284 2408 3334 quam
2438 3271 2490 3321 in
2519 3272 2623 3322 sola
2646 3268 2850 3321 ecclesia

638 3353 858 3414 agnovit.

779 3431 911 3492 (103)
943 3431 1052 3481 Lib.
1078 3433 1154 3480 De
1182 3429 1285 3487 fide
1306 3433 1357 3481 et
1380 3432 1621 3496 operibus
1645 3445 1753 3495 cap.
1779 3433 1888 3482 vlt.
1906 3444 1957 3481 n.
1984 3439 2057 3483 10.

776 3511 908 3574 (104)
942 3514 1017 3561 De
1040 3513 1193 3574 nupt.
1218 3511 1269 3560 ct
1298 3525 1518 3576 concup.
1548 3511 1634 3560 lib.
1663 3514 1727 3561 11.
1747 3525 1856 3575 cap.
1887 3516 1946 3561 x.
1977 3513 2045 3560 Ut
2072 3511 2203 3562 enim
2235 3512 2579 3562 animadvertit
2607 3512 2854 3576 praeclare

634 3589 966 3640 salmeronius
976 3627 992 3653 ,
1008 3590 1094 3653 qui
1114 3588 1300 3652 egregie
1316 3594 1478 3642 totum
1493 3590 1587 3640 boc
1605 3593 1942 3652 argumentum
1958 3591 2223 3653 pertractat
2234 3593 2285 3641 et
2299 3591 2485 3641 evolvit
2499 3592 2551 3641 in
2571 3592 2701 3643 Diss.
2718 3594 2859 3643 xm.

631 3669 681 3719 in
708 3670 839 3720 bunc
861 3670 1079 3734 Apostoli
1108 3669 1203 3719 loc.
1220 3669 1395 3732 Ephes.
1417 3673 1479 3720 v.
1502 3670 1895 3733 matrimonium,
1924 3673 2165 3734 quatenus
2186 3673 2260 3721 est
2280 3672 2561 3722 contractus
2581 3673 2852 3733 humanus,

631 3761 730 3798 non
767 3750 842 3798 est
869 3750 1225 3798 sacramentum
1259 3761 1414 3797 unum
1455 3761 1514 3797 ex
1558 3749 1778 3810 septem;
1809 3762 1899 3798 nec
1933 3748 2080 3799 babet
2109 3749 2292 3811 gratiae
2320 3749 2693 3811 promissionem
2722 3749 2850 3801 sicut

630 3841 720 3877 nec
738 3826 823 3877 alii
842 3828 1122 3878 contractus
1140 3828 1325 3879 civiles.
1351 3826 1538 3877 Deinde
1558 3829 1800 3890 quatenns
1821 3828 2074 3879 vinculum
2094 3828 2256 3878 adbuc
2279 3830 2471 3892 proprie
2489 3831 2852 3880 sacamentum

626 3920 724 3956 non
738 3910 836 3968 est3
861 3919 974 3956 narn
994 3906 1234 3959 eiusmodi
1250 3906 1501 3958 vinculum
1518 3907 1647 3958 inter
1659 3906 1878 3958 infideles
1897 3908 2160 3971 invenitur,
2176 3913 2232 3958 ut
2249 3909 2433 3959 Paulus
2448 3909 2593 3959 docet
2604 3911 2718 3959 Cor.
2732 3911 2850 3961 vn.

632 3986 695 4037 de
725 3985 961 4048 foenum,
982 4000 1109 4049 quae
1129 3988 1372 4038 consentit
1400 3986 1620 4038 babitare
1638 4001 1754 4038 cum
1781 3987 1889 4037 viro
1911 3987 2114 4037 infideli.
2144 3985 2219 4037 Ad
2250 3988 2387 4050 haec,
2414 3987 2667 4037 vinculum
2684 3988 2761 4038 est
2778 3989 2848 4038 et*-

631 4068 789 4117 t‘ectus
834 4065 987 4128 ipsius
1027 4068 1358 4118 caeremoniae
1387 4068 1437 4116 et
1469 4069 1780 4127 contractus,
1810 4066 1928 4131 quia
1958 4068 2071 4131 post
2100 4066 2187 4117 iila
2219 4067 2468 4118 vinculum
2496 4066 2844 4131 subsequitur,

630 4145 742 4196 ideo
760 4148 834 4195 est
855 4144 1057 4195 effectus
1093 4147 1407 4210 sacramenti,
1439 4161 1524 4198 seu
1559 4160 1636 4196 res
1666 4148 1983 4210 sacramenti,
2017 4148 2146 4198 sicut
2166 4149 2217 4198 et
2241 4148 2419 4211 gratia;
2454 4160 2552 4197 non
2583 4150 2749 4198 autem
2774 4161 2856 4197 sa-

633 4228 933 4275 cramentum
967 4224 1146 4287 ipsum.
1167 4225 1330 4275 Tertio
1356 4239 1491 4288 vero,
1516 4228 1758 4289 quatenus
1788 4230 1863 4277 est
1891 4227 2193 4277 caeremonia
2210 4231 2259 4278 et
2282 4227 2473 4291 signum
2502 4226 2751 4289 sensibile,
2777 4239 2854 4276 sa·

637 4305 938 4355 crementum
966 4304 1041 4352 est
1062 4314 1219 4352 novae
1242 4304 1391 4366 legis,
1425 4308 1475 4354 et
1506 4318 1619 4354 cnm
1652 4305 1762 4355 aliis
1791 4319 1874 4355 sex
1899 4310 2301 4370 connumeratur,
2329 4309 2380 4357 et
2401 4306 2607 4370 gratiam
2628 4307 2717 4357 Dei
2739 4319 2856 4358 con·

633 4386 727 4435 tert
741 4382 1155 4435 contrahentibus.
1183 4384 1426 4432 Hactenus
1449 4383 1559 4444 iiie3
1585 4387 1821 4434 tom.xv.
1840 4383 1918 4434 ed.
1937 4385 2109 4436 Colon.
2129 4387 2324 4451 Agripp.
2350 4391 2541 4450 1604.p.
2560 4394 2668 4438 261.
2686 4389 2756 4436 Ex
2777 4387 2862 4436 bis
