3276 5083
662 460 800 510 mr.
835 458 901 507 v.
934 459 1076 509 aar.
1111 460 1198 509 ιν.
1234 460 1467 512 iacun.
1503 462 1852 522 urnmsous
1888 461 2065 517 stur.
2105 463 2303 513 sricn.
2466 440 2595 512 17¹

373 582 543 653 dum
568 575 1080 651 dissolutionem
1121 576 1358 649 horum
1395 579 1856 675 coniugiorum
1894 579 2394 676 permisissent,
2427 581 2609 680 quod

373 712 608 769 tamen
659 717 1022 792 numquam
1082 692 1323 767 factum
1373 709 1511 779 est,
1572 710 1646 766 ut
1694 694 1764 764 in
1815 693 2150 789 coniugiis
2204 693 2601 769 infidelium.

379 813 455 883 2.
500 808 959 883 Patefecerunt
1007 833 1088 879 ex
1135 807 1577 904 denegatione
1628 808 2118 882 benedictionis
2167 809 2489 908 nuptialis
2541 812 2610 883 in

376 940 667 1024 utraque
712 921 1002 997 ecclesia
1049 922 1369 996 secundis
1393 979 1410 1008 ,
1467 923 1811 1023 multoque
1846 950 2000 998 vero
2036 924 2252 1021 magis
2289 925 2499 999 tertiis
2535 952 2616 1000 ac

377 1036 814 1111 ulterioribus
867 1036 1154 1135 nuptiis,
1191 1052 1267 1110 ut
1303 1062 1383 1109 ex
1414 1035 1638 1110 allatis
1668 1036 2087 1111 documentis
2125 1038 2374 1136 pariter
2396 1054 2614 1112 osten—

374 1154 604 1226 dimus
650 1155 830 1248 (56).
874 1151 1024 1238 Quo
1053 1152 1238 1224 enim
1280 1151 1496 1248 magis
1541 1170 1766 1251 patres
1817 1153 2070 1251 primas
2116 1154 2387 1251 nuptias
2430 1180 2612 1228 com-

265 1358 277 1370 ·
374 1266 835 1352 mandabant,
903 1291 982 1340 eo
1042 1265 1353 1338 deteriori
1414 1265 1484 1336 in
1544 1290 1751 1338 censu
1812 1264 2146 1340 secundas
2198 1267 2468 1365 nuptias
2534 1293 2614 1343 ac

376 1381 611 1455 tertias
659 1378 1021 1453 habebant.
1074 1378 1414 1453 Car-ebant
1463 1379 1801 1478 siquidem
1863 1380 2198 1453 secundae
2248 1406 2327 1455 ac
2378 1382 2611 1456 tertiae

379 1495 659 1595 nuptiae
679 1494 997 1570 omnibus
1019 1551 1035 1581 ,
1072 1492 1320 1594 quibus
1355 1494 1614 1593 primae
1641 1494 2067 1568 condecorari
2093 1514 2605 1583 consueverunt,

375 1609 788 1683 ornamentis
807 1666 824 1692 ‚
862 1607 1195 1682 velamine
1228 1634 1567 1708 purpureo
1602 1609 1883 1707 pudoris
1921 1609 2228 1709 symbolo
2264 1636 2467 1711 supra
2499 1638 2614 1686 ca-

379 1740 500 1824 put
555 1748 856 1823 expanso
890 1780 906 1810 ,
978 1722 1487 1822 porrigebantur
1538 1738 1762 1795 autem
1812 1749 2056 1797 manus
2104 1720 2432 1798 velamine
2491 1725 2612 1799 ob-

376 1838 648 1925 ductae,
708 1865 790 1913 ac
836 1837 1371 1913 destituebantur
1422 1839 1694 1913 coronis
1752 1841 1937 1935 (5⁵1),
1996 1866 2166 1939 quas
2216 1867 2457 1916 aureas
2506 1842 2610 1915 vel

378 1954 657 2053 myrtis,
734 1952 977 2051 appio,
1032 1952 1370 2051 granatis,
1428 1953 1664 2040 olivis,
1720 1953 1959 2027 aliisve
2021 1981 2224 2028 suave
2273 1954 2610 2029 olentibus

378 2068 615 2147 herbis
677 2066 1097 2165 floribusque
1146 2066 1378 2166 plexas
1431 2066 1651 2142 fausta
1699 2094 2009 2167 quaeque
2069 2094 2352 2169 precans
2419 2070 2612 2144 novis

377 2182 656 2281 sponsis
688 2180 1070 2281 imponebat
1104 2181 1421 2255 sacerdos
1447 2183 1624 2276 (58).
1662 2180 1994 2255 Carebant
2020 2208 2290 2282 quoque
2324 2182 2610 2256 solemni

379 2296 844 2372 benedictione
892 2297 1220 2372 ecclesiae
1266 2299 1444 2391 (59),
1479 2322 1604 2371 nec
1645 2323 1799 2371 cum
1851 2297 2023 2396 ipsis
2073 2297 2410 2371 convivari
2460 2296 2613 2371 lice-

375 2414 499 2488 bat
529 2413 853 2488 sacerdoti
887 2417 1068 2509 (60);
1114 2413 1250 2487 imo
1287 2428 1355 2488 et
1388 2412 1598 2488 variis
1651 2414 1891 2512 poenis
1944 2411 2393 2487 multabantur
2425 2416 2601 2508 (61).

373 2532 585 2605 Nemo
635 2546 857 2604 tamen
908 2528 1253 2628 negaverit
1301 2528 1637 2605 secundas
1674 2529 1800 2605 has
1838 2529 2111 2629 nuptias
2147 2529 2245 2603 uti
2280 2529 2502 2604 licitas
2536 2557 2614 2604 ac

379 2645 643 2722 validas
667 2703 686 2732 ‚
726 2661 796 2719 et
823 2672 984 2719 vera
1018 2661 1294 2745 rataque
1343 2646 1774 2720 matrimonia
1808 2647 1879 2719 in
1923 2646 2097 2720 facie
2146 2645 2472 2721 ecclesiae
2502 2672 2614 2721 ce-

518 2901 624 2965 (5⁶)
653 2901 894 2953 ctetiam
907 2901 1148 2966 Bingium
1163 2903 1396 2965 orimum
1412 2915 1506 2954 seu
1521 2904 1870 2968 antiquitates
1892 2901 2288 2953 ecclesiasticae.
2307 2903 2459 2953 Baiae
2473 2907 2606 2955 1729.

377 2984 476 3033 roi.
501 2984 586 3033 lx.
612 2981 700 3032 lit».
722 2982 877 3032 xxll.
898 2979 945 3044 ς.
965 2982 1029 3031 11.
1049 2980 1249 3039 Quibus
1273 2984 1328 3031 tn
1345 2981 1554 3033 casibus
1569 2983 1732 3033 aliter
1752 2984 1769 3046 (
1780 2996 1930 3046 quam
1946 2995 2033 3046 per
2051 2981 2434 3034 benedictionem
2452 2984 2472 3046 )
2483 2982 2613 3047 fleri

365 3063 605 3131 potueri}
643 3060 957 3123 coniugium,
989 3061 1138 3123 atque
1168 3060 1295 3110 inter
1322 3062 1508 3111 ceteros
1536 3075 1679 3112 casus
1701 3063 1919 3112 recenset
1938 3060 2229 3125 bigamiam,
2252 3074 2311 3111 ac
2330 3063 2607 3126 trigamiam

375 3140 703 3192 umes-ivam
716 3175 733 3202 ,
755 3151 885 3203 qnae
904 3138 995 3190 etsi
1015 3150 1129 3189 vera
1150 3151 1210 3189 ac
1231 3141 1338 3189 rata
1356 3140 1670 3191 matrimonia
1699 3140 2018 3203 haberentur,
2050 3140 2212 3190 minus
2235 3142 2400 3191 tamen
2433 3141 2604 3203 proba·

374 3221 582 3284 hautun
604 3219 909 3282 adducitque
926 3232 1036 3270 can.
1062 3220 1172 3270 vu,
1193 3233 1335 3271 conc.
1357 3220 1784 3272 neocaesariensis.

522 3302 623 3364 (57)
650 3299 729 3351 cf.
747 3299 899 3348 conc.
924 3298 1112 3348 nicaen.
1132 3298 1334 3350 Actione
1346 3302 1505 3363 vm„
1520 3301 1759 3364 Ephraem
1784 3314 1924 3363 syrus
1944 3300 1995 3349 in
2015 3299 2210 3350 Abrah.
2230 3301 2283 3349 et
2298 3302 2468 3349 Isaac.
2474 3315 2495 3359 ,·
2512 3298 2610 3350 Pal·

376 3379 541 3430 ladius
575 3381 711 3430 Hm.
744 3380 1004 3429 lausiaca
1019 3394 1041 3439 ,-
1071 3379 1308 3442 Evagrius
1326 3381 1465 3430 Hm.
1490 3379 1578 3430 lib.
1597 3381 1685 3430 vl.
1710 3379 1976 3442 Gregorius
1996 3381 2181 3431 Turon.
2205 3379 2294 3429 lib.
2318 3381 2359 3429 1.
2377 3392 2485 3443 cap.
2510 3383 2611 3443 ⁴2,

373 3459 665 3511 Theodorus
686 3458 830 3510 stud.
859 3458 941 3508 lib.
965 3459 1006 3508 1.
1027 3458 1171 3522 epist.
1191 3461 1346 3510 xxll.
1363 3462 1421 3511 ln
1443 3459 1562 3511 vitis
1580 3461 1829 3524 praetcrea
1849 3463 2133 3512 sanctor-mn
2152 3458 2367 3525 plurima
2390 3460 2489 3510 huc
2506 3472 2612 3523 per·

378 3540 586 3591 tinentia
610 3540 954 3591 coronatorum
975 3539 1201 3602 exempla
1222 3538 1479 3590 habentur.
1505 3539 1769 3603 Gregorius
1788 3543 2030 3604 Nyssenus
2044 3539 2410 3591 Bethauna&
2427 3541 2608 3599 matr..

384 3622 440 3671 et
472 3619 711 3682 Ephraem
749 3622 826 3670 De
868 3620 1008 3669 orat.
1049 3620 1318 3669 orationem
1361 3618 1652 3670 nubentium
1691 3631 1940 3671 coronam
1979 3623 2157 3672 vocant
2177 3638 2192 3684 ;
2240 3621 2374 3683 ipsae
2414 3619 2611 3682 nuptiae

378 3697 673 3749 dicebantur
688 3705 958 3754 munatio
995 3692 1344 3766 στιφάνωσις,
1378 3703 1466 3751 aut
1502 3693 1844 3764 στεφάνωμα,
1879 3700 2118 3763 nupthue
2151 3699 2391 3750 coronati
2416 3704 2612 3762 στιφα·

375 3771 536 3826 νίται.
570 3778 687 3829 vtd.
723 3783 961 3834 coustmt
996 3783 1296 3847 Pomhyrog.
1328 3783 1405 3831 Dc
1434 3792 1724 3832 caeremon.
1747 3782 1860 3831 ant.
1885 3780 2090 3845 byzane.
2115 3778 2201 3829 lib.
2224 3781 2264 3828 1.
2293 3791 2339 3829 c.
2358 3784 2434 3829 39.
2459 3779 2608 3828 Goar.

379 3857 605 3910 eschol.
627 3872 676 3924 p.
698 3867 806 3912 aas.
828 3864 906 3912 Du
927 3864 1091 3925 cange
1109 3874 1220 3913 voc.
1244 3863 1451 3912 Corona
1472 3863 1525 3913 et
1546 3852 1887 3924 στεφάνυσες-

523 3938 629 4002 (58)
659 3938 738 3990 ct.
759 3940 1008 3991 Theodor.
1026 3941 1207 3991 studit.
1231 3939 1318 3990 tib.
1342 3941 1383 3990 1.
1398 3952 1478 4003 ep.
1497 3943 1546 3990 4.
1946 3939 1951 3943 ’

521 4019 624 4082 (59)
654 4021 808 4071 conc.
830 4033 1105 4071 neocaesar.
1123 4033 1233 4071 can.
1249 4023 1359 4071 vll.
1376 4032 1492 4070 cum
1513 4017 1671 4068 schol.
1691 4018 1999 4069 Balsamonis
2020 4018 2070 4068 et
2093 4020 2330 4068 zonarae.

518 4099 623 4162 (so)
652 4101 809 4151 conc.
826 4099 1005 4150 laodic.
1021 4112 1131 4151 can.
1145 4102 1186 4150 1.
1200 4099 1368 4151 Basilii
1385 4111 1494 4149 can.
1510 4100 1641 4148 XW.
1656 4111 1770 4149 cum
1784 4098 1938 4150 schol.
1950 4095 2377 4159 Baisam.,'rheod.
2390 4098 2609 4148 cantuar.

377 4189 423 4225 e.
444 4178 618 4227 xxvl.
639 4180 737 4228 etc.
758 4178 837 4230 ct'.
855 4178 975 4229 Klee
997 4181 1072 4228 Dc
1090 4177 1335 4230 secundis
1361 4179 1584 4242 nuptiis.
1601 4178 1803 4227 Bounae
1822 4183 1957 4229 18³⁰.
1977 4189 2087 4241 pag.
2116 4183 2185 4228 19.
2209 4184 2289 4228 2ο.

522 4259 625 4320 (st)
657 4257 736 4309 cf.
761 4258 881 4310 lnce
906 4270 989 4322 op.
1012 4257 1095 4308 cit.
1119 4260 1218 4309 Nec
1239 4271 1337 4309 non
1354 4258 1589 4308 Martem.
1617 4259 1694 4308 De
1715 4258 1882 4322 antiq.
1907 4257 2084 4308 eccles.
2110 4256 2258 4307 ritib.

519 4336 804 4388 Notandum
823 4350 973 4401 porro
995 4340 1071 4388 est
1089 4338 1346 4402 pterosque
1360 4338 1485 4388 ritus
1501 4336 1553 4387 in
1568 4338 1779 4400 utraque
1791 4337 1996 4388 ecclesia
2013 4337 2239 4389 orientali
2257 4338 2309 4387 et
2322 4335 2614 4387 occidentali

380 4415 594 4469 adscitos
607 4417 659 4469 in
679 4419 965 4483 nuptiarum
976 4416 1301 4470 cekbntione
1316 4418 1367 4469 in
1388 4431 1480 4471 usu
1501 4419 1600 4470 iam
1615 4418 1771 4471 fuisse
1787 4416 1918 4484 apud
1932 4418 2186 4483 hebraeos,
2205 4419 2353 4482 atquc
2371 4428 2609 4482 paganum
