3276 5083
647 450 786 521 212
1049 470 1170 519 ιιιι.
1215 470 1260 518 1.
1303 468 1475 519 ster.
1519 466 1781 516 Αιτειυι.
1824 465 1904 514 nr.
1937 464 2202 515 uum.
2234 463 2451 513 clvtu.

789 586 1156 659 Tridentini
1209 602 1432 659 autem
1482 583 1690 657 verba
1740 582 1908 655 haec
1960 596 2148 653 sunt:
2198 611 2232 649 α
2258 580 2470 654 Grave
2521 598 2864 678 peccatum

645 719 749 775 est
784 701 1092 774 homines
1129 699 1383 773 solutos
1419 696 1833 771 concubinas
1871 694 2121 768 habere
2143 752 2158 781 ‚
2201 695 2677 792 gravissimum
2710 723 2868 770 vero

644 833 710 890 et
760 817 828 888 in
881 815 1084 887 huius
1137 815 1358 911 magni
1418 812 1818 887 sacramenti
1893 810 2398 912 (matrimonii)
2457 810 2866 907 singularem

643 947 1094 1030 contemptum
1150 930 1559 1013 admissum,
1601 943 1916 1000 uxoratos
1965 951 2237 1025 quoque
2287 925 2357 995 in
2410 924 2538 999 hoc
2587 926 2871 998 damna-

644 1047 846 1119 tionis
886 1060 1064 1118 statu
1114 1045 1369 1129 vivere,
1413 1069 1491 1115 ac
1526 1042 1774 1115 audere
1824 1068 1940 1114 eas
1990 1039 2399 1139 quandoque
2447 1040 2630 1112 domi
2666 1041 2869 1113 etiam

643 1187 795 1234 cum
832 1159 1152 1233 uxoribus
1189 1159 1367 1230 alere
1391 1174 1457 1230 et
1482 1158 1788 1230 retinere.
1836 1156 2057 1241 Quare
2092 1170 2165 1226 ut
2199 1170 2387 1227 tanto
2423 1154 2599 1228 malo
2634 1171 2870 1228 sancta

643 1276 945 1377 synodus
996 1273 1389 1372 opportunis
1443 1272 1758 1345 remediis
1808 1269 2189 1369 provideat,
2234 1268 2466 1341 statuit
2503 1269 2873 1340 huiusmodi

646 1392 1134 1463 concubinarios
1184 1403 1318 1460 tam
1371 1386 1626 1460 solutos
1695 1412 1898 1484 quam
1966 1399 2280 1457 uxoratos
2308 1440 2323 1467 ‚
2386 1383 2869 1484 cuiuscumque

645 1520 898 1590 status,
954 1502 1301 1600 dignitatis
1354 1517 1420 1574 et
1466 1482 1869 1573 conditionis
1919 1499 2248 1584 existant,
2293 1498 2354 1570 si
2389 1513 2750 1597 postquam
2784 1499 2869 1571 ab

645 1618 1019 1703 ordinario,
1075 1617 1276 1688 etiam
1328 1641 1411 1688 ex
1460 1613 1718 1698 officio,
1761 1631 1861 1685 ter
1894 1612 2216 1686 admoniti
2253 1638 2334 1684 ea
2366 1612 2454 1684 de
2490 1638 2563 1685 re
2596 1612 2862 1699 fuerint,

647 1730 1060 1805 concubinas
1112 1756 1244 1803 non
1295 1728 1651 1815 eiecerint,
1709 1753 1919 1826 seque
1970 1727 2057 1800 ab
2109 1753 2340 1800 earum
2393 1715 2900 1801 consuetudine

647 1871 777 1920 non
832 1844 1263 1928 seiunxerint,
1325 1843 1979 1914 excommunicatione
2030 1841 2364 1915 feriendos
2414 1867 2565 1914 esse
2584 1898 2600 1926 ,
2640 1866 2681 1912 a
2728 1867 2867 1939 qua

647 1986 780 2034 non
807 1959 1263 2044 absolvantur,
1297 1957 1511 2031 donec
1539 1957 1765 2054 reipsa
1790 1955 2231 2029 admonitioni
2257 1957 2473 2030 factae
2498 1956 2858 2054 paruerint.

648 2074 841 2160 Quod
874 2073 933 2147 si
969 2074 1038 2145 in
1073 2070 1523 2147 concubinatu
1558 2097 1681 2169 per
1714 2096 1965 2144 annum
2014 2071 2318 2144 censuris
2370 2069 2693 2168 neglectis
2726 2095 2871 2169 per-

646 2190 1049 2275 manserint,
1099 2196 1329 2261 contra
1370 2212 1487 2259 eos
1539 2212 1662 2285 per
1709 2186 2087 2260 ordinarios
2130 2196 2357 2259 severe
2391 2210 2515 2285 pro
2551 2185 2873 2286 qualitate

647 2303 950 2377 criminis
1002 2301 1439 2402 procedatur3
1498 2299 1813 2373 mulieres
1867 2300 2010 2373 sive
2057 2299 2485 2396 coniugatae,
2555 2300 2703 2372 sive
2763 2325 2871 2372 so-

648 2419 829 2493 lutae
859 2476 875 2505 ,
932 2444 1107 2518 quae
1155 2443 1307 2490 cum
1359 2415 1710 2503 adulteris,
1754 2440 1875 2488 seu
1910 2414 2406 2489 concubinariis
2458 2414 2728 2513 publice
2776 2417 2873 2489 vi-

646 2550 839 2620 vunt,
886 2534 945 2608 si
984 2550 1083 2605 ter
1116 2531 1498 2605 admonitae
1549 2557 1682 2604 non
1737 2530 2109 2629 paruerint,
2168 2530 2254 2603 ab
2301 2530 2644 2605 ordinario
2693 2529 2873 2605 loco—

649 2675 835 2734 rum,
894 2646 1077 2719 nullo
1132 2646 1331 2719 etiam
1385 2645 1793 2744 requirente,
1832 2671 1914 2718 ex
1949 2644 2174 2718 officio
2224 2646 2473 2745 pariter
2510 2672 2630 2745 pro
2673 2645 2872 2720 modo

648 2760 889 2859 culpae
938 2759 1338 2859 puniantur,
1396 2775 1461 2832 et
1508 2776 1700 2832 extra
1748 2759 2071 2858 oppidum
2108 2819 2124 2847 ,
2180 2760 2284 2835 vel
2337 2761 2703 2835 dioecesim
2739 2820 2756 2850 ,
2811 2763 2869 2835 si

650 2875 717 2947 id
767 2874 1023 2948 eisdem
1065 2874 1424 2947 ordinariis
1472 2873 1847 2961 videbitur,
1906 2874 2241 2962 invocato,
2297 2876 2357 2949 si
2407 2901 2580 2975 opus
2631 2876 2866 2964 fuerit,

648 2988 928 3063 brachio
979 2987 1307 3073 seculari,
1364 2988 1760 3075 eiiciantur,
1804 2989 1959 3063 aliis
1996 2990 2232 3089 poenis
2266 3005 2497 3064 contra
2533 2989 2871 3065 adulteros

650 3122 718 3180 et
733 3104 1247 3180 concubinarios
1278 3102 1548 3180 inflictis
1576 3104 1646 3176 in
1672 3131 1794 3178 suo
1815 3104 2051 3179 robore
2077 3105 2619 3204 permanentibus
2639 3107 2783 3203 (12)
2801 3163 2814 3176 .
2830 3137 2865 3175 ιι

794 3219 893 3291 Ex
944 3219 1222 3295 istorum
1287 3217 1721 3292 conciliorum
1783 3219 2071 3293 decretis
2125 3235 2306 3319 patet
2353 3219 2658 3318 publicos
2708 3246 2869 3294 con-

650 3332 1037 3407 cubinarios
1073 3358 1207 3408 non
1243 3332 1460 3407 solum
1497 3331 1696 3431 plecti
1733 3359 1935 3431 posse
1968 3359 2048 3406 ac
2080 3333 2325 3408 debere
2359 3334 2446 3407 ab
2488 3333 2865 3421 ordinario,

653 3476 772 3523 seu
821 3449 1144 3547 episcopo
1208 3447 1339 3522 loci
1400 3448 2107 3522 excommunicationis
2159 3476 2371 3548 poena
2423 3466 2575 3550 post
2623 3450 2869 3524 trinam

652 3564 1172 3638 admonitionem
1197 3621 1212 3648 ‚
1272 3562 1391 3637 sed
1443 3562 1822 3662 puniendos
1874 3579 2217 3662 praeterea
2265 3591 2420 3640 esse
2468 3591 2699 3638 severe
2749 3591 2871 3664 pro

650 3679 975 3779 qualitate
1024 3679 1325 3752 criminis
1375 3678 1461 3751 ad
1512 3679 1832 3753 ordinarii
1890 3679 2272 3767 arbitrium;
2323 3708 2454 3755 non
2507 3681 2705 3755 modo
2754 3709 2868 3754 ex-

654 3794 998 3894 pellendas
1051 3794 1138 3867 ab
1186 3793 1469 3894 oppido,
1511 3811 1626 3867 aut
1674 3794 1964 3868 dioecesi
2015 3794 2461 3884 concubinas,
2505 3796 2562 3870 si
2601 3796 2690 3868 ita
2722 3794 2866 3893 epi-

654 3934 860 4008 scopo
890 3909 1109 3983 visum
1144 3909 1344 3983 suerit
1365 3966 1380 3995 ‚
1409 3935 1638 3982 verum
1673 3909 1870 3983 etiam
1907 3909 2059 3984 aliis
2097 3910 2339 3984 subiici
2375 3912 2610 4012 poenis
2636 3968 2651 3997 ,
2692 3935 2866 4010 quae

653 4051 694 4098 a
722 4024 866 4096 iure
896 4049 1014 4122 per
1036 4050 1327 4098 canones
1354 4025 1755 4098 constitutae
1782 4041 1959 4098 sunt.
1988 4024 2126 4098 Has
2162 4026 2334 4099 inter
2369 4052 2618 4126 poenas
2648 4041 2864 4098 autem

652 4154 718 4212 et
752 4138 866 4210 illa
902 4156 1280 4212 recensetur
1312 4140 1398 4213 de
1433 4139 1705 4239 publica
1741 4139 2041 4226 infamia,
2100 4169 2303 4242 quam
2345 4140 2674 4216 eiusmodi
2712 4168 2869 4215 con-

654 4253 982 4329 cubinarii
1020 4254 1401 4342 incurrunt3
1445 4256 1536 4328 ita
1571 4271 1645 4328 ut
1677 4255 1808 4353 ipsi
1853 4253 1983 4328 hac
2032 4256 2304 4332 infamia
2356 4256 2618 4332 multati
2657 4282 2696 4330 a
2730 4257 2872 4330 foro

801 4413 819 4474 (
828 4413 901 4477 12)
933 4415 1061 4466 sess.
1087 4416 1260 4466 xxw.
1287 4418 1362 4466 De
1380 4413 1593 4477 reform.
1615 4417 1847 4466 matrim.
1868 4429 1974 4481 cap.
1999 4423 2045 4469 8.
