3276 5083
686 420 824 490 170
1123 440 1245 493 ιιιι.
1280 440 1326 490 ι.
1368 438 1540 490 ποτ.
1584 440 1631 489 ι.
1666 441 1745 489 nn
1779 440 2041 490 annin.
2086 439 2513 490 sscasunuro.

679 557 1111 631 fundamento
1163 556 1306 629 sive
1352 554 1606 628 biblico
1668 554 1809 629 sive
1860 555 2205 654 patristico
2255 553 2647 628 destitutam
2671 612 2687 642 ,
2745 559 2912 635 adeo

679 689 754 747 ut
801 699 888 746 ne
924 698 1134 746 unum
1178 672 1451 772 quidem
1503 672 1719 771 possit
1756 672 1980 744 afferri
2018 671 2491 744 documentum
2514 730 2529 758 ‚
2571 673 2754 771 quod
2789 677 2915 749 ali-

680 815 819 890 qua
865 788 1007 863 veri
1056 788 1283 888 specie
1334 814 1472 860 rem
1523 787 1856 862 conficiat.
1915 788 2082 860 Nam
2131 811 2213 859 ex
2262 786 2605 886 Scriptura
2653 788 2913 863 nullum

682 929 962 1003 prorsus
1015 901 1471 976 testimonium
1509 927 1550 973 a
1575 901 1758 975 Cano
1808 900 2164 974 adducitur
2192 957 2208 985 ‚
2266 898 2434 972 illud
2482 927 2676 987 vero,
2734 905 2915 1003 quod

682 1018 770 1092 ab
819 1016 1332 1118 insequentibus
1380 1015 1715 1114 theologis
1766 1016 2095 1117 prolatum
2145 1030 2279 1100 est,
2335 1030 2410 1089 ut
2456 1013 2798 1103 vidimus,
2833 1019 2917 1093 de

684 1132 819 1207 alia
841 1133 1118 1207 omnino
1144 1159 1217 1205 re
1239 1189 1254 1219 ,
1288 1130 1527 1205 saltem
1552 1154 1872 1230 expresse
1897 1156 1976 1203 ac
2001 1128 2249 1203 directe
2270 1187 2285 1215 ,
2329 1128 2513 1202 iuxta
2548 1155 2912 1228 exegeseos

679 1274 971 1323 canones
998 1263 1102 1323 est
1127 1245 1662 1345 intelligendum.
1699 1246 1798 1318 Ex
1826 1245 2131 1345 patribus
2158 1268 2316 1317 vero
2342 1258 2411 1315 et
2433 1244 2913 1321 ecclesiasticis

682 1363 1157 1463 scriptoribus,
1214 1388 1498 1462 quorum
1543 1360 1925 1434 testimonia
1968 1360 2188 1433 innuit
2226 1358 2449 1433 Canus
2473 1416 2490 1445 ,
2528 1360 2625 1433 uti
2664 1362 2915 1459 pariter

680 1478 1100 1554 ostendimus
1123 1536 1139 1565 ‚
1173 1504 1255 1549 ne
1281 1504 1488 1550 unum
1519 1475 1796 1576 quidem
1829 1490 1933 1548 est
1954 1533 1969 1561 ,
2002 1474 2183 1574 quod
2225 1490 2696 1571 argumentum
2732 1477 2911 1551 istud

682 1593 999 1690 attingat;
1057 1591 1235 1665 idem
1276 1591 1465 1665 dicas
1506 1591 1591 1664 de
1626 1588 1814 1677 aliis,
1864 1615 2039 1689 quae
2079 1616 2122 1663 a
2161 1589 2643 1689 posterioribus
2685 1607 2912 1665 aucto-

678 1706 869 1780 ribus
919 1721 1234 1804 congesta
1270 1721 1448 1781 sunt,
1482 1705 1830 1805 Siquidem
1857 1720 1931 1777 ut
1954 1731 2036 1777 ex
2061 1730 2292 1778 eorum
2320 1703 2582 1805 analysi
2612 1720 2903 1790 constat,

679 1838 797 1895 aut
843 1821 976 1895 alio
1027 1848 1233 1896 sensu
1282 1821 1398 1894 illa
1448 1820 1841 1921 accipienda
1892 1835 2083 1906 sunt,
2140 1836 2256 1894 aut
2303 1820 2666 1894 ostendunt
2712 1819 2911 1894 adbi—

676 1936 883 2010 bitam
935 1937 1148 2012 fuisse
1183 1963 1224 2010 a
1261 1937 1604 2010 sacerdote
1635 1935 2167 2010 benedictionem
2203 1936 2273 2007 in
2308 1935 2562 2034 nuptiis
2595 1934 2911 2008 christia-

680 2051 824 2138 nis,
856 2067 934 2124 ut
959 2050 1089 2126 hoc
1123 2066 1449 2152 apparatu
1472 2065 1539 2123 et
1572 2050 1705 2125 ritu
1739 2075 1932 2124 sacro
1973 2049 2442 2124 conciliaretur
2493 2065 2907 2124 sacramento

678 2166 891 2239 maior
924 2192 965 2239 a
1002 2165 1317 2240 fidelibus
1365 2165 1703 2239 veneratio
1725 2222 1741 2252 ,
1799 2181 1913 2238 aut
1960 2165 2201 2238 certior
2248 2162 2533 2238 ecclesia
2583 2164 2774 2240 fieret
2819 2164 2905 2237 de

681 2281 847 2356 inito
887 2283 1221 2379 coniugio.
1258 2282 1400 2354 Hac
1450 2280 1536 2354 de
1584 2307 1789 2355 causa
1838 2279 2206 2355 identidem
2258 2280 2543 2354 summis
2594 2279 2909 2354 laudibus

679 2414 746 2471 et
787 2398 1164 2500 praeconiis
1209 2397 1533 2471 extollunt
1564 2398 1891 2471 salutares
1942 2396 2225 2469 huiusce
2274 2395 2763 2469 benedictionis
2802 2421 2908 2469 sa-

677 2511 1037 2586 cerdotalis
1076 2512 1386 2598 effectus,
1435 2537 1574 2612 qua
1619 2510 1859 2598 fiebat,
1897 2526 1971 2583 ut
2006 2508 2241 2584 fideles
2291 2508 2590 2616 legitime
2639 2509 2906 2608 nuptias

678 2624 1114 2711 celebrarent,
1161 2643 1359 2724 atque
1388 2626 1480 2697 ita
1502 2627 1786 2723 gratiam
1831 2641 2402 2725 consequerentur
2443 2624 2651 2697 huius
2693 2649 2909 2697 sacra·

677 2738 882 2810 menti
927 2737 1292 2836 propriam.

818 2850 1016 2926 Hunc
1061 2866 1282 2925 autem
1307 2909 1322 2940 ,
1361 2867 1429 2925 et
1469 2876 1603 2926 non
1647 2851 1852 2925 alium
1896 2853 2118 2929 fuisse.
2161 2878 2434 2927 sensum
2486 2853 2904 2928 commenda·

675 2967 879 3041 tionis
911 3023 928 3054 ‚
985 2993 1122 3068 qua
1168 2983 1394 3067 patres
1458 2983 1866 3042 exornarunt
1915 2968 2282 3068 nuptialem
2334 2968 2896 3053 benedictionem,

673 3081 1042 3158 luculenter
1062 3083 1257 3159 factis
1284 3084 1455 3187 ipsis
1479 3084 1958 3183 patefecerunt.
1977 3084 2436 3158 Patefecerunt
2459 3082 2903 3157 scilicet1.ex

673 3198 1121 3274 matrimoniis
1170 3199 1645 3288 clandestinis,
1688 3225 1864 3300 quae
1897 3200 2021 3273 etsi
2052 3216 2128 3272 ut
2163 3197 2402 3274 illicita
2439 3225 2519 3272 ac
2555 3196 2900 3296 illegitima

672 3330 1056 3391 constanter
1104 3316 1628 3417 improbaverint
1649 3373 1665 3403 ,
1712 3341 2080 3415 numquam
2131 3330 2355 3394 tamen
2405 3314 2788 3390 habuerunt
2808 3357 2811 3360 ·
2830 3327 2901 3386 ut

672 3431 875 3505 nulla*
911 3456 990 3506 ac
1054 3430 1349 3506 invalida
1372 3489 1388 3519 ‚
1444 3448 1520 3506 ut
1564 3431 1861 3506 vidimus
1911 3458 1992 3508 ex
2046 3429 2452 3506 Tertulliano
2474 3485 2491 3515 ,
2545 3444 2611 3502 et
2661 3428 2901 3502 confir-

670 3547 839 3622 mari
891 3564 1121 3648 posset
1167 3546 1473 3647 pluribus
1523 3547 1898 3622 canonibus
1919 3606 1936 3635 ,
1969 3547 2083 3648 qui
2120 3545 2346 3622 adhuc
2394 3544 2524 3622 hac
2572 3570 2780 3644 super
2834 3569 2901 3618 re

669 3678 897 3737 extant
939 3665 1117 3759 (55).
1152 3663 1247 3734 Ne
1270 3687 1430 3736 vero
1458 3679 1820 3763 reponatur
1853 3690 1971 3737 eos
2006 3662 2233 3736 valida
2260 3660 2539 3761 quidem
2564 3658 2897 3741 eiusmodi

669 3778 985 3875 coniugia
1037 3777 1358 3852 habuisse
1421 3780 1517 3852 uti
1587 3795 1962 3854 contractus
1986 3836 2002 3864 ,
2060 3804 2192 3850 non
2253 3791 2474 3852 autem
2524 3776 2623 3852 uti
2673 3798 2901 3851 sacra—

669 3905 894 3965 menta
914 3948 931 3979 ‚
987 3891 1154 3967 illud
1203 3891 1458 3981 obstat,
1504 3893 1687 3994 quod
1736 3891 2065 3967 eiusmodi
2105 3882 2447 3966 distinctio
2500 3888 2658 3966 olim
2699 3887 2900 3962 suerit

671 4004 936 4104 penitus
989 4007 1259 4107 ignota„
1314 4025 1390 4083 ut
1438 4034 1563 4084 suo
1612 4006 1759 4083 loco
1808 4006 2284 4094 ostendemus3
2342 4005 2648 4104 alioquin
2701 4002 2899 4075 inter·

815 4240 918 4303 (55)
952 4244 1008 4292 ln
1029 4254 1167 4293 conc.
1194 4243 1394 4295 lateran.
1421 4245 1508 4294 lv.
1535 4255 1643 4306 cap.
1669 4244 1801 4294 Cum
1823 4239 2066 4292 {inhibitio
2086 4239 2151 4291 de
2169 4239 2425 4291 clandest.
2449 4248 2625 4302 spons.
2640 4238 2765 4287 Item
2786 4247 2893 4297 cap.

664 4320 834 4371 Aliter
853 4326 929 4372 3⁰.
955 4334 1041 4384 qu.
1061 4328 1107 4372 ³.
1130 4323 1267 4372 Grat.
1291 4325 1442 4373 Decr.
1463 4335 1570 4384 cap.
1590 4319 1679 4370 ult.
1708 4323 1911 4370 Causae
1930 4321 2151 4369 xxvm.
2176 4333 2263 4383 qu.
2287 4325 2326 4368 ι.
2350 4318 2425 4367 Cf.
2450 4312 2737 4366 pallavicin.
2762 4313 2897 4364 Hist.

668 4413 811 4452 conc.
834 4399 962 4451 trid.
983 4400 1069 4452 nb.
1086 4401 1212 4452 xxl.
1235 4414 1340 4465 cap.
1365 4403 1449 4451 lv.
1468 4412 1519 4450 n.
1538 4406 1615 4450 26.
