3276 5083
667 455 804 524 308
1050 475 1172 525 m.
1216 475 1261 523 1.
1304 474 1477 524 secr.
1520 474 1779 524 ursas.
1823 474 1902 524 ns
1954 475 2218 526 nram.
2263 476 2476 526 civim.

663 611 781 669 aut
828 596 1029 669 noxia
1077 595 1214 668 vim
1266 593 1519 666 nullam
1573 593 1778 667 habet
1832 596 2024 690 (10);
2080 595 2261 694 quod
2314 597 2373 669 si
2426 596 2724 670 iustitiae
2772 600 2894 672 ad-

659 727 966 785 versetur
987 768 1005 797 ,
1063 736 1197 784 non
1248 710 1466 784 solum
1518 710 1770 784 iniusta
1811 709 2051 784 evadet
2083 710 2190 784 lex
2215 769 2231 798 ,
2276 737 2497 811 neque
2530 711 2885 811 obligatio-

660 853 814 901 nem
867 826 1175 913 inducet,
1233 827 1353 900 sed
1407 826 1792 900 nullatenus
1843 852 1991 900 eam
2043 852 2309 901 servare
2357 828 2461 901 fas
2513 830 2640 903 erit
2665 887 2681 917 ,
2737 856 2890 903 cum

661 943 768 1018 lex
804 960 1096 1043 nequeat
1136 970 1290 1018 esse
1323 943 1667 1017 vinculum
1706 942 2117 1041 iniquitatis3
2159 959 2361 1043 atque
2395 943 2547 1018 ideo
2582 960 2889 1019 naturam

659 1059 880 1133 induit
929 1058 1436 1157 antipoliticam.

801 1174 1156 1249 Eiusmodi
1193 1191 1415 1248 autem
1449 1200 1604 1248 esse
1638 1174 1855 1272 legem
1888 1174 1974 1247 de
1999 1176 2333 1273 coniugiis
2359 1201 2541 1250 mere
2566 1176 2884 1252 civilibus

658 1289 856 1364 facile
904 1291 1197 1390 quisque
1248 1288 1379 1363 sibi
1433 1289 1902 1389 persuadebit,
1944 1290 2005 1363 si
2042 1290 2559 1378 animadvertat,
2603 1317 2753 1365 eam
2790 1293 2887 1367 le-

657 1432 809 1505 gem
842 1432 923 1481 eo
956 1406 1201 1504 dirigi,
1239 1423 1316 1480 ut
1347 1406 1731 1504 coniugium
1759 1463 1775 1493 ,
1831 1405 2013 1506 quod
2066 1422 2559 1480 sacramentum
2605 1424 2751 1496 est,
2794 1410 2879 1483 ad

656 1522 1108 1597 conditionem
1145 1523 1298 1621 puri
1333 1538 1712 1595 contractus
1751 1538 2136 1609 revocetur,
2182 1522 2270 1594 sit
2303 1521 2530 1596 minus
2568 1522 2872 1612 firmum,

656 1652 724 1710 et
790 1635 1162 1710 revocabile
1213 1637 1299 1707 ad
1359 1636 1761 1709 sententiam
1812 1635 2325 1733 magistratuum
2377 1637 2519 1710 sive
2569 1637 2653 1709 ad
2707 1665 2886 1713 mor-

655 1770 821 1839 tem,
863 1777 1067 1851 quam
1110 1767 1385 1836 vocant,
1429 1749 1722 1838 civilem,
1754 1777 2066 1850 quaeque
2092 1778 2213 1850 per
2243 1751 2524 1850 legalem
2555 1752 2884 1827 fictionem

653 1866 1131 1966 aequiparatur
1162 1866 1358 1939 morti
1393 1864 1718 1953 naturali,
1752 1866 1895 1939 sive
1933 1893 2053 1966 per
2085 1867 2445 1941 divortium
2481 1868 2875 1967 perfectum,

653 1981 836 2082 quod
881 1983 951 2053 in
1002 1982 1311 2082 pluribus
1364 2008 1587 2055 rerum
1631 1981 1970 2055 adiunctis
2024 1983 2407 2056 necessario
2449 1984 2883 2083 pronunciari

653 2097 947 2171 deberet.
983 2098 1268 2197 Insuper
1289 2154 1304 2184 ,
1336 2113 1411 2170 ut
1434 2096 1857 2172 ostendimus
1879 2155 1895 2185 ,
1927 2097 2308 2171 facultatem
2345 2097 2696 2198 praeberet
2728 2125 2881 2173 con·

654 2211 1075 2287 trahentibus
1103 2227 1243 2285 tum
1270 2237 1479 2285 novas
1507 2211 1785 2284 ineundi
1815 2212 2114 2310 nuptias,
2132 2212 2397 2286 vivente
2424 2212 2651 2286 adhuc
2676 2214 2882 2312 priori

654 2330 939 2427 coniuge
963 2387 979 2417 ,
1020 2327 1202 2427 quod
1240 2344 1420 2401 esset
1462 2327 1780 2400 inducere
1814 2326 2264 2427 polygamiam
2309 2325 2546 2400 saltem
2581 2327 2874 2416 civilem,

655 2461 794 2518 tum
829 2469 981 2519 sese
1015 2442 1481 2543 obstringendi
1517 2442 1605 2516 ad
1643 2459 1915 2544 peccata
1959 2441 2290 2543 patranda
2332 2442 2515 2544 apud
2566 2469 2719 2531 eos,
2760 2446 2880 2546 qui

800 2660 901 2724 (ιο)
931 2664 1040 2712 Non
1058 2660 1141 2711 hic
1160 2661 1400 2724 proteram
1419 2661 1482 2712 ad
1507 2661 1811 2725 propositum
1846 2661 2139 2725 principium
2180 2661 2488 2726 probandum
2526 2661 2878 2713 auctoritatem

650 2739 993 2801 theologorum
1029 2740 1273 2800 omnium,
1297 2740 1384 2802 qui
1407 2739 1666 2789 unanimes
1685 2740 1816 2790 cirea
1836 2739 1960 2789 illud
1989 2742 2133 2802 sunt;
2167 2752 2327 2804 neque
2359 2740 2665 2792 institutores
2696 2741 2881 2805 urgebo

647 2817 1056 2881 iurisprudentiae
1092 2817 1254 2868 civilis
1290 2819 1397 2868 sive
1432 2818 1701 2868 catholicos
1727 2819 1832 2869 sive
1863 2821 2218 2883 protestantes,
2241 2821 2343 2869 imo
2362 2831 2454 2870 nec
2474 2820 2696 2870 ethnicos
2718 2820 2876 2884 ipsos,

648 2897 735 2961 qui
756 2898 863 2948 solo
886 2897 1099 2948 naturali
1130 2898 1316 2949 lumine
1336 2898 1473 2949 ducti
1496 2898 1558 2948 ad
1581 2898 1744 2962 ipsum
1766 2897 2162 2948 constituendum
2181 2899 2491 2963 conspirant;
2513 2899 2623 2961 lios,
2647 2900 2875 2963 inquam,

648 2991 820 3028 omnes
837 2977 1101 3028 dimittam.
1123 2979 1252 3028 Satis
1270 2978 1392 3028 mihi
1409 2979 1505 3028 erit
1524 2977 1763 3028 adversus
1788 2978 1926 3042 legis,
1947 2977 2010 3028 de
2026 2991 2126 3041 qua
2148 2979 2354 3042 agimus,
2379 2981 2614 3042 patronos
2627 2978 2873 3029 adducere

647 3058 1006 3120 auctoritatem,
1032 3072 1160 3122 quae
1178 3059 1445 3123 plurimum
1468 3072 1614 3123 penes
1635 3059 1769 3122 ipsos
1786 3059 1935 3121 valet,
1955 3070 2130 3122 nempe
2148 3059 2503 3109 Melancthonis
2529 3059 2616 3122 qui
2644 3073 2760 3109 cum
2780 3059 2877 3109 sibi

644 3139 978 3201 proposuisset
1004 3138 1098 3188 hoc
1122 3141 1488 3202 argumentum:
1513 3158 1538 3182 κ
1560 3140 1714 3201 Reges
1736 3139 1942 3201 possunt
1960 3136 2023 3187 de
2041 3136 2187 3188 rebus
2209 3137 2422 3201 politicis
2454 3151 2546 3188 suo
2582 3136 2768 3188 iudicio
2788 3137 2872 3188 de·

642 3220 777 3269 creta
816 3218 996 3268 faeere:
1032 3220 1434 3268 matrimonium
1458 3220 1537 3268 est
1566 3231 1651 3267 res
1676 3216 1916 3281 politica.
1944 3221 2069 3281 Ergo
2092 3216 2286 3280 regibus
2303 3217 2419 3267 licet
2433 3216 2495 3266 de
2514 3230 2574 3266 eo
2594 3216 2789 3267 decreta
2806 3217 2876 3267 sa·

646 3313 756 3350 cere
782 3313 876 3350 suo
912 3298 1153 3350 iudicio.»
1184 3301 1261 3350 lta
1297 3298 1471 3349 solvit:
1504 3319 1528 3343 οι
1550 3299 1722 3349 Brevis
1756 3299 2007 3362 responsio
2036 3300 2134 3360 est;
2168 3299 2327 3348 maior
2365 3297 2589 3362 neganda
2609 3300 2710 3361 est;
2738 3311 2878 3360 reges

638 3379 770 3429 enim
790 3391 881 3430 nec
899 3377 962 3429 de
979 3378 1193 3442 politicis
1215 3379 1359 3429 rebus
1386 3378 1583 3428 decreta
1620 3391 1713 3428 suo
1750 3377 1932 3429 iudicio
1971 3379 2350 3441 qualiacumque
2386 3380 2599 3429 condere
2632 3379 2874 3442 possunt,

645 3457 738 3509 sed
758 3458 946 3510 debent
982 3461 1152 3509 iustas
1185 3459 1320 3522 ἱερᾶς
1354 3457 1600 3519 condere,
1620 3460 1671 3508 et
1693 3457 1832 3520 sequi
1854 3457 2092 3507 iudicium
2117 3457 2235 3518 Dei,
2262 3457 2526 3520 videlicet,
2563 3470 2626 3507 ne
2656 3455 2876 3507 condant

636 3538 766 3600 leges
787 3540 1057 3602 pugnantes
1089 3551 1203 3588 cum
1232 3536 1477 3587 mandatis
1495 3538 1603 3587 Dei.
1626 3537 1835 3586 Politice
1857 3550 1934 3586 res
1951 3537 2025 3587 est
2043 3536 2234 3586 forense
2253 3535 2510 3586 iudicium.
2534 3535 2635 3587 Sed
2656 3536 2873 3598 renibus

642 3630 746 3668 non
767 3616 887 3669 licet
909 3616 1044 3680 leues
1064 3615 1309 3677 condere,
1329 3619 1392 3667 ut
1416 3615 1579 3666 iudex
1591 3619 1790 3680 puniat
1808 3617 2155 3676 innocentem,
2173 3619 2285 3666 sine
2306 3616 2541 3679 legitima
2558 3618 2868 3680 coqnieione.

637 3695 810 3746 Habet
829 3709 957 3747 suas
977 3697 1143 3745 metas
1164 3709 1349 3758 reyum
1368 3697 1631 3759 potentia,
1653 3707 1743 3745 nec
1763 3697 1928 3745 sumat
1947 3694 2041 3744 sibi
2066 3693 2313 3744 licentiam
2333 3697 2504 3744 contra
2528 3693 2760 3743 mandata
2777 3695 2869 3744 Dei

641 3775 832 3839 aliquid
852 3774 1198 3826 constituendi.
1222 3775 1473 3824 Pertinent
1489 3776 1553 3825 ad
1578 3775 1712 3838 ipsos
1731 3788 1930 3838 quoque
1958 3774 2120 3824 minse
2155 3775 2419 3824 caelestes:
2462 3777 2565 3825 Vae
2594 3774 2741 3825 vobis
2772 3778 2870 3837 qut

637 3854 863 3906 conditis
887 3855 1021 3920 leqes
1041 3857 1303 3919 iniquas.»
1319 3857 1452 3904 Haec
1469 3853 1670 3917 quide-
1690 3855 2022 3916 Melanchton,
2046 3866 2174 3916 quae
2193 3852 2400 3904 mirifice
2415 3852 2660 3916 quadrant
2679 3853 2731 3902 in
2752 3853 2872 3916 legi-

639 3934 767 3984 feros
802 3938 1012 3986 nostros.
1041 3939 1266 3999 Operum
1299 3933 1575 3984 reverendi
1596 3933 1832 3999 Philippi
1853 3933 2234 3984 Melanchtonis
2266 3947 2379 3997 pars
2404 3933 2635 3984 secunda.
2652 3934 2861 3984 Vittem-

642 4013 816 4076 bergse
845 4021 978 4065 1562.
1005 4017 1055 4064 in
1074 4028 1242 4079 opusc.
1270 4013 1513 4076 Defensio
1548 4017 1780 4078 coniuqii
1815 4013 2147 4064 sacerdotum
2176 4016 2338 4065 missa
2355 4013 2428 4064 ad
2448 4027 2624 4078 reqem
2643 4014 2869 4077 Anqliae

641 4106 751 4157 pag.
782 4098 886 4143 179.
912 4097 1118 4151 Quarta
1136 4094 1373 4144 obiectio.

788 4175 949 4236 Atque
970 4173 1053 4223 liic
1074 4173 1231 4225 obiter
1256 4174 1440 4224 adnoto
1457 4175 1846 4225 Melancbtonem
1867 4188 1956 4237 pro
1978 4176 2115 4225 certo
2137 4173 2395 4225 admittere
2413 4173 2784 4224 matrimonium
2801 4173 2870 4223 ad

639 4267 715 4305 res
740 4253 965 4318 politicas
984 4254 1226 4316 pertinere
1247 4268 1359 4304 cum
1385 4255 1607 4318 pluribus
1629 4255 1743 4305 aliis
1764 4256 1937 4305 aetatis
1961 4256 2099 4305 illius
2121 4255 2500 4318 protestantibus
2515 4292 2532 4317 ,
2555 4255 2647 4305 etsi
2668 4254 2752 4304 alii
2788 4268 2861 4303 re·

638 4336 853 4399 pugnent
866 4370 881 4394 ,
905 4335 961 4384 ut
982 4332 1275 4395 videbimus,
1295 4337 1344 4384 et
1364 4335 1508 4385 rebus
1527 4335 1679 4386 sacris
1699 4335 2037 4386 adsumerent.
2057 4337 2299 4386 Nimirum
2322 4348 2515 4400 semper
2532 4335 2769 4400 ancipites
2787 4335 2864 4386 m-

638 4417 784 4468 crunt
801 4414 895 4468 hac
909 4413 962 4466 in
983 4427 1036 4466 re
1053 4414 1390 4479 protestantes,
