3276 5083
688 427 777 496 96
1094 451 1215 499 m.
1259 450 1306 498 1.
1349 447 1519 500 secr.
1562 451 1607 498 ι.
1652 451 1731 499 nn
1766 449 2026 501 numu.
2069 450 2496 503 sicunsnro.

1502 634 1828 693 CAPUT
1871 637 2009 692 IV·

790 845 796 850 Ι
908 785 1366 836 ΕΧΡΕΝΜΙΝΊἭΒ
1428 786 1805 837 Aneuussnu
1871 788 2105 837 uun
2166 789 2282 837 PRO
2347 788 2689 839 SENTENTIA

976 884 1056 932 ΒΕ
1090 883 1441 933 ΕΔΩΕΒΒΟΤΕ
1478 884 1831 935 ΕΗΒΙΒΤΙΔΝΙ
1867 884 2240 936 unmuonn
2278 885 2596 935 nlmsmo.

1541 1018 1957 1075 ARthULUs
1995 1018 2039 1073 1.

1456 1135 1815 1213 Argumenta
1853 1134 2097 1196 mbuca.

826 1256 1057 1330 Maiori
1108 1282 1243 1356 qua
1291 1255 1485 1330 nobis
1547 1255 1779 1329 datum
1829 1271 1933 1331 est
1979 1258 2450 1356 perspicuitate
2497 1251 2575 1330 ac
2622 1258 2689 1332 vi
2740 1284 2903 1357 pro-

682 1372 1031 1471 posuimus
1079 1385 1465 1468 argumenta
1490 1428 1507 1457 ,
1549 1396 1722 1469 quae
1755 1386 1895 1443 tum
1930 1365 2153 1444 Canus
2176 1428 2191 1457 ,
2235 1387 2372 1444 tum
2407 1371 2555 1444 eius
2598 1370 2902 1445 asseclae

683 1487 752 1558 in
798 1486 1090 1558 medium
1142 1485 1503 1559 attulerunt
1537 1485 1622 1557 ad
1658 1486 2095 1558 evincendam
2133 1488 2529 1559 sententiam
2564 1486 2650 1559 de
2685 1512 2903 1560 saeer-

682 1600 834 1673 dote
884 1601 1173 1697 coniugii
1210 1600 1562 1674 christiani
1598 1599 1928 1674 ministro.
1964 1600 2178 1700 Atque
2212 1617 2286 1674 ut
2321 1599 2606 1675 fideliori
2644 1603 2899 1675 ratione

684 1713 753 1784 id
800 1729 1289 1822 praestaremus
1316 1772 1331 1802 ,
1371 1740 1451 1786 ea
1484 1714 2024 1814 deprompsimus
2074 1740 2155 1787 ex
2205 1716 2376 1814 ipsis
2426 1713 2894 1817 scriptoribus,

685 1828 802 1926 qui
832 1829 992 1902 huic
1017 1828 1315 1929 opinioni
1341 1828 1644 1903 addictos
1672 1855 1747 1902 se
1774 1821 2058 1902 maxime
2082 1830 2549 1917 ostenderunt,
2581 1846 2649 1904 et
2670 1829 2899 1930 quoad

684 1942 831 2016 eius
881 1943 1023 2017 fieri
1074 1944 1319 2043 potuit,
1361 1943 1531 2042 ipsis
1581 1970 1812 2017 eorum
1859 1943 2084 2018 verbis
2133 1945 2242 2018 usi
2295 1971 2569 2031 sumus,
2614 1970 2696 2017 ne
2728 1945 2898 2044 quid

687 2058 943 2133 roboris
977 2060 1386 2146 amitterent,
1430 2085 1508 2133 ac
1542 2086 1627 2133 ne
1658 2059 1983 2133 validiora
2015 2059 2446 2133 dissimulare
2491 2060 2892 2133 videremur.

684 2178 875 2249 Nunc
931 2192 1149 2250 autem
1216 2176 1448 2249 eodem
1497 2176 1702 2249 animi
1754 2174 2040 2249 candore
2088 2202 2169 2249 ea
2215 2174 2589 2276 expendere
2622 2233 2637 2261 ,
2694 2190 2903 2274 atque

682 2306 987 2366 excutere
1036 2292 1496 2388 aggredimur,
1535 2308 1610 2364 ut
1650 2292 1896 2366 veritas
1948 2317 2071 2365 suo
2105 2293 2174 2364 in
2208 2291 2458 2364 lumine
2506 2291 2890 2364 collocetur.

686 2407 770 2479 Ut
819 2423 1040 2480 autem
1084 2407 1317 2480 ordine
1364 2399 1891 2506 progrediamur,
1935 2432 2209 2479 examen
2243 2406 2544 2479 criticum
2595 2401 2903 2506 auspica-

680 2520 904 2593 bimur
937 2520 1026 2594 ab
1083 2521 1489 2618 argumentis
1539 2520 1804 2594 biblicis
1853 2521 2265 2595 excutiendis
2289 2579 2305 2609 ,
2363 2541 2498 2621 quo
2546 2519 2857 2595 absoluto
2878 2579 2894 2607 ,

688 2635 771 2707 ad
824 2635 1264 2733 expendenda
1314 2652 1703 2732 argumenta
1751 2635 2222 2723 traditionalia,
2263 2662 2343 2710 ac
2393 2636 2661 2709 demum
2712 2662 2906 2734 argu-

689 2762 913 2819 menta
963 2747 1332 2844 theologica
1384 2748 1662 2846 gradum
1713 2749 2059 2823 faciemus.

825 2863 924 2935 Ex
965 2861 1229 2951 Bibliis‚
1284 2880 1360 2937 ut
1409 2892 1533 2938 suo
1583 2864 1729 2938 loco
1781 2866 2198 2953 monuimus,
2255 2866 2510 2939 nullum
2564 2867 2778 2968 pofert
2811 2883 2902 2939 te-

685 2979 1070 3053 stimonium
1122 2978 1380 3067 Canus,
1439 3006 1657 3079 neque
1692 2980 1777 3052 ad
1814 3006 1894 3052 ea
1928 2980 2198 3054 omnino
2232 2980 2545 3080 appellat.
2581 2984 2903 3081 Superest

683 3095 914 3191 igitur,
963 3111 1039 3168 ut
1087 3096 1373 3169 examini
1426 3094 1866 3170 subiiciamus
1901 3122 2004 3182 ea,
2047 3122 2221 3195 quae
2268 3123 2348 3169 ex
2399 3097 2610 3169 sacris
2660 3097 2902 3170 litteris

685 3210 1101 3308 protulerunt
1150 3211 1266 3309 qui
1315 3212 1443 3284 hac
1494 3212 1562 3282 in
1615 3212 2064 3285 controversia
2105 3202 2452 3309 suppetias
2494 3212 2674 3284 Cano
2722 3211 2903 3283 serre

684 3324 906 3398 adnisi
959 3341 1136 3398 sunt.
1171 3327 1308 3398 lam
1341 3352 1499 3399 vero
1532 3351 1766 3399 omnes
1814 3341 2142 3425 quotquot
2192 3342 2349 3399 sunt
2390 3326 2658 3398 unicum
2706 3323 2902 3397 dum—

687 3456 868 3514 taxat
920 3440 1259 3538 paulinum
1317 3456 1552 3537 urgent
1602 3456 1849 3513 textum
1884 3466 1965 3512 ex
1999 3441 2051 3511 1.
2096 3439 2394 3513 Corinth.
2424 3441 2526 3511 lv,
2555 3442 2623 3511 1.
2656 3440 2726 3511 in
2764 3465 2902 3539 quo

683 3554 1043 3654 Apostolus
1092 3571 1283 3628 vocat
1323 3554 1701 3628 sacerdotes
1737 3554 2205 3653 dispensatores
2253 3556 2705 3653 mysteriorum
2743 3555 2892 3626 Dei.

685 3669 827 3742 Hoc
860 3669 1128 3741 unicum
1173 3668 1510 3766 proferunt
1544 3668 1997 3742 testimonium
2019 3725 2034 3752 ‚
2077 3668 2147 3739 in
2182 3667 2310 3741 hoc
2344 3694 2477 3741 uno
2511 3666 2892 3740 confidunt:

685 3807 914 3856 verum
963 3810 1165 3883 quam
1218 3783 1447 3856 leviter
1488 3809 1626 3855 rem
1667 3809 1867 3881 quam
1902 3781 2132 3855 volunt
2170 3781 2560 3866 conficiant,
2602 3781 2898 3881 quisque

686 3894 877 3969 facile
924 3897 1054 3969 sibi
1104 3897 1564 3997 persuadebit,
1620 3897 1738 3996 qui
1788 3898 2085 3970 advertat
2126 3899 2193 3968 1.
2236 3896 2364 3969 hoc
2391 3895 2458 3967 in
2485 3894 2632 3968 loeo
2656 3910 2902 3994 myste-

686 4013 936 4083 riorum
983 4013 1280 4097 nomine,
1339 4013 1641 4111 praecise
1675 4037 1806 4086 non
1840 4026 2243 4085 sacramenta
2277 4008 2665 4109 Apostolum
2718 4009 2904 4082 desi-

685 4153 926 4224 gnare,
978 4128 1095 4201 sed
1148 4128 1707 4227 praedicationem
1760 4128 2221 4227 mysteriorum
2272 4126 2467 4214 fidei,
2524 4151 2645 4199 seu
2696 4152 2902 4199 evan-

683 4242 934 4340 gelicae
998 4243 1375 4331 doetrinae3
1446 4246 1625 4344 quod
1688 4242 2002 4317 orationis
2070 4242 2478 4316 continuatio
2542 4239 2900 4314 manifeste

683 4356 1010 4444 ostendit,
1053 4372 1119 4430 et
1152 4357 1445 4455 Apostoli
1499 4357 1667 4433 ratio
1716 4357 2028 4454 postulat.
2072 4357 2213 4430 Sibi
2246 4356 2429 4429 enim
2466 4355 2712 4429 Paulus
2749 4382 2900 4454 pro-
