3276 5083
589 473 726 522 cu.
756 473 844 522 ιν.
878 472 958 521 os
992 472 1229 522 Αιιιιυιι.
1259 472 1376 521 ruo
1417 472 1574 521 ιιιιιιι
1611 473 1691 520 ns
1728 471 1916 520 unu.
1951 470 2077 519 clv.
2111 471 2249 519 Αιιτ.
2296 470 2339 518 ι.
2500 447 2634 515 359

1349 694 1724 791 Responsio,

563 940 663 1011 Ex
714 939 844 1013 hac
891 938 1199 1036 exposita
1265 936 1522 1009 theoria
1589 937 1786 1009 unice
1844 936 2149 1035 sequitur
2216 961 2418 1007 unam
2469 962 2642 1008 eam·

416 1058 708 1155 demque
768 1080 906 1127 rem
956 1054 1086 1128 sub
1154 1052 1507 1151 multiplici
1562 1069 1874 1151 respectu
1923 1052 2209 1151 spectari
2265 1078 2466 1149 posse
2492 1110 2507 1139 ,
2565 1079 2644 1126 ac

422 1197 543 1268 per
587 1169 890 1243 diversos
939 1183 1298 1267 conceptus
1347 1166 1801 1266 apprehendi,
1861 1191 1993 1238 non
2046 1181 2267 1239 autem
2305 1167 2375 1237 in
2412 1166 2640 1265 plures

420 1310 530 1358 res
578 1284 873 1382 discerpi
926 1309 1128 1382 posse
1178 1299 1291 1356 aut
1338 1282 1605 1355 debere.
1660 1283 1836 1354 Sane
1893 1309 2028 1355 una
2076 1282 2449 1379 eademque
2489 1310 2643 1380 per-

422 1422 591 1472 sona
623 1454 638 1483 ,
695 1422 873 1495 quae
920 1412 1023 1472 est
1073 1396 1312 1481 homo,
1369 1396 1540 1469 civis
1575 1411 1643 1469 et
1673 1394 2128 1481 christianus,
2191 1396 2371 1468 haud
2430 1414 2647 1494 potest

418 1512 508 1586 ob
559 1512 888 1611 triplicem
941 1512 1121 1584 hunc
1174 1527 1548 1609 respectum
1586 1511 1656 1583 in
1692 1528 1826 1585 tres
1880 1511 2093 1584 reales
2145 1512 2444 1610 dispesci
2499 1539 2642 1611 per·

424 1653 662 1714 sonas,
719 1625 898 1725 quod
935 1642 1039 1700 est
1079 1624 1447 1699 absurdum
1484 1625 1590 1699 vel
1624 1627 1943 1723 cogitare.
1986 1627 2096 1699 Sic
2147 1628 2641 1700 matrimonium

416 1742 938 1817 christianorum
974 1768 1183 1815 unum
1235 1758 1437 1842 atque
1484 1742 1908 1816 individuum
1953 1758 2095 1829 est,
2152 1743 2336 1841 quod
2387 1761 2493 1817 est
2550 1770 2651 1817 sa·

419 1874 875 1940 crumentum,
922 1882 1142 1956 neque
1184 1884 1265 1931 ex
1312 1884 1393 1931 eo
1440 1858 1623 1956 quod
1676 1858 1964 1956 spectari
2004 1859 2220 1956 possit
2253 1886 2374 1957 per
2406 1861 2652 1932 mentis

423 1973 939 2046 abstractionem
965 1997 1046 2044 ac
1068 1972 1361 2067 logicum
1388 1989 1784 2070 conceptum
1806 1987 1879 2045 ιιι
1896 1988 2272 2047 contractus
2296 1974 2643 2058 naturaliS,

426 2085 652 2159 civilis
684 2101 751 2159 et
784 2085 1290 2158 sacramentalis
1313 2143 1329 2171 ,
1369 2086 1612 2158 exinde
1663 2087 1968 2184 sequitur
2001 2113 2153 2160 esse
2196 2104 2331 2161 tres
2385 2089 2650 2162 realita-

428 2214 555 2284 tes‚
599 2225 721 2272 seu
755 2216 888 2272 tres
928 2224 1033 2271 res
1070 2199 1156 2270 ab
1194 2198 1483 2271 invicem
1517 2198 1874 2272 distinctas
1902 2257 1917 2286 ,
1959 2200 2168 2273 multo
2219 2226 2375 2274 vero
2425 2202 2650 2274 minus

425 2313 835 2402 divisasaut
875 2311 1280 2386 divisibiles.
1324 2313 1454 2384 Sed
1489 2328 1594 2386 est
1629 2338 1838 2386 unum
1889 2313 2202 2413 idemque
2234 2314 2645 2410 coniugium,

420 2428 605 2527 quod
652 2428 944 2527 ,spectari
992 2444 1212 2527 potest
1243 2443 1317 2500 ut
1350 2429 1647 2501 officium
1684 2444 1960 2501 naturae
1984 2485 1999 2513 ,
2043 2445 2116 2501 ut
2148 2429 2444 2502 officium
2472 2455 2652 2502 com—

423 2545 808 2633 munitatis,
860 2561 929 2618 et
960 2559 1033 2618 ιιι
1064 2545 1363 2619 officium
1417 2544 1765 2641 religionis
1795 2603 1810 2631 ‚
1868 2572 1948 2618 ac
1996 2545 2125 2619 sub
2175 2545 2475 2644 quolibet
2527 2545 2653 2618 hoc

427 2675 736 2759 respectu
785 2660 1135 2757 attingitur
1182 2686 1224 2732 a
1274 2660 1420 2757 lege
1485 2660 1811 2747 naturali,
1868 2687 1909 2733 a
1960 2660 2107 2758 lege
2158 2660 2390 2746 civili,
2450 2678 2517 2734 et
2566 2661 2651 2733 ab

424 2774 715 2850 ecclesia
763 2800 886 2850 seu
936 2774 1303 2872 religione,
1344 2790 1410 2847 et
1443 2775 1718 2874 quidem
1771 2775 1900 2848 sub
1952 2777 2324 2874 respective
2374 2776 2642 2860 ordine;

423 2915 466 2963 a
498 2890 647 2986 lege
683 2906 960 2965 naturae
995 2918 1079 2963 ne
1119 2891 1233 2963 fiat
1265 2906 1496 2965 contra
1531 2891 1950 2964 honestatem
1980 2948 1995 2977 ,
2037 2918 2239 2989 quam
2284 2917 2365 2964 ea
2405 2892 2644 2989 exigit;

426 3026 469 3074 a
517 3003 664 3098 lege
712 3004 895 3076 civili
949 3031 1033 3076 ne
1081 3023 1311 3079 contra
1362 3006 1607 3080 bonum
1659 3006 1858 3079 civile
1904 3032 1981 3079 ac
2017 3006 2360 3105 politicum
2415 3007 2653 3078 redun-

427 3116 580 3202 det;
622 3115 709 3189 ab
741 3116 1030 3190 ecclesia
1060 3176 1077 3201 ,
1125 3146 1301 3216 quae
1346 3120 1556 3193 efficit
1590 3136 1664 3192 ut
1696 3134 2074 3193 contractus
2126 3119 2452 3192 naturalis
2476 3176 2491 3205 ,
2534 3121 2648 3217 qui

426 3246 532 3305 est
580 3231 1090 3305 fundamentum
1114 3288 1131 3317 ,
1189 3232 1527 3328 legitimus
1574 3234 1666 3307 sit
1712 3249 1780 3305 et
1829 3248 2246 3306 sacramento
2309 3249 2648 3332 tamquam

426 3346 708 3420 materia
744 3347 1101 3433 inserviat,
1149 3372 1272 3419 seu
1320 3347 1545 3420 verius
1596 3364 1701 3420 est
1748 3363 2239 3421 sacramentum
2293 3347 2513 3450 ipsum
2538 3404 2554 3431 ,
2612 3374 2652 3419 a

431 3488 569 3560 quo
618 3478 997 3538 contractus
1049 3463 1273 3561 reipsa
1325 3489 1458 3536 non
1509 3463 1967 3561 distinguitur.

576 3578 644 3650 Si
697 3579 925 3678 itaque
974 3593 1353 3654 contractus
1405 3579 1732 3652 naturalis
1783 3578 2288 3651 fundamentum
2339 3594 2443 3651 est
2490 3603 2648 3652 con-

430 3693 597 3789 iugii
631 3693 1010 3779 christiani,
1052 3708 1120 3766 et
1152 3720 1288 3793 quo
1323 3694 1607 3767 ecclesia
1642 3709 1984 3791 tamquam
2020 3694 2299 3767 materia
2350 3693 2650 3790 proxima

429 3834 548 3907 per
599 3824 818 3881 actum
869 3809 1121 3906 ipsum,
1177 3836 1313 3908 quo
1350 3810 1454 3898 fit,
1496 3811 1708 3882 utitur
1756 3811 1839 3881 ad
1892 3809 2387 3884 conficiendum
2440 3835 2656 3904 sacra-

430 3938 728 3996 mentum
778 3949 819 3995 a
869 3923 1137 3998 Christo
1185 3924 1472 3998 Domino
1544 3924 1957 4011 institutum,
2015 3939 2194 4024 patet
2242 3940 2654 3998 contractum

429 4034 799 4110 naturalem
834 4053 900 4109 et
932 4052 1422 4110 sacramentum
1468 4064 1678 4111 unum
1716 4064 1786 4111 re
1820 4038 2134 4112 constitui
2173 4063 2252 4111 ac
2298 4064 2490 4124 esse,
2533 4064 2656 4111 nec

428 4176 637 4224 unum
680 4151 766 4224 ab
805 4152 1015 4226 altero
1058 4152 1353 4250 dispesci
1391 4179 1710 4251 umquam
1750 4178 1973 4250 posse.
1998 4155 2164 4227 Nam
2200 4181 2282 4227 ex
2315 4171 2659 4228 contractu

432 4265 508 4338 fit
553 4285 1071 4355 sacramentum,
1130 4283 1196 4340 et
1239 4293 1357 4366 per
1410 4284 1903 4341 sacramentum
1956 4286 2108 4341 actu
2157 4285 2534 4343 contractus
2590 4271 2655 4338 in

432 4406 555 4452 suo
604 4408 757 4457 esse
806 4384 1232 4458 constituitur
1281 4398 1484 4480 atque
1536 4384 1913 4482 perficitur,
1958 4385 2201 4458 cxindc
2253 4385 2460 4457 oritur
2509 4383 2657 4456 vin-
