3276 5083
549 448 1369 502 mr.1v.ssxrnun.xno.nn
1395 447 1728 499 tunsum.
1751 449 1889 498 Aur.
1913 450 1958 498 1.
1981 451 2123 500 Aac.
2149 450 2412 502 amum.
2489 431 2608 500 -99

397 569 822 643 conditiones
872 567 1312 640 determinant
1359 566 1582 667 quoad
1632 568 1797 640 ritus
1821 626 1837 654 ,
1876 570 2286 642 ceremonias
2308 629 2324 657 ,
2364 569 2579 644 locum
2591 555 2616 659 ,Γ

406 701 709 782 tempus,
749 673 1073 781 personas
1113 681 1381 782 aliaque
1429 673 1784 756 eiusmodi.
1829 681 1978 768 Qua
2019 685 2366 783 posteriori
2409 671 2618 784 signiss

409 797 720 871 ficatione
758 796 982 895 reipsa
1034 813 1445 871 sacramenta
1486 797 1712 869 omnia
1759 796 2080 871 ministris
2132 797 2380 871 Christi
2420 814 2487 871 et
2523 799 2623 872 di-

406 909 913 1008 spensatoribus
951 910 1421 1009 mysteriorum
1447 910 1605 996 Dei,
1652 936 1772 983 seu
1814 911 2040 1009 potius
2082 911 2402 985 ecclesiae
2442 937 2620 986 com-

405 1027 617 1099 missa
667 1039 868 1111 sunt,
925 1025 1229 1125 adeoque
1278 1040 1343 1098 et
1392 1040 1876 1098 sacramentum
1927 1015 2363 1113 matrimonii,
2426 1027 2619 1100 cuius

400 1140 698 1238 legitima
767 1139 1255 1214 administratio
1323 1140 1409 1213 ab
1466 1140 1753 1214 ecclesia
1816 1140 2148 1239 dependet
2193 1171 2210 1238 5
2290 1142 2358 1212 in
2416 1142 2620 1241 priori

402 1279 561 1328 vero
598 1254 1092 1351 significatione
1134 1280 1266 1328 non
1300 1256 1456 1328 item
1479 1313 1496 1342 ,
1539 1281 1690 1328 cum
1717 1255 1869 1328 laici
1903 1255 1972 1327 in
2009 1256 2425 1329 necessitatis
2455 1283 2619 1330 casu

406 1369 740 1468 baptisma
781 1371 1083 1444 conferre
1124 1370 1422 1468 possint,
1454 1386 1520 1443 et
1544 1371 1662 1469 qui
1699 1369 2077 1444 sacerdotes
2114 1370 2405 1444 nondum
2433 1385 2613 1459 sunt,

412 1483 509 1555 uti
552 1485 853 1571 diaconi,
904 1498 1189 1583 possunt
1237 1484 1568 1557 interdum
1620 1484 2095 1558 eucharistiam
2147 1485 2513 1584 porrigere;
2553 1486 2621 1557 in

406 1625 569 1672 casu
601 1625 757 1673 vero
794 1615 1018 1673 nostro
1045 1599 1171 1673 sub
1196 1585 1517 1673 ecclesiae
1552 1600 1875 1697 regimine
1910 1600 2374 1706 contrahentes
2400 1602 2622 1702 ipsum

402 1715 771 1787 conficiunt
806 1714 1208 1787 matrimonii
1245 1729 1756 1787 sacramentum.
1801 1715 1940 1787 Hac
1976 1740 2175 1814 porro
2207 1701 2626 1790 animadver-

405 1830 595 1903 sione
632 1830 755 1902 rite
798 1829 996 1902 etiam
1042 1829 1455 1928 componitur
1509 1828 1773 1903 illorum
1823 1817 2251 1928 interpretum
2295 1830 2624 1929 expositio

410 1941 668 2041 paulini
714 1959 928 2017 textus
949 2001 965 2030 ,
1009 1944 1126 2043 qui
1177 1943 1535 2017 extendunt
1591 1945 1792 2017 etiam
1849 1943 1932 2017 ad
1994 1960 2404 2018 sacramenta
2453 1970 2630 2045 quae

408 2059 765 2157 Apostolus
813 2085 1131 2159 expresse
1179 2059 1265 2131 de
1314 2059 1802 2158 praedicatione
1853 2060 2126 2159 scripsit
2167 2057 2571 2157 evangelica.

555 2175 742 2246 Nunc
789 2173 1126 2248 coronidis
1178 2174 1392 2271 gratia
1439 2173 1795 2247 adiicimus
1841 2199 1923 2245 ne
1967 2199 2174 2245 unum
2225 2172 2498 2271 quidem
2547 2198 2626 2244 ex

414 2276 758 2387 patribus,
799 2290 915 2388 qui
969 2290 1145 2363 hanc
1191 2288 1540 2388 epistolam
1586 2289 1869 2386 primam
1902 2286 1987 2358 ad
2019 2285 2399 2359 Corinthios
2437 2311 2630 2386 expo-

413 2417 728 2489 suerunt,
773 2403 1092 2490 inveniri,
1133 2402 1250 2502 qui
1301 2402 1716 2502 propositum
1762 2415 2006 2473 textum
2053 2400 2140 2473 de
2183 2414 2632 2474 sacramento-

407 2543 557 2590 rum
607 2517 1181 2592 administratione
1230 2516 1648 2591 intellexerit.
2090 2586 2094 2590 ,

552 2634 649 2705 Ex
701 2634 813 2706 his
863 2634 994 2705 iam
1045 2633 1199 2707 licet
1258 2633 1581 2706 iudicium
1649 2632 1820 2705 ferre
1880 2630 1968 2705 de
2015 2631 2202 2728 gravi
2256 2632 2629 2704 assertione

406 2749 770 2821 doctissimi
797 2749 1073 2848 theoloqi
1103 2749 1382 2821 Mariani
1409 2748 1788 2848 Dobmayer
1812 2806 1829 2835 ,
1868 2747 1984 2846 qui
2026 2746 2257 2820 statuit
2297 2772 2417 2844 per
2448 2746 2629 2820 hunc

407 2880 656 2936 textum
696 2862 1091 2959 generaliter
1132 2863 1535 2936 vindicatam
1586 2862 2126 2960 dispensationem
2173 2863 2630 2960 mysteriorum

410 2978 536 3049 Dei
584 2968 799 3051 sacris
849 2978 1227 3065 ministris,'
1267 3005 1347 3051 ex
1398 3004 1533 3077 qua
1580 2992 1654 3048 ut
1702 2978 1785 3048 ab
1835 3003 1960 3048 uno
2012 2976 2358 3049 recedatur
2405 3001 2632 3049 sacra-

414 3110 665 3180 mento,
716 3091 972 3165 nullum
1013 3118 1242 3166 sacrae
1275 3093 1693 3190 Scripturae‚
1737 3090 1881 3165 sive
1916 3092 2132 3191 prima
2159 3088 2444 3164 ecclesia
2479 3090 2632 3163 fun-

412 3207 789 3282 damentum
841 3207 1194 3306 praebent!
1245 3192 1459 3306 Atque
1512 3206 1690 3278 idem
1742 3205 1827 3278 de
1874 3205 2114 3278 ceteris
2162 3202 2457 3289 dicatur,
2514 3203 2629 3301 qui

415 3321 645 3396 eadem
692 3310 996 3422 repetunt
1045 3337 1244 3422 atque
1294 3322 1727 3419 ingeminant.

1265 3490 1679 3546 ARTICULUS
1717 3489 1790 3544 11.

1115 3626 1472 3703 Argumenta
1511 3624 1926 3684 traditionalla.

562 3768 645 3839 Ut
678 3793 969 3866 aequum
1008 3766 1096 3839 de
1134 3765 1554 3839 documentis
1589 3762 2157 3843 traditionalibuS,
2206 3758 2454 3858 quibus
2491 3784 2637 3832 sen-

417 3883 621 3955 tentia
659 3881 1027 3954 adstruitur
1050 3880 1136 3953 de
1171 3879 1514 3953 sacerdote
1558 3877 1871 3951 connubii
1909 3874 2260 3949 christiani
2295 3873 2630 3959 ministro,

416 3997 738 4070 iudicium
785 3997 1064 4081 seratur,
1122 3995 1288 4068 illud
1342 3996 1632 4093 primum
1683 3990 2220 4065 constituendum
2272 4003 2410 4075 est,
2455 3987 2635 4060 haud

416 4113 584 4187 satis
626 4138 779 4186 esse
829 4112 914 4184 ad
966 4138 1103 4184 rem
1156 4109 1638 4184 conficiendam
1665 4165 1680 4195 ,
1737 4122 1810 4180 ut
1859 4131 1938 4178 ex
1989 4104 2387 4203 antiquitate
2435 4101 2642 4174 eccle—

417 4229 694 4301 siastica
722 4227 1142 4327 proferantur
1168 4223 1545 4299 testimonia
1570 4282 1584 4309 ,
1615 4249 1794 4322 quae
1817 4221 2166 4295 adstruant
2191 4217 2638 4305 necessariam

416 4343 657 4440 quovis
710 4361 1005 4441 tempore
1056 4342 1263 4414 fuisse
1312 4338 1844 4412 benedictionem
1889 4333 2366 4409 sacerdotalem
2403 4331 2488 4403 ad
2530 4355 2640 4419 co-

2457 4445 2496 4487 ι*
