<?xml version="1.0" encoding="UTF-8"?>
<!DOCTYPE html PUBLIC "-//W3C//DTD XHTML 1.0 Transitional//EN"
    "http://www.w3.org/TR/xhtml1/DTD/xhtml1-transitional.dtd">
<html xmlns="http://www.w3.org/1999/xhtml" xml:lang="en" lang="en">
 <head>
  <title>
</title>
<meta http-equiv="Content-Type" content="text/html;charset=utf-8" />
  <meta name='ocr-system' content='tesseract 3.04.00' />
  <meta name='ocr-capabilities' content='ocr_page ocr_carea ocr_par ocr_line ocrx_word'/>
</head>
<body>
  <div class='ocr_page' id='page_1' title='image "./dematrimoniochr04perrgoog_0170.png"; bbox 0 0 3276 5083; ppageno 0'>
   <div class='ocr_carea' id='block_1_1' title="bbox 668 450 2461 521">
    <p class='ocr_par' dir='ltr' id='par_1_1' title="bbox 668 450 2461 521">
     <span class='ocr_line' id='line_1_1' title="bbox 668 450 2461 521; baseline -0.003 -1"><span class='ocrx_word' id='word_1_1' title='bbox 668 450 805 520; x_wconf 77' lang='lat'><strong>146</strong></span> <span class='ocrx_word' id='word_1_2' title='bbox 1065 471 1188 521; x_wconf 66' lang='lat' dir='ltr'><strong>m·</strong></span> <span class='ocrx_word' id='word_1_3' title='bbox 1232 471 1279 520; x_wconf 88' lang='lat'><strong>1.</strong></span> <span class='ocrx_word' id='word_1_4' title='bbox 1321 469 1493 520; x_wconf 70' lang='lat' dir='ltr'><strong>secr.</strong></span> <span class='ocrx_word' id='word_1_5' title='bbox 1528 471 1575 519; x_wconf 90' lang='lat'><strong>1.</strong></span> <span class='ocrx_word' id='word_1_6' title='bbox 1618 470 1699 519; x_wconf 74' lang='lat' dir='ltr'><strong>nn</strong></span> <span class='ocrx_word' id='word_1_7' title='bbox 1735 469 1994 520; x_wconf 71' lang='lat' dir='ltr'><strong>unuin.</strong></span> <span class='ocrx_word' id='word_1_8' title='bbox 2035 467 2461 520; x_wconf 68' lang='lat' dir='ltr'><strong>smmum-o.</strong></span> 
     </span>
    </p>
   </div>
   <div class='ocr_carea' id='block_1_2' title="bbox 639 588 2902 3921">
    <p class='ocr_par' dir='ltr' id='par_1_2' title="bbox 663 588 2902 1033">
     <span class='ocr_line' id='line_1_2' title="bbox 805 588 2896 687; baseline 0.001 -27"><span class='ocrx_word' id='word_1_9' title='bbox 805 590 1012 663; x_wconf 90' lang='lat' dir='ltr'><strong>Venio</strong></span> <span class='ocrx_word' id='word_1_10' title='bbox 1060 588 1147 662; x_wconf 91' lang='lat' dir='ltr'><strong>ad</strong></span> <span class='ocrx_word' id='word_1_11' title='bbox 1199 588 1476 661; x_wconf 85' lang='lat' dir='ltr'><strong>alterum</strong></span> <span class='ocrx_word' id='word_1_12' title='bbox 1529 589 1989 687; x_wconf 87' lang='lat' dir='ltr'><strong>praestitutum</strong></span> <span class='ocrx_word' id='word_1_13' title='bbox 2032 612 2354 662; x_wconf 90' lang='lat' dir='ltr'><strong>canonem</strong></span> <span class='ocrx_word' id='word_1_14' title='bbox 2372 643 2388 673; x_wconf 91' lang='lat'>,</span> <span class='ocrx_word' id='word_1_15' title='bbox 2441 601 2662 686; x_wconf 88' lang='lat' dir='ltr'><strong>patres</strong></span> <span class='ocrx_word' id='word_1_16' title='bbox 2702 590 2896 664; x_wconf 85' lang='lat' dir='ltr'><strong>scili-</strong></span> 
     </span>
     <span class='ocr_line' id='line_1_3' title="bbox 663 702 2902 791; baseline -0 -11"><span class='ocrx_word' id='word_1_17' title='bbox 663 721 769 780; x_wconf 92' lang='lat' dir='ltr'><strong>cet</strong></span> <span class='ocrx_word' id='word_1_18' title='bbox 810 729 957 779; x_wconf 87' lang='lat' dir='ltr'><strong>eam</strong></span> <span class='ocrx_word' id='word_1_19' title='bbox 999 703 1390 778; x_wconf 80' lang='lat' dir='ltr'>exhibuisse</span> <span class='ocrx_word' id='word_1_20' title='bbox 1433 703 1831 777; x_wconf 80' lang='lat' dir='ltr'><strong>sacramenti</strong></span> <span class='ocrx_word' id='word_1_21' title='bbox 1876 702 2283 776; x_wconf 79' lang='lat' dir='ltr'><strong>matrimonii</strong></span> <span class='ocrx_word' id='word_1_22' title='bbox 2329 702 2584 791; x_wconf 90' lang='lat' dir='ltr'><strong>ideam,</strong></span> <span class='ocrx_word' id='word_1_23' title='bbox 2629 720 2705 777; x_wconf 89' lang='lat' dir='ltr'><strong>ut</strong></span> <span class='ocrx_word' id='word_1_24' title='bbox 2745 704 2902 779; x_wconf 78' lang='lat' dir='ltr'><strong>nul-</strong></span> 
     </span>
     <span class='ocr_line' id='line_1_4' title="bbox 663 819 2900 956; baseline 0.001 -64"><span class='ocrx_word' id='word_1_25' title='bbox 663 820 800 895; x_wconf 88' lang='lat' dir='ltr'><strong>lum</strong></span> <span class='ocrx_word' id='word_1_26' title='bbox 853 820 1037 893; x_wconf 83' lang='lat' dir='ltr'><strong>aliud</strong></span> <span class='ocrx_word' id='word_1_27' title='bbox 1088 819 1544 893; x_wconf 87' lang='lat' dir='ltr'><strong>elementum</strong></span> <span class='ocrx_word' id='word_1_28' title='bbox 1527 846 1595 890; x_wconf 81' lang='grc' dir='ltr'><strong>ιιι</strong></span> <span class='ocrx_word' id='word_1_29' title='bbox 1640 845 1721 893; x_wconf 91' lang='lat' dir='ltr'><strong>eo</strong></span> <span class='ocrx_word' id='word_1_30' title='bbox 1762 819 2152 916; x_wconf 80' lang='lat' dir='ltr'><strong>agnoverint</strong></span> <span class='ocrx_word' id='word_1_31' title='bbox 2190 834 2450 918; x_wconf 87' lang='lat' dir='ltr'><strong>praeter</strong></span> <span class='ocrx_word' id='word_1_32' title='bbox 2490 819 2900 956; x_wconf 79' lang='lat' dir='ltr'><strong>contrahen-</strong></span> 
     </span>
     <span class='ocr_line' id='line_1_5' title="bbox 663 934 2190 1033; baseline -0.001 -24"><span class='ocrx_word' id='word_1_33' title='bbox 663 937 828 1010; x_wconf 88' lang='lat' dir='ltr'><strong>tium</strong></span> <span class='ocrx_word' id='word_1_34' title='bbox 879 936 1163 1010; x_wconf 85' lang='lat' dir='ltr'><strong>liberum</strong></span> <span class='ocrx_word' id='word_1_35' title='bbox 1214 934 1719 1033; x_wconf 82' lang='lat' dir='ltr'><strong>legitimumque</strong></span> <span class='ocrx_word' id='word_1_36' title='bbox 1766 960 2190 1009; x_wconf 85' lang='lat' dir='ltr'><strong>consensum.</strong></span> 
     </span>
    </p>

    <p class='ocr_par' dir='ltr' id='par_1_3' title="bbox 652 1047 2890 2391">
     <span class='ocr_line' id='line_1_6' title="bbox 808 1047 2882 1148; baseline 0.002 -27"><span class='ocrx_word' id='word_1_37' title='bbox 808 1052 1013 1124; x_wconf 85' lang='lat' dir='ltr'><strong>Porro</strong></span> <span class='ocrx_word' id='word_1_38' title='bbox 1045 1049 1201 1123; x_wconf 85' lang='lat' dir='ltr'><strong>talis</strong></span> <span class='ocrx_word' id='word_1_39' title='bbox 1235 1064 1336 1123; x_wconf 89' lang='lat' dir='ltr'><strong>est</strong></span> <span class='ocrx_word' id='word_1_40' title='bbox 1370 1047 1560 1137; x_wconf 90' lang='lat' dir='ltr'><strong>idea,</strong></span> <span class='ocrx_word' id='word_1_41' title='bbox 1599 1075 1801 1148; x_wconf 90' lang='lat' dir='ltr'><strong>quam</strong></span> <span class='ocrx_word' id='word_1_42' title='bbox 1837 1049 2031 1123; x_wconf 89' lang='lat' dir='ltr'><strong>nobis</strong></span> <span class='ocrx_word' id='word_1_43' title='bbox 2064 1048 2334 1124; x_wconf 85' lang='lat' dir='ltr'><strong>exhibet</strong></span> <span class='ocrx_word' id='word_1_44' title='bbox 2366 1077 2425 1123; x_wconf 90' lang='lat' dir='ltr'><strong>s.</strong></span> <span class='ocrx_word' id='word_1_45' title='bbox 2462 1051 2761 1147; x_wconf 78' lang='lat' dir='ltr'><strong>{gnatius</strong></span> <span class='ocrx_word' id='word_1_46' title='bbox 2791 1052 2882 1126; x_wconf 79' lang='lat' dir='ltr'><strong>M.</strong></span> 
     </span>
     <span class='ocr_line' id='line_1_7' title="bbox 659 1166 2890 1265; baseline 0 -24"><span class='ocrx_word' id='word_1_47' title='bbox 659 1166 772 1241; x_wconf 83' lang='lat' dir='ltr'><strong>ubi</strong></span> <span class='ocrx_word' id='word_1_48' title='bbox 813 1166 1078 1240; x_wconf 83' lang='lat' dir='ltr'><strong>scribit:</strong></span> <span class='ocrx_word' id='word_1_49' title='bbox 1129 1196 1164 1235; x_wconf 71' lang='grc' dir='ltr'><strong>ι(</strong></span> <span class='ocrx_word' id='word_1_50' title='bbox 1194 1167 1398 1238; x_wconf 88' lang='lat' dir='ltr'><strong>Decet</strong></span> <span class='ocrx_word' id='word_1_51' title='bbox 1433 1189 1590 1238; x_wconf 88' lang='lat' dir='ltr'><strong>vero</strong></span> <span class='ocrx_word' id='word_1_52' title='bbox 1624 1182 1700 1238; x_wconf 89' lang='lat' dir='ltr'><strong>ut</strong></span> <span class='ocrx_word' id='word_1_53' title='bbox 1732 1167 1965 1265; x_wconf 85' lang='lat' dir='ltr'><strong>sponsi</strong></span> <span class='ocrx_word' id='word_1_54' title='bbox 2006 1182 2073 1238; x_wconf 85' lang='lat' dir='ltr'><strong>et</strong></span> <span class='ocrx_word' id='word_1_55' title='bbox 2110 1191 2398 1265; x_wconf 80' lang='lat' dir='ltr'><strong>sponsae</strong></span> <span class='ocrx_word' id='word_1_56' title='bbox 2432 1167 2518 1240; x_wconf 85' lang='lat' dir='ltr'><strong>de</strong></span> <span class='ocrx_word' id='word_1_57' title='bbox 2554 1169 2890 1244; x_wconf 81' lang='lat' dir='ltr'><strong>sententia</strong></span> 
     </span>
     <span class='ocr_line' id='line_1_8' title="bbox 658 1280 2890 1382; baseline -0.001 -24"><span class='ocrx_word' id='word_1_58' title='bbox 658 1281 954 1382; x_wconf 86' lang='lat' dir='ltr'><strong>episcopi</strong></span> <span class='ocrx_word' id='word_1_59' title='bbox 1015 1281 1399 1380; x_wconf 83' lang='lat' dir='ltr'><strong>coniugium</strong></span> <span class='ocrx_word' id='word_1_60' title='bbox 1458 1280 1744 1367; x_wconf 80' lang='lat' dir='ltr'><strong>faciant,</strong></span> <span class='ocrx_word' id='word_1_61' title='bbox 1800 1297 1934 1379; x_wconf 81' lang='lat' dir='ltr'><strong>qu‘o</strong></span> <span class='ocrx_word' id='word_1_62' title='bbox 1992 1282 2262 1381; x_wconf 79' lang='lat' dir='ltr'><strong>nuptiae</strong></span> <span class='ocrx_word' id='word_1_63' title='bbox 2320 1282 2458 1358; x_wconf 79' lang='lat' dir='ltr'><strong>&#39;sint</strong></span> <span class='ocrx_word' id='word_1_64' title='bbox 2511 1281 2890 1358; x_wconf 77' lang='lat' dir='ltr'><strong>secundum</strong></span> 
     </span>
     <span class='ocr_line' id='line_1_9' title="bbox 656 1395 2889 1494; baseline 0.003 -26"><span class='ocrx_word' id='word_1_65' title='bbox 656 1396 1018 1470; x_wconf 89' lang='lat' dir='ltr'><strong>Dominum</strong></span> <span class='ocrx_word' id='word_1_66' title='bbox 1067 1413 1135 1469; x_wconf 88' lang='lat' dir='ltr'><strong>et</strong></span> <span class='ocrx_word' id='word_1_67' title='bbox 1182 1423 1314 1470; x_wconf 90' lang='lat' dir='ltr'><strong>non</strong></span> <span class='ocrx_word' id='word_1_68' title='bbox 1365 1395 1733 1470; x_wconf 87' lang='lat' dir='ltr'><strong>secundum</strong></span> <span class='ocrx_word' id='word_1_69' title='bbox 1783 1396 2251 1494; x_wconf 87' lang='lat' dir='ltr'><strong>cupiditatem;</strong></span> <span class='ocrx_word' id='word_1_70' title='bbox 2296 1397 2524 1470; x_wconf 87' lang='lat' dir='ltr'><strong>omnia</strong></span> <span class='ocrx_word' id='word_1_71' title='bbox 2555 1397 2648 1470; x_wconf 83' lang='lat' dir='ltr'><strong>ad</strong></span> <span class='ocrx_word' id='word_1_72' title='bbox 2678 1396 2889 1474; x_wconf 84' lang='lat' dir='ltr'><strong>hono·</strong></span> 
     </span>
     <span class='ocr_line' id='line_1_10' title="bbox 658 1511 2886 1612; baseline 0.001 -27"><span class='ocrx_word' id='word_1_73' title='bbox 658 1538 798 1585; x_wconf 86' lang='lat' dir='ltr'><strong>rem</strong></span> <span class='ocrx_word' id='word_1_74' title='bbox 862 1513 984 1585; x_wconf 89' lang='lat' dir='ltr'><strong>Dei</strong></span> <span class='ocrx_word' id='word_1_75' title='bbox 1051 1513 1215 1585; x_wconf 85' lang='lat' dir='ltr'><strong>fiant</strong></span> <span class='ocrx_word' id='word_1_76' title='bbox 1275 1515 1452 1608; x_wconf 80' lang='lat'>(13).</span> <span class='ocrx_word' id='word_1_77' title='bbox 1492 1543 1527 1582; x_wconf 71' lang='grc' dir='ltr'><strong>υ</strong></span> <span class='ocrx_word' id='word_1_78' title='bbox 1570 1511 1832 1597; x_wconf 85' lang='lat' dir='ltr'><strong>Quibus</strong></span> <span class='ocrx_word' id='word_1_79' title='bbox 1884 1512 2104 1612; x_wconf 84' lang='lat' dir='ltr'><strong>palam</strong></span> <span class='ocrx_word' id='word_1_80' title='bbox 2154 1513 2486 1588; x_wconf 86' lang='lat' dir='ltr'><strong>discimus</strong></span> <span class='ocrx_word' id='word_1_81' title='bbox 2528 1539 2609 1587; x_wconf 84' lang='lat' dir='ltr'><strong>ex</strong></span> <span class='ocrx_word' id='word_1_82' title='bbox 2659 1529 2886 1589; x_wconf 80' lang='lat' dir='ltr'><strong>mente</strong></span> 
     </span>
     <span class='ocr_line' id='line_1_11' title="bbox 656 1628 2888 1728; baseline 0.001 -27"><span class='ocrx_word' id='word_1_83' title='bbox 656 1654 715 1701; x_wconf 88' lang='lat' dir='ltr'><strong>s.</strong></span> <span class='ocrx_word' id='word_1_84' title='bbox 767 1628 1080 1726; x_wconf 81' lang='lat' dir='ltr'><strong>martyris</strong></span> <span class='ocrx_word' id='word_1_85' title='bbox 1126 1628 1312 1726; x_wconf 89' lang='lat' dir='ltr'><strong>ipsos</strong></span> <span class='ocrx_word' id='word_1_86' title='bbox 1355 1654 1508 1702; x_wconf 88' lang='lat' dir='ltr'><strong>esse</strong></span> <span class='ocrx_word' id='word_1_87' title='bbox 1548 1653 1837 1728; x_wconf 87' lang='lat' dir='ltr'><strong>sponsos</strong></span> <span class='ocrx_word' id='word_1_88' title='bbox 1886 1645 1954 1704; x_wconf 86' lang='lat' dir='ltr'><strong>et</strong></span> <span class='ocrx_word' id='word_1_89' title='bbox 1996 1654 2321 1728; x_wconf 87' lang='lat' dir='ltr'><strong>sponsas,</strong></span> <span class='ocrx_word' id='word_1_90' title='bbox 2368 1629 2438 1701; x_wconf 91' lang='lat' dir='ltr'><strong>id</strong></span> <span class='ocrx_word' id='word_1_91' title='bbox 2483 1644 2588 1703; x_wconf 87' lang='lat' dir='ltr'><strong>est</strong></span> <span class='ocrx_word' id='word_1_92' title='bbox 2622 1643 2888 1704; x_wconf 49' lang='lat' dir='ltr'><strong>contras</strong></span> 
     </span>
     <span class='ocr_line' id='line_1_12' title="bbox 657 1741 2882 1843; baseline 0.001 -31"><span class='ocrx_word' id='word_1_93' title='bbox 657 1741 927 1828; x_wconf 74' lang='lat' dir='ltr'><strong>homes,</strong></span> <span class='ocrx_word' id='word_1_94' title='bbox 973 1742 1091 1840; x_wconf 89' lang='lat' dir='ltr'><strong>qui</strong></span> <span class='ocrx_word' id='word_1_95' title='bbox 1131 1745 1394 1840; x_wconf 77' lang='lat' dir='ltr'><strong>nuptias</strong></span> <span class='ocrx_word' id='word_1_96' title='bbox 1419 1745 1709 1842; x_wconf 76' lang='lat' dir='ltr'><strong>faciunt,</strong></span> <span class='ocrx_word' id='word_1_97' title='bbox 1744 1744 2044 1843; x_wconf 89' lang='lat' dir='ltr'><strong>episcopi</strong></span> <span class='ocrx_word' id='word_1_98' title='bbox 2069 1769 2227 1817; x_wconf 85' lang='lat' dir='ltr'><strong>vero</strong></span> <span class='ocrx_word' id='word_1_99' title='bbox 2255 1744 2654 1817; x_wconf 88' lang='lat' dir='ltr'><strong>sententiam</strong></span> <span class='ocrx_word' id='word_1_100' title='bbox 2674 1744 2882 1816; x_wconf 80' lang='lat' dir='ltr'><strong>unice</strong></span> 
     </span>
     <span class='ocr_line' id='line_1_13' title="bbox 659 1857 2879 1958; baseline 0 -27"><span class='ocrx_word' id='word_1_101' title='bbox 659 1882 739 1931; x_wconf 90' lang='lat' dir='ltr'><strong>eo</strong></span> <span class='ocrx_word' id='word_1_102' title='bbox 790 1872 1121 1958; x_wconf 87' lang='lat' dir='ltr'><strong>spectare,</strong></span> <span class='ocrx_word' id='word_1_103' title='bbox 1171 1874 1247 1931; x_wconf 90' lang='lat' dir='ltr'><strong>ut</strong></span> <span class='ocrx_word' id='word_1_104' title='bbox 1296 1858 1568 1957; x_wconf 87' lang='lat' dir='ltr'><strong>nuptiae</strong></span> <span class='ocrx_word' id='word_1_105' title='bbox 1619 1859 1740 1931; x_wconf 89' lang='lat' dir='ltr'><strong>rite</strong></span> <span class='ocrx_word' id='word_1_106' title='bbox 1788 1859 2126 1945; x_wconf 85' lang='lat' dir='ltr'><strong>ineantur,</strong></span> <span class='ocrx_word' id='word_1_107' title='bbox 2194 1885 2345 1932; x_wconf 83' lang='lat' dir='ltr'><strong>cum</strong></span> <span class='ocrx_word' id='word_1_108' title='bbox 2413 1860 2566 1956; x_wconf 85' lang='lat' dir='ltr'><strong>ipse</strong></span> <span class='ocrx_word' id='word_1_109' title='bbox 2640 1857 2879 1932; x_wconf 83' lang='lat' dir='ltr'><strong>fideles</strong></span> 
     </span>
     <span class='ocr_line' id='line_1_14' title="bbox 658 1970 2887 2070; baseline 0.001 -27"><span class='ocrx_word' id='word_1_110' title='bbox 658 1970 986 2045; x_wconf 90' lang='lat' dir='ltr'><strong>nubentes</strong></span> <span class='ocrx_word' id='word_1_111' title='bbox 1037 1973 1328 2070; x_wconf 79' lang='lat' dir='ltr'><strong>dirigere</strong></span> <span class='ocrx_word' id='word_1_112' title='bbox 1374 1973 1616 2047; x_wconf 85' lang='lat' dir='ltr'><strong>debeat</strong></span> <span class='ocrx_word' id='word_1_113' title='bbox 1663 1973 1946 2047; x_wconf 82' lang='lat' dir='ltr'><strong>consilio</strong></span> <span class='ocrx_word' id='word_1_114' title='bbox 1993 1987 2059 2046; x_wconf 90' lang='lat' dir='ltr'><strong>et</strong></span> <span class='ocrx_word' id='word_1_115' title='bbox 2105 1973 2493 2048; x_wconf 83' lang='lat' dir='ltr'><strong>auctoritate</strong></span> <span class='ocrx_word' id='word_1_116' title='bbox 2547 1998 2698 2048; x_wconf 80' lang='lat' dir='ltr'><strong>sua.</strong></span> <span class='ocrx_word' id='word_1_117' title='bbox 2758 1973 2887 2046; x_wconf 87' lang='lat' dir='ltr'><strong>lm-</strong></span> 
     </span>
     <span class='ocr_line' id='line_1_15' title="bbox 658 2086 2881 2186; baseline 0.001 -26"><span class='ocrx_word' id='word_1_118' title='bbox 658 2086 947 2161; x_wconf 88' lang='lat' dir='ltr'><strong>mediate</strong></span> <span class='ocrx_word' id='word_1_119' title='bbox 981 2087 1161 2160; x_wconf 91' lang='lat' dir='ltr'><strong>enim</strong></span> <span class='ocrx_word' id='word_1_120' title='bbox 1197 2103 1350 2161; x_wconf 88' lang='lat' dir='ltr'><strong>ante</strong></span> <span class='ocrx_word' id='word_1_121' title='bbox 1386 2088 1662 2161; x_wconf 87' lang='lat' dir='ltr'><strong>recitata</strong></span> <span class='ocrx_word' id='word_1_122' title='bbox 1693 2087 1897 2161; x_wconf 87' lang='lat' dir='ltr'><strong>verba</strong></span> <span class='ocrx_word' id='word_1_123' title='bbox 1946 2088 2080 2162; x_wconf 87' lang='lat' dir='ltr'><strong>iam</strong></span> <span class='ocrx_word' id='word_1_124' title='bbox 2114 2087 2373 2162; x_wconf 74' lang='lat' dir='ltr'><strong>dixerat</strong></span> <span class='ocrx_word' id='word_1_125' title='bbox 2405 2113 2465 2160; x_wconf 90' lang='lat' dir='ltr'><strong>s.</strong></span> <span class='ocrx_word' id='word_1_126' title='bbox 2506 2102 2761 2186; x_wconf 74' lang='lat' dir='ltr'><strong>martyr</strong></span> <span class='ocrx_word' id='word_1_127' title='bbox 2791 2086 2881 2162; x_wconf 81' lang='lat' dir='ltr'><strong>de</strong></span> 
     </span>
     <span class='ocr_line' id='line_1_16' title="bbox 652 2202 2869 2336; baseline -0.002 -59"><span class='ocrx_word' id='word_1_128' title='bbox 652 2228 758 2289; x_wconf 91' lang='lat' dir='ltr'><strong>e0,</strong></span> <span class='ocrx_word' id='word_1_129' title='bbox 780 2202 899 2301; x_wconf 87' lang='lat' dir='ltr'><strong>qui</strong></span> <span class='ocrx_word' id='word_1_130' title='bbox 925 2219 1151 2276; x_wconf 89' lang='lat' dir='ltr'><strong>manet</strong></span> <span class='ocrx_word' id='word_1_131' title='bbox 1184 2203 1254 2274; x_wconf 92' lang='lat' dir='ltr'><strong>in</strong></span> <span class='ocrx_word' id='word_1_132' title='bbox 1281 2203 1620 2278; x_wconf 87' lang='lat' dir='ltr'><strong>castitate:</strong></span> <span class='ocrx_word' id='word_1_133' title='bbox 1665 2233 1700 2272; x_wconf 70' lang='grc' dir='ltr'><strong>τ(</strong></span> <span class='ocrx_word' id='word_1_134' title='bbox 1719 2203 1789 2275; x_wconf 92' lang='lat' dir='ltr'><strong>Si</strong></span> <span class='ocrx_word' id='word_1_135' title='bbox 1818 2228 1895 2277; x_wconf 88' lang='lat' dir='ltr'><strong>se</strong></span> <span class='ocrx_word' id='word_1_136' title='bbox 1920 2203 2238 2278; x_wconf 84' lang='lat' dir='ltr'><strong>maiorem</strong></span> <span class='ocrx_word' id='word_1_137' title='bbox 2263 2202 2581 2302; x_wconf 88' lang='lat' dir='ltr'><strong>episcopo</strong></span> <span class='ocrx_word' id='word_1_138' title='bbox 2609 2215 2869 2336; x_wconf 68' lang='lat' dir='ltr'><strong>censet,</strong></span> 
     </span>
     <span class='ocr_line' id='line_1_17' title="bbox 654 2317 1004 2391; baseline -0.006 -2"><span class='ocrx_word' id='word_1_139' title='bbox 654 2317 1004 2391; x_wconf 81' lang='lat' dir='ltr'><strong>interiit.»</strong></span> 
     </span>
    </p>

    <p class='ocr_par' dir='ltr' id='par_1_4' title="bbox 639 2371 2882 3921">
     <span class='ocr_line' id='line_1_18' title="bbox 794 2371 2876 2530; baseline -0.002 -24"><span class='ocrx_word' id='word_1_140' title='bbox 794 2434 930 2507; x_wconf 89' lang='lat' dir='ltr'><strong>Nec</strong></span> <span class='ocrx_word' id='word_1_141' title='bbox 980 2433 1182 2507; x_wconf 85' lang='lat' dir='ltr'><strong>aliam</strong></span> <span class='ocrx_word' id='word_1_142' title='bbox 1217 2432 1534 2506; x_wconf 76' lang='lat' dir='ltr'><strong>exhibent</strong></span> <span class='ocrx_word' id='word_1_143' title='bbox 1566 2458 1624 2505; x_wconf 88' lang='lat' dir='ltr'><strong>s.</strong></span> <span class='ocrx_word' id='word_1_144' title='bbox 1661 2431 1951 2530; x_wconf 79' lang='lat' dir='ltr'><strong>Cyrillus</strong></span> <span class='ocrx_word' id='word_1_145' title='bbox 2003 2431 2175 2505; x_wconf 81' lang='lat' dir='ltr'><strong>alex.</strong></span> <span class='ocrx_word' id='word_1_146' title='bbox 2211 2446 2280 2506; x_wconf 84' lang='lat' dir='ltr'><strong>et</strong></span> <span class='ocrx_word' id='word_1_147' title='bbox 2323 2451 2394 2505; x_wconf 81' lang='lat' dir='ltr'><strong>s.</strong></span> <span class='ocrx_word' id='word_1_148' title='bbox 2421 2371 2876 2528; x_wconf 78' lang='lat' dir='ltr'><strong>EpiphaniuS.</strong></span> 
     </span>
     <span class='ocr_line' id='line_1_19' title="bbox 645 2544 2884 2647; baseline -0.002 -24"><span class='ocrx_word' id='word_1_149' title='bbox 645 2547 909 2623; x_wconf 83' lang='lat' dir='ltr'><strong>Etenim</strong></span> <span class='ocrx_word' id='word_1_150' title='bbox 960 2575 1020 2620; x_wconf 91' lang='lat' dir='ltr'><strong>s.</strong></span> <span class='ocrx_word' id='word_1_151' title='bbox 1071 2548 1363 2647; x_wconf 84' lang='lat' dir='ltr'><strong>Cyrillus</strong></span> <span class='ocrx_word' id='word_1_152' title='bbox 1415 2547 1683 2622; x_wconf 84' lang='lat' dir='ltr'><strong>scribit:</strong></span> <span class='ocrx_word' id='word_1_153' title='bbox 1732 2576 1767 2616; x_wconf 89' lang='lat'>«</span> <span class='ocrx_word' id='word_1_154' title='bbox 1802 2548 1954 2646; x_wconf 90' lang='lat' dir='ltr'><strong>lpse</strong></span> <span class='ocrx_word' id='word_1_155' title='bbox 2004 2546 2314 2623; x_wconf 81' lang='lat' dir='ltr'><strong>Christus</strong></span> <span class='ocrx_word' id='word_1_156' title='bbox 2359 2546 2690 2623; x_wconf 79' lang='lat' dir='ltr'><strong>invitatus</strong></span> <span class='ocrx_word' id='word_1_157' title='bbox 2744 2544 2884 2639; x_wconf 80' lang='lat' dir='ltr'><strong>(ad.</strong></span> 
     </span>
     <span class='ocr_line' id='line_1_20' title="bbox 652 2661 2876 2763; baseline 0 -30"><span class='ocrx_word' id='word_1_158' title='bbox 652 2662 963 2759; x_wconf 88' lang='lat' dir='ltr'><strong>nuptias)</strong></span> <span class='ocrx_word' id='word_1_159' title='bbox 1020 2663 1243 2748; x_wconf 83' lang='lat' dir='ltr'><strong>venit,</strong></span> <span class='ocrx_word' id='word_1_160' title='bbox 1302 2679 1374 2737; x_wconf 88' lang='lat' dir='ltr'><strong>ut</strong></span> <span class='ocrx_word' id='word_1_161' title='bbox 1423 2662 1877 2758; x_wconf 81' lang='lat' dir='ltr'><strong>generationis</strong></span> <span class='ocrx_word' id='word_1_162' title='bbox 1928 2663 2332 2763; x_wconf 77' lang='lat' dir='ltr'><strong>principium</strong></span> <span class='ocrx_word' id='word_1_163' title='bbox 2382 2661 2876 2745; x_wconf 76' lang='lat' dir='ltr'><strong>sanctificanet,</strong></span> 
     </span>
     <span class='ocr_line' id='line_1_21' title="bbox 648 2778 2881 2879; baseline -0.001 -25"><span class='ocrx_word' id='word_1_164' title='bbox 648 2780 828 2879; x_wconf 90' lang='lat' dir='ltr'><strong>quod</strong></span> <span class='ocrx_word' id='word_1_165' title='bbox 880 2781 967 2853; x_wconf 88' lang='lat' dir='ltr'><strong>ad</strong></span> <span class='ocrx_word' id='word_1_166' title='bbox 1018 2807 1285 2854; x_wconf 85' lang='lat' dir='ltr'><strong>carnem</strong></span> <span class='ocrx_word' id='word_1_167' title='bbox 1336 2782 1651 2854; x_wconf 89' lang='lat' dir='ltr'><strong>nimirum</strong></span> <span class='ocrx_word' id='word_1_168' title='bbox 1712 2781 1966 2855; x_wconf 84' lang='lat' dir='ltr'><strong>attinet.</strong></span> <span class='ocrx_word' id='word_1_169' title='bbox 2027 2780 2478 2867; x_wconf 72' lang='lat' dir='ltr'><strong>Conveniebat</strong></span> <span class='ocrx_word' id='word_1_170' title='bbox 2521 2778 2706 2855; x_wconf 82' lang='lat' dir='ltr'><strong>enim</strong></span> <span class='ocrx_word' id='word_1_171' title='bbox 2730 2834 2747 2863; x_wconf 92' lang='lat'>,</span> <span class='ocrx_word' id='word_1_172' title='bbox 2803 2788 2881 2851; x_wconf 80' lang='lat' dir='ltr'><strong>&#39;nt</strong></span> 
     </span>
     <span class='ocr_line' id='line_1_22' title="bbox 647 2891 2874 2994; baseline -0.001 -26"><span class='ocrx_word' id='word_1_173' title='bbox 647 2896 764 2994; x_wconf 91' lang='lat' dir='ltr'><strong>qui</strong></span> <span class='ocrx_word' id='word_1_174' title='bbox 804 2911 1107 2969; x_wconf 87' lang='lat' dir='ltr'><strong>naturam</strong></span> <span class='ocrx_word' id='word_1_175' title='bbox 1148 2895 1441 2971; x_wconf 90' lang='lat' dir='ltr'><strong>hominis</strong></span> <span class='ocrx_word' id='word_1_176' title='bbox 1494 2908 1934 2971; x_wconf 76' lang='lat' dir='ltr'><strong>renovaturus</strong></span> <span class='ocrx_word' id='word_1_177' title='bbox 1981 2912 2166 2970; x_wconf 83' lang='lat' dir='ltr'><strong>erat.</strong></span> <span class='ocrx_word' id='word_1_178' title='bbox 2210 2955 2224 2969; x_wconf 92' lang='lat'><strong>.</strong></span> <span class='ocrx_word' id='word_1_179' title='bbox 2267 2921 2439 2970; x_wconf 80' lang='lat' dir='ltr'><strong>‚non</strong></span> <span class='ocrx_word' id='word_1_180' title='bbox 2482 2892 2702 2970; x_wconf 88' lang='lat' dir='ltr'><strong>solum</strong></span> <span class='ocrx_word' id='word_1_181' title='bbox 2749 2891 2874 2979; x_wconf 85' lang='lat' dir='ltr'><strong>iis,</strong></span> 
     </span>
     <span class='ocr_line' id='line_1_23' title="bbox 646 3007 2870 3109; baseline -0.001 -26"><span class='ocrx_word' id='word_1_182' title='bbox 646 3011 761 3109; x_wconf 91' lang='lat' dir='ltr'><strong>qui</strong></span> <span class='ocrx_word' id='word_1_183' title='bbox 800 3011 887 3082; x_wconf 71' lang='lat' dir='ltr'><strong>‚in</strong></span> <span class='ocrx_word' id='word_1_184' title='bbox 944 3027 1161 3085; x_wconf 89' lang='lat' dir='ltr'><strong>ortum</strong></span> <span class='ocrx_word' id='word_1_185' title='bbox 1220 3014 1436 3086; x_wconf 86' lang='lat' dir='ltr'><strong>vocati</strong></span> <span class='ocrx_word' id='word_1_186' title='bbox 1489 3028 1678 3085; x_wconf 87' lang='lat' dir='ltr'><strong>erant</strong></span> <span class='ocrx_word' id='word_1_187' title='bbox 1704 3067 1720 3099; x_wconf 89' lang='lat'>,</span> <span class='ocrx_word' id='word_1_188' title='bbox 1747 3020 1752 3027; x_wconf 84' lang='grc'><strong>’</strong></span> <span class='ocrx_word' id='word_1_189' title='bbox 1777 3012 2312 3085; x_wconf 85' lang='lat' dir='ltr'><strong>benedictionem</strong></span> <span class='ocrx_word' id='word_1_190' title='bbox 2359 3007 2870 3107; x_wconf 79' lang='lat' dir='ltr'><strong>impertiretur,</strong></span> 
     </span>
     <span class='ocr_line' id='line_1_24' title="bbox 645 3123 2873 3229; baseline -0.002 -29"><span class='ocrx_word' id='word_1_191' title='bbox 645 3127 765 3201; x_wconf 88' lang='lat' dir='ltr'><strong>sed</strong></span> <span class='ocrx_word' id='word_1_192' title='bbox 817 3143 883 3201; x_wconf 90' lang='lat' dir='ltr'><strong>et</strong></span> <span class='ocrx_word' id='word_1_193' title='bbox 932 3128 1019 3201; x_wconf 91' lang='lat' dir='ltr'><strong>iis</strong></span> <span class='ocrx_word' id='word_1_194' title='bbox 1077 3155 1349 3228; x_wconf 88' lang='lat' dir='ltr'><strong>quoque</strong></span> <span class='ocrx_word' id='word_1_195' title='bbox 1371 3186 1388 3215; x_wconf 90' lang='lat'>,</span> <span class='ocrx_word' id='word_1_196' title='bbox 1444 3130 1562 3229; x_wconf 89' lang='lat' dir='ltr'><strong>qui</strong></span> <span class='ocrx_word' id='word_1_197' title='bbox 1624 3138 1860 3228; x_wconf 84' lang='lat' dir='ltr'><strong>postea</strong></span> <span class='ocrx_word' id='word_1_198' title='bbox 1920 3128 2239 3201; x_wconf 79' lang='lat' dir='ltr'><strong>nascituri</strong></span> <span class='ocrx_word' id='word_1_199' title='bbox 2285 3142 2538 3212; x_wconf 73' lang='lat' dir='ltr'><strong>essent,</strong></span> <span class='ocrx_word' id='word_1_200' title='bbox 2588 3123 2873 3221; x_wconf 79' lang='lat' dir='ltr'><strong>gratiam</strong></span> 
     </span>
     <span class='ocr_line' id='line_1_25' title="bbox 644 3238 2866 3343; baseline -0.003 -27"><span class='ocrx_word' id='word_1_201' title='bbox 644 3244 1106 3343; x_wconf 87' lang='lat' dir='ltr'><strong>praestitueret</strong></span> <span class='ocrx_word' id='word_1_202' title='bbox 1131 3301 1146 3330; x_wconf 92' lang='lat'>,</span> <span class='ocrx_word' id='word_1_203' title='bbox 1202 3260 1271 3318; x_wconf 90' lang='lat' dir='ltr'><strong>et</strong></span> <span class='ocrx_word' id='word_1_204' title='bbox 1326 3270 1556 3318; x_wconf 89' lang='lat' dir='ltr'><strong>eorum</strong></span> <span class='ocrx_word' id='word_1_205' title='bbox 1616 3259 1833 3318; x_wconf 85' lang='lat' dir='ltr'><strong>ortum</strong></span> <span class='ocrx_word' id='word_1_206' title='bbox 1891 3252 2198 3317; x_wconf 79' lang='lat' dir='ltr'><strong>sanctum</strong></span> <span class='ocrx_word' id='word_1_207' title='bbox 2257 3239 2545 3314; x_wconf 81' lang='lat' dir='ltr'><strong>efficeret</strong></span> <span class='ocrx_word' id='word_1_208' title='bbox 2577 3238 2866 3332; x_wconf 56' lang='grc'><strong>(14).»</strong></span> 
     </span>
     <span class='ocr_line' id='line_1_26' title="bbox 646 3354 2878 3459; baseline -0.002 -29"><span class='ocrx_word' id='word_1_209' title='bbox 646 3359 928 3431; x_wconf 85' lang='lat' dir='ltr'><strong>Sanctus</strong></span> <span class='ocrx_word' id='word_1_210' title='bbox 986 3385 1145 3432; x_wconf 86' lang='lat' dir='ltr'><strong>vero</strong></span> <span class='ocrx_word' id='word_1_211' title='bbox 1204 3359 1624 3459; x_wconf 87' lang='lat' dir='ltr'><strong>Epiphanius</strong></span> <span class='ocrx_word' id='word_1_212' title='bbox 1688 3358 2087 3458; x_wconf 87' lang='lat' dir='ltr'><strong>probaturus</strong></span> <span class='ocrx_word' id='word_1_213' title='bbox 2146 3356 2468 3429; x_wconf 86' lang='lat' dir='ltr'><strong>adversus</strong></span> <span class='ocrx_word' id='word_1_214' title='bbox 2519 3354 2878 3427; x_wconf 69' lang='lat' dir='ltr'><strong>Hieracem</strong></span> 
     </span>
     <span class='ocr_line' id='line_1_27' title="bbox 644 3472 2872 3574; baseline -0.001 -29"><span class='ocrx_word' id='word_1_215' title='bbox 644 3472 963 3548; x_wconf 86' lang='lat' dir='ltr'><strong>honestas</strong></span> <span class='ocrx_word' id='word_1_216' title='bbox 1010 3475 1287 3574; x_wconf 82' lang='lat' dir='ltr'><strong>nuptias</strong></span> <span class='ocrx_word' id='word_1_217' title='bbox 1334 3500 1489 3548; x_wconf 88' lang='lat' dir='ltr'><strong>esse</strong></span> <span class='ocrx_word' id='word_1_218' title='bbox 1527 3488 1592 3547; x_wconf 88' lang='lat' dir='ltr'><strong>et</strong></span> <span class='ocrx_word' id='word_1_219' title='bbox 1632 3499 1676 3547; x_wconf 86' lang='lat' dir='ltr'><strong>a</strong></span> <span class='ocrx_word' id='word_1_220' title='bbox 1723 3475 1861 3548; x_wconf 89' lang='lat' dir='ltr'><strong>Deo</strong></span> <span class='ocrx_word' id='word_1_221' title='bbox 1913 3472 2260 3574; x_wconf 84' lang='lat' dir='ltr'><strong>probatas,</strong></span> <span class='ocrx_word' id='word_1_222' title='bbox 2312 3496 2534 3569; x_wconf 78' lang='lat' dir='ltr'><strong>neque</strong></span> <span class='ocrx_word' id='word_1_223' title='bbox 2571 3496 2620 3543; x_wconf 92' lang='lat' dir='ltr'><strong>a</strong></span> <span class='ocrx_word' id='word_1_224' title='bbox 2643 3494 2872 3566; x_wconf 77' lang='lat' dir='ltr'><strong>¹regno</strong></span> 
     </span>
     <span class='ocr_line' id='line_1_28' title="bbox 639 3584 2872 3673; baseline -0.003 -10"><span class='ocrx_word' id='word_1_225' title='bbox 639 3588 763 3663; x_wconf 85' lang='lat' dir='ltr'><strong>Dei</strong></span> <span class='ocrx_word' id='word_1_226' title='bbox 803 3591 1302 3665; x_wconf 85' lang='lat' dir='ltr'><strong>matrimonium</strong></span> <span class='ocrx_word' id='word_1_227' title='bbox 1338 3591 1647 3664; x_wconf 82' lang='lat' dir='ltr'><strong>ineuntes</strong></span> <span class='ocrx_word' id='word_1_228' title='bbox 1686 3588 1988 3673; x_wconf 83' lang='lat' dir='ltr'><strong>excludi,</strong></span> <span class='ocrx_word' id='word_1_229' title='bbox 2035 3618 2070 3659; x_wconf 66' lang='grc' dir='ltr'><strong>ιε</strong></span> <span class='ocrx_word' id='word_1_230' title='bbox 2099 3584 2525 3661; x_wconf 77' lang='lat' dir='ltr'><strong>venerabiles</strong></span> <span class='ocrx_word' id='word_1_231' title='bbox 2559 3609 2872 3658; x_wconf 69' lang='lat' dir='ltr'><strong>essenu-</strong></span> 
     </span>
     <span class='ocr_line' id='line_1_29' title="bbox 640 3698 2871 3806; baseline -0.002 -31"><span class='ocrx_word' id='word_1_232' title='bbox 640 3705 859 3803; x_wconf 64' lang='lat' dir='ltr'><strong>ptias,</strong></span> <span class='ocrx_word' id='word_1_233' title='bbox 899 3706 1154 3806; x_wconf 89' lang='lat' dir='ltr'><strong>inquit,</strong></span> <span class='ocrx_word' id='word_1_234' title='bbox 1194 3730 1273 3779; x_wconf 91' lang='lat' dir='ltr'><strong>ac</strong></span> <span class='ocrx_word' id='word_1_235' title='bbox 1310 3705 1429 3778; x_wconf 91' lang='lat' dir='ltr'><strong>Dei</strong></span> <span class='ocrx_word' id='word_1_236' title='bbox 1472 3703 2389 3804; x_wconf 35' lang='lat' dir='ltr'><strong>aspirante-gratiavcaeleste</strong></span> <span class='ocrx_word' id='word_1_237' title='bbox 2431 3698 2871 3796; x_wconf 74' lang='lat' dir='ltr'><strong>regnum-ob·</strong></span> 
     </span>
     <span class='ocr_line' id='line_1_30' title="bbox 640 3815 2872 3921; baseline -0 -32"><span class='ocrx_word' id='word_1_238' title='bbox 640 3818 851 3893; x_wconf 87' lang='lat' dir='ltr'><strong>tinere</strong></span> <span class='ocrx_word' id='word_1_239' title='bbox 876 3879 891 3909; x_wconf 88' lang='lat'>,</span> <span class='ocrx_word' id='word_1_240' title='bbox 951 3823 1108 3921; x_wconf 90' lang='lat' dir='ltr'><strong>quis</strong></span> <span class='ocrx_word' id='word_1_241' title='bbox 1156 3820 1260 3897; x_wconf 86' lang='lat' dir='ltr'><strong>vel</strong></span> <span class='ocrx_word' id='word_1_242' title='bbox 1310 3848 1391 3895; x_wconf 75' lang='lat' dir='ltr'><strong>ex</strong></span> <span class='ocrx_word' id='word_1_243' title='bbox 1443 3848 1541 3895; x_wconf 78' lang='lat' dir='ltr'><strong>eo.</strong></span> <span class='ocrx_word' id='word_1_244' title='bbox 1574 3848 1719 3896; x_wconf 55' lang='lat' dir='ltr'><strong>non*</strong></span> <span class='ocrx_word' id='word_1_245' title='bbox 1765 3835 2122 3919; x_wconf 80' lang='lat' dir='ltr'><strong>cognoscat</strong></span> <span class='ocrx_word' id='word_1_246' title='bbox 2145 3878 2160 3906; x_wconf 94' lang='lat'>‚</span> <span class='ocrx_word' id='word_1_247' title='bbox 2215 3818 2402 3918; x_wconf 76' lang='lat' dir='ltr'><strong>quod</strong></span> <span class='ocrx_word' id='word_1_248' title='bbox 2455 3816 2546 3891; x_wconf 69' lang='lat' dir='ltr'><strong>ad</strong></span> <span class='ocrx_word' id='word_1_249' title='bbox 2597 3815 2872 3916; x_wconf 66' lang='lat' dir='ltr'><strong>nuptias</strong></span> 
     </span>
    </p>
   </div>
   <div class='ocr_carea' id='block_1_3' title="bbox 632 4012 2872 4487">
    <p class='ocr_par' dir='ltr' id='par_1_5' title="bbox 632 4012 2872 4326">
     <span class='ocr_line' id='line_1_31' title="bbox 635 4012 2869 4086; baseline -0.002 -21"><span class='ocrx_word' id='word_1_250' title='bbox 635 4019 867 4066; x_wconf 73' lang='lat' dir='ltr'><strong>mutum</strong></span> <span class='ocrx_word' id='word_1_251' title='bbox 881 4055 897 4078; x_wconf 88' lang='lat'><em>,</em></span> <span class='ocrx_word' id='word_1_252' title='bbox 931 4022 986 4069; x_wconf 80' lang='lat' dir='ltr'><strong>in</strong></span> <span class='ocrx_word' id='word_1_253' title='bbox 1009 4020 1217 4073; x_wconf 79' lang='lat' dir='ltr'><strong>Christo</strong></span> <span class='ocrx_word' id='word_1_254' title='bbox 1234 4024 1284 4071; x_wconf 77' lang='lat' dir='ltr'><strong>et</strong></span> <span class='ocrx_word' id='word_1_255' title='bbox 1305 4025 1361 4072; x_wconf 80' lang='lat' dir='ltr'><strong>in</strong></span> <span class='ocrx_word' id='word_1_256' title='bbox 1381 4021 1595 4073; x_wconf 80' lang='lat' dir='ltr'><strong>ecclesia</strong></span> <span class='ocrx_word' id='word_1_257' title='bbox 1609 4059 1624 4083; x_wconf 90' lang='lat'>,</span> <span class='ocrx_word' id='word_1_258' title='bbox 1651 4022 2016 4086; x_wconf 77' lang='lat' dir='ltr'><strong>praedicaverat</strong></span> <span class='ocrx_word' id='word_1_259' title='bbox 2036 4018 2298 4082; x_wconf 80' lang='lat' dir='ltr'><strong>Apostolus</strong></span> <span class='ocrx_word' id='word_1_260' title='bbox 2315 4016 2382 4065; x_wconf 81' lang='lat' dir='ltr'><strong>ad</strong></span> <span class='ocrx_word' id='word_1_261' title='bbox 2405 4016 2580 4079; x_wconf 81' lang='lat' dir='ltr'><strong>Ephes.</strong></span> <span class='ocrx_word' id='word_1_262' title='bbox 2605 4012 2772 4075; x_wconf 79' lang='lat' dir='ltr'><strong>V.,ab</strong></span> <span class='ocrx_word' id='word_1_263' title='bbox 2794 4025 2869 4062; x_wconf 87' lang='lat' dir='ltr'><strong>ec·</strong></span> 
     </span>
     <span class='ocr_line' id='line_1_32' title="bbox 632 4090 2868 4164; baseline -0.003 -18"><span class='ocrx_word' id='word_1_264' title='bbox 632 4096 808 4146; x_wconf 78' lang='lat' dir='ltr'><strong>clesiae</strong></span> <span class='ocrx_word' id='word_1_265' title='bbox 823 4099 1103 4161; x_wconf 75' lang='lat' dir='ltr'><strong>primordiis</strong></span> <span class='ocrx_word' id='word_1_266' title='bbox 1123 4104 1321 4152; x_wconf 78' lang='lat' dir='ltr'><strong>cautum</strong></span> <span class='ocrx_word' id='word_1_267' title='bbox 1344 4104 1440 4164; x_wconf 85' lang='lat' dir='ltr'><strong>est,</strong></span> <span class='ocrx_word' id='word_1_268' title='bbox 1465 4114 1526 4151; x_wconf 85' lang='lat' dir='ltr'><strong>ne</strong></span> <span class='ocrx_word' id='word_1_269' title='bbox 1548 4101 1690 4151; x_wconf 84' lang='lat' dir='ltr'><strong>aliter</strong></span> <span class='ocrx_word' id='word_1_270' title='bbox 1705 4101 1831 4150; x_wconf 80' lang='lat' dir='ltr'><strong>iilud</strong></span> <span class='ocrx_word' id='word_1_271' title='bbox 1851 4099 2056 4162; x_wconf 82' lang='lat' dir='ltr'><strong>inirent,</strong></span> <span class='ocrx_word' id='word_1_272' title='bbox 2077 4109 2228 4161; x_wconf 75' lang='lat' dir='ltr'><strong>quam</strong></span> <span class='ocrx_word' id='word_1_273' title='bbox 2244 4108 2410 4147; x_wconf 79' lang='lat' dir='ltr'><strong>coram</strong></span> <span class='ocrx_word' id='word_1_274' title='bbox 2431 4094 2709 4155; x_wconf 81' lang='lat' dir='ltr'><strong>sacerdote,</strong></span> <span class='ocrx_word' id='word_1_275' title='bbox 2723 4090 2868 4143; x_wconf 80' lang='lat' dir='ltr'><strong>cuius</strong></span> 
     </span>
     <span class='ocr_line' id='line_1_33' title="bbox 637 4170 2872 4245; baseline 0.002 -19"><span class='ocrx_word' id='word_1_276' title='bbox 637 4175 973 4230; x_wconf 79' lang='lat' dir='ltr'><strong>benedictione</strong></span> <span class='ocrx_word' id='word_1_277' title='bbox 1016 4181 1397 4244; x_wconf 72' lang='lat' dir='ltr'><strong>quodammodo</strong></span> <span class='ocrx_word' id='word_1_278' title='bbox 1432 4182 1788 4245; x_wconf 73' lang='lat' dir='ltr'><strong>obsignat-etur.</strong></span> <span class='ocrx_word' id='word_1_279' title='bbox 1830 4180 1989 4233; x_wconf 77' lang='lat' dir='ltr'><strong>unius</strong></span> <span class='ocrx_word' id='word_1_280' title='bbox 2019 4178 2312 4243; x_wconf 69' lang='lat' dir='ltr'><strong>disciplinae</strong></span> <span class='ocrx_word' id='word_1_281' title='bbox 2345 4174 2686 4230; x_wconf 70' lang='lat' dir='ltr'><strong>testimonium</strong></span> <span class='ocrx_word' id='word_1_282' title='bbox 2722 4170 2872 4233; x_wconf 59' lang='lat' dir='ltr'><strong>¹¹⁰1!ss</strong></span> 
     </span>
     <span class='ocr_line' id='line_1_34' title="bbox 635 4258 1474 4326; baseline 0.006 -18"><span class='ocrx_word' id='word_1_283' title='bbox 635 4258 891 4321; x_wconf 84' lang='lat' dir='ltr'><strong>perhibent</strong></span> <span class='ocrx_word' id='word_1_284' title='bbox 912 4259 1239 4323; x_wconf 82' lang='lat' dir='ltr'><strong>antiquissimi</strong></span> <span class='ocrx_word' id='word_1_285' title='bbox 1263 4264 1474 4326; x_wconf 72' lang='lat' dir='ltr'><strong>patres.»</strong></span> 
     </span>
    </p>

    <p class='ocr_par' dir='ltr' id='par_1_6' title="bbox 781 4338 1898 4406">
     <span class='ocr_line' id='line_1_35' title="bbox 781 4338 1898 4406; baseline -0.001 -17"><span class='ocrx_word' id='word_1_286' title='bbox 781 4339 881 4402; x_wconf 76' lang='grc'>(13)</span> <span class='ocrx_word' id='word_1_287' title='bbox 909 4338 1063 4403; x_wconf 78' lang='lat' dir='ltr'><strong>Epist.</strong></span> <span class='ocrx_word' id='word_1_288' title='bbox 1081 4340 1145 4390; x_wconf 84' lang='lat' dir='ltr'><strong>ad</strong></span> <span class='ocrx_word' id='word_1_289' title='bbox 1166 4342 1420 4406; x_wconf 73' lang='lat' dir='ltr'><strong>Polycarp.</strong></span> <span class='ocrx_word' id='word_1_290' title='bbox 1436 4355 1545 4405; x_wconf 86' lang='lat' dir='ltr'><strong>cap.</strong></span> <span class='ocrx_word' id='word_1_291' title='bbox 1566 4344 1623 4390; x_wconf 83' lang='lat' dir='ltr'><strong>V.</strong></span> <span class='ocrx_word' id='word_1_292' title='bbox 1637 4339 1718 4391; x_wconf 88' lang='lat' dir='ltr'><strong>ed.</strong></span> <span class='ocrx_word' id='word_1_293' title='bbox 1737 4338 1898 4390; x_wconf 75' lang='lat' dir='ltr'><strong>cotel.</strong></span> 
     </span>
    </p>

    <p class='ocr_par' dir='ltr' id='par_1_7' title="bbox 779 4419 1925 4487">
     <span class='ocr_line' id='line_1_36' title="bbox 779 4419 1925 4487; baseline -0.002 -17"><span class='ocrx_word' id='word_1_294' title='bbox 779 4420 880 4482; x_wconf 73' lang='lat'>(14)</span> <span class='ocrx_word' id='word_1_295' title='bbox 911 4419 1018 4471; x_wconf 88' lang='lat' dir='ltr'><strong>Lib.</strong></span> <span class='ocrx_word' id='word_1_296' title='bbox 1042 4421 1174 4487; x_wconf 80' lang='lat' dir='ltr'><strong>11.in</strong></span> <span class='ocrx_word' id='word_1_297' title='bbox 1204 4423 1275 4472; x_wconf 88' lang='lat'><strong>10.</strong></span> <span class='ocrx_word' id='word_1_298' title='bbox 1296 4434 1401 4486; x_wconf 86' lang='lat' dir='ltr'><strong>cap.</strong></span> <span class='ocrx_word' id='word_1_299' title='bbox 1427 4420 1596 4473; x_wconf 81' lang='lat' dir='ltr'><strong>22.ed.</strong></span> <span class='ocrx_word' id='word_1_300' title='bbox 1615 4420 1769 4471; x_wconf 79' lang='lat' dir='ltr'><strong>Paris.</strong></span> <span class='ocrx_word' id='word_1_301' title='bbox 1793 4426 1925 4472; x_wconf 75' lang='lat'><strong>¹6³8.</strong></span> 
     </span>
    </p>
   </div>
  </div>
 </body>
</html>
