3276 5083
696 473 835 522 ω».
875 470 971 521 111.
1019 470 1099 520 nn
1149 467 1411 521 nram.
1454 469 1680 522 civius
1732 468 1920 522 Luca.
1963 468 2103 521 iar.
2147 470 2244 521 111.
2452 449 2589 519 317

374 619 457 665 ex
483 598 674 691 parte
707 606 1142 687 cognatorum
1166 604 1236 662 et
1261 587 1596 678 affinium,
1622 590 1741 689 qui
1776 589 2052 663 excitari
2090 588 2260 663 solet
2292 587 2379 663 ob
2411 589 2596 663 eius-

370 706 552 780 modi
588 705 926 803 coniugia;
976 705 1112 779 vim
1156 720 1418 778 exercet
1457 703 1744 779 demotio
1778 705 2155 779 defectuum
2177 762 2193 791 ,
2234 704 2351 804 qui
2403 705 2598 802 prius

368 821 701 909 latebant,
756 836 959 920 atque
990 818 1076 893 ad
1112 819 1606 919 separationem
1657 818 1976 919 paulatim
2020 817 2408 918 impellunt;
2456 819 2591 892 vim

372 950 634 1010 exercet
682 936 832 1036 ipsa
883 935 1060 1033 legis
1110 926 1507 1033 impotentia
1557 935 1645 1008 ad
1698 950 1881 1009 sarta
1914 950 2087 1008 tecta
2129 934 2462 1008 eiusmodi
2499 935 2602 1007 ci·

372 1051 536 1124 vilia
588 1049 930 1125 connubia
979 1049 1465 1123 conservanda.
1508 1049 1578 1120 Si
1613 1048 1771 1148 quis
1808 1048 1987 1122 enim
2021 1073 2453 1148 quacumque
2485 1048 2602 1122 de-

371 1192 555 1239 mum
606 1193 688 1240 ex
736 1190 947 1239 causa
999 1181 1186 1264 optet
1222 1164 1494 1238 fictitias
1539 1190 1701 1239 suas
1745 1165 2016 1264 nuptias
2060 1163 2295 1239 civiles
2343 1163 2598 1238 dissol-

370 1305 524 1353 vere
566 1339 584 1367 ,
641 1297 716 1353 ut
765 1278 1301 1354 iurisdictionem
1350 1278 1632 1376 effugiat
1687 1281 2123 1378 magistratus
2156 1336 2172 1366 ,
2229 1278 2347 1379 qui
2398 1278 2596 1352 civile

374 1395 765 1493 coniugium
815 1394 1009 1495 prius
1059 1394 1300 1468 initum
1353 1410 1610 1482 tuetur,
1652 1420 1733 1467 ac
1769 1395 2021 1468 servari
2057 1393 2283 1482 iubet,
2326 1394 2494 1467 satis
2529 1394 2592 1465 ei

374 1527 478 1584 est
525 1512 597 1583 in
654 1510 1011 1584 finitimam
1065 1510 1403 1608 regionem
1441 1535 1516 1582 se
1549 1510 1851 1583 conferre
1900 1535 2054 1583 cum
2106 1509 2330 1582 animo
2379 1508 2596 1582 domi-

374 1623 512 1700 cilii
537 1684 553 1715 ,
612 1642 729 1699 aut
777 1626 976 1726 quasi
1026 1624 1351 1699 domicilii
1389 1624 1485 1696 ibi
1523 1624 1843 1723 ponendi.
1887 1623 1987 1696 Ibi
2038 1623 2337 1698 exhibito
2386 1624 2597 1698 docu-

372 1758 596 1815 mento
658 1756 875 1815 status
925 1739 1170 1827 liberi,
1241 1740 1422 1841 quod
1472 1740 1587 1828 ei,
1645 1741 1763 1839 qui
1816 1739 1962 1813 solo
2011 1738 2193 1812 civili
2259 1738 2597 1813 connubio

376 1857 774 1931 coniunctus
822 1873 966 1943 est,
1023 1857 1387 1956 episcopus
1428 1871 1545 1928 aut
1579 1855 1917 1954 parochus
1967 1854 2097 1929 loci
2147 1854 2334 1928 iuxta
2382 1854 2597 1928 eccle-

376 1972 521 2045 siae
567 1971 752 2069 leges
801 1971 1137 2068 denegare
1188 1996 1322 2043 non
1373 1986 1627 2070 potest,
1671 1969 1858 2043 nulla
1906 1970 2082 2043 facta
2130 1970 2467 2044 mentione
2507 1971 2598 2043 ci-

374 2084 533 2159 vilis
575 2086 908 2181 coniugii,
965 2110 1174 2158 novas
1225 2083 1561 2158 contrahit
1608 2085 1883 2182 nuptias
1919 2084 1990 2155 in
2026 2084 2199 2157 facie
2230 2083 2588 2171 ecclesiae,

378 2200 616 2299 sicque
649 2215 877 2272 actum
910 2215 1014 2272 est
1045 2199 1133 2271 de
1169 2199 1376 2297 priori
1411 2198 1593 2272 civili
1628 2198 1968 2272 connubio
2003 2214 2200 2272 antea
2225 2214 2585 2273 contracto.

378 2314 529 2400 Quo
562 2315 634 2386 in
675 2340 841 2387 casu
875 2340 960 2387 en
997 2313 1319 2386 familiam
1354 2313 1755 2389 dissolutam
1790 2371 1806 2402 ,
1865 2313 2021 2387 licet
2069 2313 2176 2387 lex
2224 2339 2372 2390 eam
2424 2314 2594 2386 tueri

382 2456 506 2529 pro
553 2428 814 2504 viribus
867 2444 1076 2503 curet.

519 2547 621 2620 De
656 2544 868 2646 prolis
902 2571 983 2618 ex
1016 2544 1352 2619 eiusmodi
1396 2545 1735 2643 coniugiis
1771 2560 2181 2645 propagatae
2203 2543 2596 2619 'conditione

379 2662 446 2735 in
502 2660 686 2736 omni
741 2661 1106 2761 hypothesi
1157 2661 1324 2735 satis
1374 2659 1670 2734 diximus
1696 2718 1712 2747 ‚
1753 2661 1919 2761 quin
1954 2660 2190 2734 eadem
2224 2660 2466 2733 iterum
2499 2660 2598 2732 in-

377 2803 607 2875 gerere
667 2775 1078 2864 debeamus;
1147 2802 1323 2876 quae
1382 2776 1611 2851 omnia
1661 2776 1732 2849 in
1783 2775 2081 2849 familiae
2143 2774 2411 2849 tandem
2478 2774 2596 2848 de-

381 2893 767 2965 trimentum
818 2891 1088 2965 cedunt.

523 3006 778 3103 Ecquis
827 3022 1050 3077 autem
1102 3010 1361 3081 nesciat
1412 3009 1753 3082 societatis
1802 3007 2056 3080 bonum
2097 3033 2138 3080 a
2186 3007 2363 3080 bono
2404 3008 2596 3080 sami-

378 3119 623 3192 liarum
658 3176 674 3204 ,
730 3144 811 3190 ex
860 3120 1111 3217 quibus
1163 3122 1277 3194 illa
1326 3123 1685 3209 coalescit,
1747 3121 2093 3222 pendere?
2124 3122 2194 3193 Si
2230 3123 2354 3194 rite
2401 3121 2597 3192 sami-

382 3233 514 3307 liae
565 3233 809 3306 fuerint
851 3232 1251 3307 constitutae
1293 3260 1373 3308 ac
1414 3237 1762 3310 ordinatae
1785 3294 1801 3323 ,
1842 3237 1966 3309 rite
2001 3236 2250 3334 pariter
2280 3236 2407 3307 erit
2437 3259 2598 3308 con-

381 3350 614 3425 stituta
657 3375 737 3422 ac
776 3350 1084 3423 ordinata
1119 3350 1445 3437 societas;
1487 3349 1605 3423 ubi
1643 3377 1839 3424 secus
1887 3351 2155 3425 evenire
2206 3350 2590 3447 contigerit,

383 3465 672 3539 societas
724 3492 766 3539 a
818 3464 1075 3551 radice,
1131 3482 1206 3539 ut
1254 3465 1350 3539 ita
1397 3464 1637 3566 loquar
1662 3524 1678 3553 ,
1734 3466 2021 3539 laeditur
2045 3474 2049 3478 ’
2069 3481 2271 3565 atque
2331 3463 2598 3540 convel-

382 3581 564 3654 litur.
607 3582 774 3654 Nam
817 3582 1106 3657 societas
1159 3608 1293 3655 non
1343 3598 1448 3656 est
1496 3581 1765 3656 demum
1818 3582 1952 3656 nisi
2002 3607 2245 3679 magna
2296 3579 2589 3667 familia,

382 3721 560 3796 quae
596 3722 679 3767 ex
715 3697 994 3796 privatis
1048 3697 1325 3771 familiis
1370 3697 1496 3770 rite
1544 3696 1937 3797 dispositis,
1979 3713 2320 3796 tamquam
2353 3720 2599 3794 corpus

382 3810 704 3883 membris
755 3812 1206 3885 constituitur.
1256 3811 1447 3886 Vices
1500 3810 1782 3912 proinde
1832 3837 2090 3898 omnes,
2130 3811 2288 3885 data
2322 3834 2599 3909 propor-

384 3927 588 4013 tione,
629 3925 859 4000 subire
901 3926 1098 4000 debet
1139 3928 1426 4002 societas
1454 3985 1470 4014 ,
1525 3928 1777 4027 quibus
1828 3929 2129 4028 privatae
2178 3925 2467 3999 subsunt
2499 3924 2600 3998 fa-

388 4041 613 4115 miliae
634 4100 649 4130 ,
703 4042 1174 4141 societatisque
1213 4045 1687 4117 detrimentum
1727 4058 1866 4131 est,
1908 4041 2243 4142 quidquid
2278 4040 2494 4139 vergit
2528 4039 2597 4111 in

391 4156 683 4232 familiae
731 4157 1223 4232 detrimentum.

534 4274 724 4348 Nunc
764 4274 1095 4348 sciscitari
1133 4273 1342 4362 lubet,
1386 4276 1662 4374 politica
1706 4303 1827 4363 ne,
1870 4302 1956 4348 an
1992 4301 2149 4349 vero
2183 4271 2599 4372 antipolitica

392 4386 497 4460 lex
530 4389 814 4465 dicenda
859 4391 988 4479 sit,
1026 4416 1204 4490 quae
1241 4407 1478 4467 natura
1517 4417 1644 4466 sua
1678 4406 1774 4467 tot
1808 4390 2054 4466 damna
2089 4416 2169 4466 ac
2201 4389 2599 4465 detrimenta
