3276 5083
631 399 769 469 354
1014 421 1133 470 Lm.
1178 423 1221 470 ι.
1266 418 1434 471 sacr.
1483 422 1740 472 Atrum.
1788 423 1866 471 or.
1917 421 2436 497 mrumscrvm.

625 553 845 637 potest
868 563 1019 611 esse
1047 540 1429 611 necessaria
1456 539 1543 610 ad
1566 538 1914 612 vitandum
1951 538 2208 611 malurn¹
2236 539 2578 628 deterius;
2613 558 2846 617 neutra

628 679 948 751 umquam
986 668 1203 751 potest
1251 680 1404 727 esse
1457 653 1825 740 illimitata;
1876 653 2178 753 alioquin
2221 653 2545 728 deberent
2587 656 2849 732 admitti

630 768 1219 841 indiscriminatim
1271 769 1489 842 cultus
1541 795 1774 842 omnes
1821 770 2021 842 etiam
2081 769 2569 844 abominabiles
2619 787 2686 845 et
2740 773 2860 845 im-

628 883 916 958 morales
940 942 955 970 ‚
989 909 1273 958 nec-non
1299 885 1528 957 omnia
1561 885 1852 983 permitti
1891 884 2189 958 facinora
2213 942 2228 970 ‚
2280 900 2483 984 atque
2529 912 2860 962 excessus

627 1026 886 1086 omnes,
929 999 1015 1071 ad
1051 1026 1224 1100 quos
1258 1000 1664 1073 effraenatae
1698 999 2107 1097 cupiditates
2160 1000 2467 1073 homines
2519 1001 2856 1075 interdum

634 1116 926 1213 rapiunt.
963 1115 1155 1202 Quod
1209 1141 1405 1188 nemo
1455 1115 1755 1213 profecto
1788 1114 2004 1200 volet,
2048 1140 2172 1188 nec
2206 1115 2417 1188 ullum
2455 1115 2854 1213 gubernium

632 1231 964 1304 eiusmodi
1015 1230 1434 1304 tolerantiam
1487 1231 1857 1330 profitetur.

774 1346 913 1419 Sub
956 1362 1193 1420 neutro
1244 1363 1465 1420 autem
1510 1347 1637 1420 hoc
1682 1346 1873 1419 titulo
1925 1361 2144 1444 potest
2177 1346 2277 1419 lex
2318 1347 2566 1419 sanciri
2600 1347 2689 1420 de
2723 1373 2863 1422 ma-

635 1463 948 1535 trimonio
1015 1464 1237 1549 civili;
1317 1488 1448 1535 non
1507 1462 1783 1562 quidem
1836 1461 1963 1534 sub
2015 1462 2206 1534 titulo
2259 1461 2653 1535 tolerantiae
2711 1464 2866 1537 reli·-

631 1577 862 1672 giosae
912 1575 1184 1675 quando
1238 1576 1591 1674 imperium
1627 1591 1732 1648 est
1763 1574 2171 1648 catholicum
2200 1634 2215 1661 ‚
2266 1577 2430 1676 quia
2480 1576 2717 1674 religio
2749 1603 2863 1652 ca-

632 1690 883 1763 tholica
932 1680 1188 1789 respuit
1221 1716 1301 1763 ac
1334 1691 1609 1763 damnat
1658 1689 1790 1762 tale
1832 1690 2258 1786 coniugium;
2302 1690 2634 1789 legislatio
2668 1718 2852 1780 vero,

635 1831 811 1905 quae
862 1805 1250 1878 harmonice
1290 1804 1648 1878 cohaereat
1689 1831 1841 1879 cum
1887 1804 2212 1901 religione
2245 1804 2599 1892 catholica,
2633 1808 2859 1905 ipsum

640 1943 958 2017 respuere
1011 1918 1259 2016 pariter
1305 1918 1504 1991 debet
1537 1922 1716 2014 (19).
1762 1920 1838 1990 ld
1886 1944 2043 1992 vero
2094 1934 2279 1992 tanto
2330 1919 2550 2018 magis
2608 1936 2863 2018 quanto

638 2033 970 2107 eiusmodi
1009 2034 1138 2120 lex,
1182 2061 1318 2133 qua
1369 2034 1856 2134 permitteretur
1906 2034 2185 2108 omissio
2232 2034 2456 2123 illius,
2506 2061 2707 2135 quem
2743 2059 2864 2109 vo-

635 2163 829 2234 cant,
865 2149 1032 2222 ritus
1061 2144 1384 2246 religiosi,
1419 2148 1697 2222 haberet
1729 2149 2007 2222 effectus
2043 2150 2367 2247 positivus
2389 2207 2404 2236 ‚
2438 2166 2635 2250 prout
2667 2151 2863 2224 toties

637 2263 1267 2349 animadvertimus,
1301 2263 1550 2361 quibus
1587 2262 1663 2335 fit
1697 2278 1771 2336 ut
1805 2263 2177 2337 catholicus
2217 2263 2625 2363 impediatur
2656 2264 2867 2338 adim-

638 2379 821 2476 plere
857 2379 1011 2452 illas
1048 2379 1520 2476 obligationes,
1564 2405 1738 2478 quas
1788 2379 1936 2452 eius
1987 2379 2402 2452 conscientia
2449 2379 2536 2452 ab
2577 2380 2731 2479 ipso
2779 2380 2872 2452 es-

634 2495 925 2592 ssagitat‚
968 2495 1274 2594 adeoque
1306 2493 1681 2568 laederetur
1714 2521 1794 2568 ex
1828 2495 2026 2568 dictis
2064 2493 2339 2569 libertas
2379 2495 2860 2570 conscientiae.

637 2613 868 2711 Neque
928 2610 1057 2683 sub
1116 2610 1310 2683 titulo
1370 2609 1764 2683 tolerantiae
1825 2610 2083 2695 civilis,
2142 2610 2303 2709 quia
2355 2610 2483 2683 hac
2532 2611 2683 2708 lege
2730 2637 2872 2685 non

643 2728 861 2801 solum
917 2728 1410 2826 permitteretur
1458 2726 1704 2798 malum
1761 2727 1909 2799 sine
1960 2727 2307 2825 punitione
2341 2783 2356 2811 ‚
2415 2727 2536 2798 sed
2587 2727 2872 2801 inferre-

645 2859 790 2925 tur;
850 2841 1187 2938 siquidem
1237 2855 1585 2914 vocaretur
1625 2840 2126 2915 matrimonium
2164 2840 2345 2939 quod
2382 2840 2516 2914 tale
2549 2865 2682 2914 non
2719 2859 2867 2932 est,

645 2955 1188 3028 cohonestaretur
1224 2955 1350 3029 hoc
1385 2951 1654 3029 nomine
1688 2957 1868 3056 quod
1904 2972 2006 3030 est
2040 2983 2160 3055 per
2192 2981 2269 3030 se
2303 2955 2552 3029 malum
2572 3013 2590 3043 ,
2623 2982 2870 3057 nempe

642 3069 1128 3144 concubinatus
1180 3086 1295 3143 aut
1345 3071 1691 3145 fornicatio
1717 3129 1732 3158 ‚
1774 3088 1839 3144 et
1872 3071 1973 3145 sic
2022 3072 2128 3145 lex
2177 3072 2487 3146 illuderet
2527 3073 2749 3159 cives,
2794 3072 2866 3142 in

646 3211 935 3257 errorem
986 3186 1396 3284 pertraheret
1443 3187 1907 3285 turpissimum
1932 3245 1948 3274 ‚
1990 3204 2302 3288 putantes
2350 3214 2425 3261 se
2474 3187 2870 3260 contrahere

641 3300 1064 3397 coniugium,
1114 3301 1272 3374 dum
1317 3328 1449 3376 non
1503 3318 1607 3375 est
1658 3303 1789 3376 nisi
1843 3304 2225 3377 coniunctio
2259 3330 2438 3377 mere
2474 3303 2855 3376 fornicaria.

645 3418 742 3487 Ad
793 3442 1131 3489 summum
1184 3435 1412 3517 posset
1459 3419 1564 3491 lex
1617 3416 1837 3492 civilis
1886 3420 2259 3507 declarare,
2302 3419 2482 3518 quod
2525 3436 2871 3519 tamquam

789 3661 890 3722 (w)
921 3659 1066 3717 Quod
1084 3661 1304 3724 apprime
1324 3662 1556 3724 cognovit
1575 3673 1635 3712 ac
1657 3661 1904 3725 professus
1925 3664 2002 3712 est
2018 3666 2079 3712 D.
2095 3661 2308 3712 Pertalis
2326 3660 2489 3712 senior
2509 3660 2722 3711 offerens
2743 3662 2871 3711 Gon·

646 3741 926 3791 cordatum
950 3748 1061 3791 ¹801
1075 3780 1085 3791 .
1099 3742 1291 3806 corpori
1320 3742 1613 3805 legislativo‚
1637 3745 1688 3792 et
1708 3742 1779 3792 sic
1799 3743 1960 3806 ipsum
1983 3743 2161 3794 effatus
2179 3745 2277 3794 est:
2303 3762 2325 3785 ι
2341 3741 2589 3804 Quciques
2610 3752 2874 3805 personnes

647 3835 698 3870 se
717 3821 999 3883 plaindront
1018 3822 1080 3871 de
1100 3835 1156 3871 ce
1177 3836 1273 3884 que
1293 3823 1391 3871 l’on
1412 3823 1491 3872 n'a
1513 3836 1601 3885 pas
1622 3824 1857 3873 conserve
1877 3823 1925 3872 le
1942 3823 2156 3885 mariage
2177 3822 2263 3872 des
2283 3824 2498 3886 pretres3
2518 3822 2655 3870 mais
2671 3820 2884 3883 lorsque

647 3901 751 3950 l'on
789 3901 967 3952 adunet
983 3939 1000 3962 ,
1042 3916 1111 3953 ou
1146 3915 1249 3967 que
1281 3901 1384 3953 l’on
1419 3915 1668 3954 conserve
1687 3916 1793 3954 une
1818 3902 2069 3967 reliywn,
2100 3902 2144 3954 u
2160 3902 2295 3965 saut
2319 3903 2376 3953 la
2398 3902 2541 3965 reqir
2563 3899 2769 3964 d'aprae
2796 3911 2883 3949 ces·

647 3985 932 4045 principes.
958 3983 1081 4033 Mais
1118 3985 1355 4046 s'arroger
1394 3983 1789 4034 arbitrairement
1808 3984 1870 4034 de
1893 3985 2248 4047 perfectionner
2279 3984 2350 4034 les
2377 3983 2510 4034 idees
2528 3985 2579 4033 et
2599 3982 2669 4032 ies
2692 3980 2887 4032 institu-

655 4060 784 4111 tions
822 4062 1123 4125 religieuses,
1153 4066 1266 4113 sont
1301 4064 1388 4114 des
1425 4064 1722 4128 pretentions
1760 4065 2029 4115 contraire«
2049 4064 2079 4114 a
2098 4066 2147 4114 ia
2169 4067 2342 4114 nature
2380 4064 2467 4113 des
2502 4063 2690 4112 choses.
2716 4063 2794 4111 On
2823 4073 2886 4109 ne

654 4153 749 4204 pou
760 4143 876 4191 rrait
908 4143 1254 4206 entreprendre
1277 4143 1338 4194 dc
1358 4145 1715 4209 perfectionum·
1733 4158 1831 4196 une
1850 4146 2054 4208 religion
2086 4158 2201 4196 sans
2235 4143 2470 4195 convenit
2498 4142 2680 4207 qu’eile
2707 4142 2781 4191 est
2814 4139 2890 4189 vi·

655 4223 819 4272 cieusc
858 4225 908 4274 et
939 4224 1370 4288 consequemment
1404 4239 1522 4278 sans
1556 4225 1607 4276 la
1647 4225 1864 4277 detruire
1887 4239 1974 4290 par
2003 4226 2076 4276 les
2098 4237 2298 4289 moyens
2325 4224 2450 4275 dont
2467 4236 2530 4274 on
2554 4220 2741 4273 userait
2760 4233 2888 4285 pour

651 4303 908 4353 '’etablirm
926 4306 1235 4369 Quamquam
1257 4308 1309 4355 in
1329 4306 1465 4367 aliis,
1486 4309 1542 4357 ut
1563 4309 1734 4371 postea
1755 4307 2052 4370 videbimus„
2082 4307 2187 4371 ipse
2205 4305 2298 4357 sibi
2321 4305 2548 4355 constans
2568 4304 2621 4354 in
2641 4303 2736 4353 hoc
2758 4300 2889 4365 prin·

646 4383 777 4447 cipio
806 4397 903 4434 non
930 4384 1096 4435 suerit.
