<?xml version="1.0" encoding="UTF-8"?>
<!DOCTYPE html PUBLIC "-//W3C//DTD XHTML 1.0 Transitional//EN"
    "http://www.w3.org/TR/xhtml1/DTD/xhtml1-transitional.dtd">
<html xmlns="http://www.w3.org/1999/xhtml" xml:lang="en" lang="en">
 <head>
  <title>
</title>
<meta http-equiv="Content-Type" content="text/html;charset=utf-8" />
  <meta name='ocr-system' content='tesseract 3.04.00' />
  <meta name='ocr-capabilities' content='ocr_page ocr_carea ocr_par ocr_line ocrx_word'/>
</head>
<body>
  <div class='ocr_page' id='page_1' title='image "./dematrimoniochr04perrgoog_0320.png"; bbox 0 0 3276 5083; ppageno 0'>
   <div class='ocr_carea' id='block_1_1' title="bbox 605 392 2402 464">
    <p class='ocr_par' dir='ltr' id='par_1_1' title="bbox 605 392 2402 464">
     <span class='ocr_line' id='line_1_1' title="bbox 605 392 2402 464; baseline -0.003 -1"><span class='ocrx_word' id='word_1_1' title='bbox 605 392 739 463; x_wconf 76' lang='lat'><strong>296</strong></span> <span class='ocrx_word' id='word_1_2' title='bbox 1003 414 1123 464; x_wconf 78' lang='lat' dir='ltr'><strong>us.</strong></span> <span class='ocrx_word' id='word_1_3' title='bbox 1168 415 1212 463; x_wconf 89' lang='lat'><strong>1.</strong></span> <span class='ocrx_word' id='word_1_4' title='bbox 1256 414 1428 463; x_wconf 75' lang='lat' dir='ltr'><strong>secr.</strong></span> <span class='ocrx_word' id='word_1_5' title='bbox 1470 412 1727 463; x_wconf 59' lang='lat' dir='ltr'><strong>sunm.</strong></span> <span class='ocrx_word' id='word_1_6' title='bbox 1771 414 1850 462; x_wconf 80' lang='lat' dir='ltr'><strong>nr.</strong></span> <span class='ocrx_word' id='word_1_7' title='bbox 1886 414 2145 464; x_wconf 69' lang='lat' dir='ltr'><strong>nram.</strong></span> <span class='ocrx_word' id='word_1_8' title='bbox 2190 411 2402 463; x_wconf 79' lang='lat' dir='ltr'><strong>c1v1u.</strong></span> 
     </span>
    </p>
   </div>
   <div class='ocr_carea' id='block_1_2' title="bbox 600 530 2882 3373">
    <p class='ocr_par' dir='ltr' id='par_1_2' title="bbox 600 530 2813 742">
     <span class='ocr_line' id='line_1_2' title="bbox 604 530 2813 630; baseline 0.001 -28"><span class='ocrx_word' id='word_1_9' title='bbox 604 534 840 605; x_wconf 84' lang='lat' dir='ltr'><strong>nomen</strong></span> <span class='ocrx_word' id='word_1_10' title='bbox 875 547 941 603; x_wconf 89' lang='lat' dir='ltr'><strong>et</strong></span> <span class='ocrx_word' id='word_1_11' title='bbox 972 531 1454 630; x_wconf 79' lang='lat' dir='ltr'><strong>professionem</strong></span> <span class='ocrx_word' id='word_1_12' title='bbox 1500 530 1978 604; x_wconf 89' lang='lat' dir='ltr'><strong>catholicorum</strong></span> <span class='ocrx_word' id='word_1_13' title='bbox 2014 546 2368 604; x_wconf 88' lang='lat' dir='ltr'><strong>assumunt</strong></span> <span class='ocrx_word' id='word_1_14' title='bbox 2404 532 2471 600; x_wconf 90' lang='lat' dir='ltr'><strong>in</strong></span> <span class='ocrx_word' id='word_1_15' title='bbox 2507 555 2661 602; x_wconf 88' lang='lat' dir='ltr'><strong>eum</strong></span> <span class='ocrx_word' id='word_1_16' title='bbox 2698 559 2813 605; x_wconf 74' lang='lat' dir='ltr'><strong>so-</strong></span> 
     </span>
     <span class='ocr_line' id='line_1_3' title="bbox 600 645 2185 742; baseline -0.001 -24"><span class='ocrx_word' id='word_1_17' title='bbox 600 647 738 720; x_wconf 92' lang='lat' dir='ltr'><strong>lum</strong></span> <span class='ocrx_word' id='word_1_18' title='bbox 787 647 985 717; x_wconf 88' lang='lat' dir='ltr'><strong>finem</strong></span> <span class='ocrx_word' id='word_1_19' title='bbox 1013 704 1029 732; x_wconf 92' lang='lat'>‚</span> <span class='ocrx_word' id='word_1_20' title='bbox 1085 663 1160 718; x_wconf 88' lang='lat' dir='ltr'><strong>ut</strong></span> <span class='ocrx_word' id='word_1_21' title='bbox 1208 646 1532 720; x_wconf 88' lang='lat' dir='ltr'><strong>ecclesiae</strong></span> <span class='ocrx_word' id='word_1_22' title='bbox 1583 646 1801 742; x_wconf 86' lang='lat' dir='ltr'><strong>magis</strong></span> <span class='ocrx_word' id='word_1_23' title='bbox 1852 645 2185 719; x_wconf 77' lang='lat' dir='ltr'><strong>noceant?</strong></span> 
     </span>
    </p>

    <p class='ocr_par' dir='ltr' id='par_1_3' title="bbox 601 759 2882 3373">
     <span class='ocr_line' id='line_1_4' title="bbox 746 759 2813 859; baseline 0.001 -28"><span class='ocrx_word' id='word_1_24' title='bbox 746 760 1028 845; x_wconf 87' lang='lat' dir='ltr'><strong>Quarto:</strong></span> <span class='ocrx_word' id='word_1_25' title='bbox 1060 760 1320 832; x_wconf 81' lang='lat' dir='ltr'><strong>eadem</strong></span> <span class='ocrx_word' id='word_1_26' title='bbox 1373 761 1477 833; x_wconf 85' lang='lat' dir='ltr'><strong>lex</strong></span> <span class='ocrx_word' id='word_1_27' title='bbox 1527 760 1871 859; x_wconf 89' lang='lat' dir='ltr'><strong>politicum</strong></span> <span class='ocrx_word' id='word_1_28' title='bbox 1924 760 2144 858; x_wconf 84' lang='lat' dir='ltr'>prodit</span> <span class='ocrx_word' id='word_1_29' title='bbox 2191 759 2591 832; x_wconf 88' lang='lat' dir='ltr'><strong>atheismum</strong></span> <span class='ocrx_word' id='word_1_30' title='bbox 2618 816 2634 845; x_wconf 89' lang='lat'>‚</span> <span class='ocrx_word' id='word_1_31' title='bbox 2691 786 2813 834; x_wconf 86' lang='lat' dir='ltr'><strong>seu</strong></span> 
     </span>
     <span class='ocr_line' id='line_1_5' title="bbox 603 873 2810 974; baseline 0 -28"><span class='ocrx_word' id='word_1_32' title='bbox 603 875 1006 974; x_wconf 88' lang='lat' dir='ltr'><strong>principium</strong></span> <span class='ocrx_word' id='word_1_33' title='bbox 1066 875 1510 974; x_wconf 82' lang='lat' dir='ltr'><strong>separationis</strong></span> <span class='ocrx_word' id='word_1_34' title='bbox 1562 874 1797 973; x_wconf 86' lang='lat' dir='ltr'><strong>plenae</strong></span> <span class='ocrx_word' id='word_1_35' title='bbox 1849 891 2061 948; x_wconf 89' lang='lat' dir='ltr'><strong>status</strong></span> <span class='ocrx_word' id='word_1_36' title='bbox 2112 875 2332 948; x_wconf 85' lang='lat' dir='ltr'><strong>civilis</strong></span> <span class='ocrx_word' id='word_1_37' title='bbox 2367 873 2452 947; x_wconf 89' lang='lat' dir='ltr'><strong>ab</strong></span> <span class='ocrx_word' id='word_1_38' title='bbox 2487 874 2810 961; x_wconf 88' lang='lat' dir='ltr'><strong>ecclesia,</strong></span> 
     </span>
     <span class='ocr_line' id='line_1_6' title="bbox 601 989 2806 1089; baseline 0 -27"><span class='ocrx_word' id='word_1_39' title='bbox 601 1016 737 1089; x_wconf 88' lang='lat' dir='ltr'><strong>qua</strong></span> <span class='ocrx_word' id='word_1_40' title='bbox 788 989 1162 1063; x_wconf 81' lang='lat' dir='ltr'><strong>declaratur</strong></span> <span class='ocrx_word' id='word_1_41' title='bbox 1205 1005 1417 1062; x_wconf 89' lang='lat' dir='ltr'><strong>status</strong></span> <span class='ocrx_word' id='word_1_42' title='bbox 1467 1016 1508 1061; x_wconf 91' lang='lat' dir='ltr'><strong>a</strong></span> <span class='ocrx_word' id='word_1_43' title='bbox 1557 989 1916 1087; x_wconf 84' lang='lat' dir='ltr'><strong>religione,</strong></span> <span class='ocrx_word' id='word_1_44' title='bbox 1972 1016 2131 1076; x_wconf 88' lang='lat' dir='ltr'><strong>seu,</strong></span> <span class='ocrx_word' id='word_1_45' title='bbox 2192 989 2374 1088; x_wconf 92' lang='lat' dir='ltr'><strong>quod</strong></span> <span class='ocrx_word' id='word_1_46' title='bbox 2425 990 2599 1061; x_wconf 91' lang='lat' dir='ltr'><strong>idem</strong></span> <span class='ocrx_word' id='word_1_47' title='bbox 2651 1006 2806 1077; x_wconf 87' lang='lat' dir='ltr'><strong>est,</strong></span> 
     </span>
     <span class='ocr_line' id='line_1_7' title="bbox 602 1104 2816 1202; baseline 0 -25"><span class='ocrx_word' id='word_1_48' title='bbox 602 1130 642 1177; x_wconf 91' lang='lat' dir='ltr'><strong>a</strong></span> <span class='ocrx_word' id='word_1_49' title='bbox 681 1105 821 1177; x_wconf 91' lang='lat' dir='ltr'><strong>Deo</strong></span> <span class='ocrx_word' id='word_1_50' title='bbox 861 1105 1322 1202; x_wconf 89' lang='lat' dir='ltr'><strong>emancipatus</strong></span> <span class='ocrx_word' id='word_1_51' title='bbox 1356 1129 1435 1176; x_wconf 88' lang='lat' dir='ltr'><strong>ac</strong></span> <span class='ocrx_word' id='word_1_52' title='bbox 1476 1130 1648 1201; x_wconf 90' lang='lat' dir='ltr'><strong>pene</strong></span> <span class='ocrx_word' id='word_1_53' title='bbox 1701 1104 1997 1188; x_wconf 87' lang='lat' dir='ltr'><strong>solutus;</strong></span> <span class='ocrx_word' id='word_1_54' title='bbox 2057 1121 2173 1177; x_wconf 89' lang='lat' dir='ltr'><strong>aut</strong></span> <span class='ocrx_word' id='word_1_55' title='bbox 2220 1105 2458 1187; x_wconf 87' lang='lat' dir='ltr'><strong>etiam,</strong></span> <span class='ocrx_word' id='word_1_56' title='bbox 2498 1105 2594 1177; x_wconf 92' lang='lat' dir='ltr'><strong>uti</strong></span> <span class='ocrx_word' id='word_1_57' title='bbox 2635 1132 2816 1177; x_wconf 88' lang='lat' dir='ltr'><strong>nunc</strong></span> 
     </span>
     <span class='ocr_line' id='line_1_8' title="bbox 606 1217 2813 1317; baseline -0 -27"><span class='ocrx_word' id='word_1_58' title='bbox 606 1219 923 1317; x_wconf 89' lang='lat' dir='ltr'><strong>temporis</strong></span> <span class='ocrx_word' id='word_1_59' title='bbox 984 1218 1302 1317; x_wconf 89' lang='lat' dir='ltr'><strong>loquendi</strong></span> <span class='ocrx_word' id='word_1_60' title='bbox 1353 1244 1498 1291; x_wconf 90' lang='lat' dir='ltr'><strong>mos</strong></span> <span class='ocrx_word' id='word_1_61' title='bbox 1554 1233 1699 1304; x_wconf 86' lang='lat' dir='ltr'><strong>est,</strong></span> <span class='ocrx_word' id='word_1_62' title='bbox 1754 1217 1862 1289; x_wconf 79' lang='lat' dir='ltr'><strong>lex</strong></span> <span class='ocrx_word' id='word_1_63' title='bbox 1910 1218 2108 1291; x_wconf 90' lang='lat' dir='ltr'><strong>athea</strong></span> <span class='ocrx_word' id='word_1_64' title='bbox 2160 1217 2605 1291; x_wconf 75' lang='lat' dir='ltr'><strong>constituitur.</strong></span> <span class='ocrx_word' id='word_1_65' title='bbox 2668 1219 2813 1292; x_wconf 90' lang='lat' dir='ltr'><strong>Nisi</strong></span> 
     </span>
     <span class='ocr_line' id='line_1_9' title="bbox 602 1331 2814 1433; baseline 0 -29"><span class='ocrx_word' id='word_1_66' title='bbox 602 1333 768 1406; x_wconf 86' lang='lat' dir='ltr'><strong>haec</strong></span> <span class='ocrx_word' id='word_1_67' title='bbox 817 1334 1152 1433; x_wconf 88' lang='lat' dir='ltr'><strong>separatio</strong></span> <span class='ocrx_word' id='word_1_68' title='bbox 1202 1333 1511 1406; x_wconf 87' lang='lat' dir='ltr'><strong>omnibus</strong></span> <span class='ocrx_word' id='word_1_69' title='bbox 1564 1349 1738 1406; x_wconf 90' lang='lat' dir='ltr'><strong>retro</strong></span> <span class='ocrx_word' id='word_1_70' title='bbox 1786 1331 2074 1406; x_wconf 88' lang='lat' dir='ltr'><strong>saeculis</strong></span> <span class='ocrx_word' id='word_1_71' title='bbox 2128 1332 2459 1417; x_wconf 87' lang='lat' dir='ltr'><strong>inaudita,</strong></span> <span class='ocrx_word' id='word_1_72' title='bbox 2502 1357 2581 1404; x_wconf 92' lang='lat' dir='ltr'><strong>ac</strong></span> <span class='ocrx_word' id='word_1_73' title='bbox 2615 1333 2814 1405; x_wconf 86' lang='lat' dir='ltr'><strong>athea</strong></span> 
     </span>
     <span class='ocr_line' id='line_1_10' title="bbox 602 1446 2810 1547; baseline -0.001 -28"><span class='ocrx_word' id='word_1_74' title='bbox 602 1449 1044 1547; x_wconf 87' lang='lat' dir='ltr'><strong>emancipatio</strong></span> <span class='ocrx_word' id='word_1_75' title='bbox 1094 1464 1547 1547; x_wconf 88' lang='lat' dir='ltr'><strong>supponatur,</strong></span> <span class='ocrx_word' id='word_1_76' title='bbox 1620 1473 1984 1547; x_wconf 86' lang='lat' dir='ltr'><strong>numquam</strong></span> <span class='ocrx_word' id='word_1_77' title='bbox 2053 1446 2609 1547; x_wconf 85' lang='lat' dir='ltr'><strong>pseudo-politici</strong></span> <span class='ocrx_word' id='word_1_78' title='bbox 2662 1449 2810 1521; x_wconf 90' lang='lat' dir='ltr'><strong>ausi</strong></span> 
     </span>
     <span class='ocr_line' id='line_1_11' title="bbox 606 1560 2807 1660; baseline 0 -29"><span class='ocrx_word' id='word_1_79' title='bbox 606 1562 930 1646; x_wconf 81' lang='lat' dir='ltr'><strong>fuissent,</strong></span> <span class='ocrx_word' id='word_1_80' title='bbox 986 1578 1104 1634; x_wconf 89' lang='lat' dir='ltr'><strong>aut</strong></span> <span class='ocrx_word' id='word_1_81' title='bbox 1150 1561 1475 1634; x_wconf 85' lang='lat' dir='ltr'><strong>auderent</strong></span> <span class='ocrx_word' id='word_1_82' title='bbox 1526 1560 1739 1656; x_wconf 81' lang='lat' dir='ltr'><strong>legem</strong></span> <span class='ocrx_word' id='word_1_83' title='bbox 1807 1585 2219 1659; x_wconf 86' lang='lat' dir='ltr'><strong>proponere,</strong></span> <span class='ocrx_word' id='word_1_84' title='bbox 2276 1587 2412 1660; x_wconf 91' lang='lat' dir='ltr'><strong>qua</strong></span> <span class='ocrx_word' id='word_1_85' title='bbox 2460 1561 2807 1634; x_wconf 87' lang='lat' dir='ltr'><strong>christiani</strong></span> 
     </span>
     <span class='ocr_line' id='line_1_12' title="bbox 603 1674 2812 1774; baseline 0 -29"><span class='ocrx_word' id='word_1_86' title='bbox 603 1674 782 1747; x_wconf 87' lang='lat' dir='ltr'><strong>cives</strong></span> <span class='ocrx_word' id='word_1_87' title='bbox 851 1674 1305 1747; x_wconf 90' lang='lat' dir='ltr'><strong>tantummodo</strong></span> <span class='ocrx_word' id='word_1_88' title='bbox 1357 1674 1452 1745; x_wconf 90' lang='lat' dir='ltr'><strong>uti</strong></span> <span class='ocrx_word' id='word_1_89' title='bbox 1513 1674 1698 1746; x_wconf 82' lang='lat' dir='ltr'><strong>cives</strong></span> <span class='ocrx_word' id='word_1_90' title='bbox 1756 1690 2240 1772; x_wconf 88' lang='lat' dir='ltr'><strong>spectarentur.</strong></span> <span class='ocrx_word' id='word_1_91' title='bbox 2304 1675 2513 1760; x_wconf 89' lang='lat' dir='ltr'><strong>Quasi</strong></span> <span class='ocrx_word' id='word_1_92' title='bbox 2574 1702 2812 1774; x_wconf 92' lang='lat' dir='ltr'><strong>nempe</strong></span> 
     </span>
     <span class='ocr_line' id='line_1_13' title="bbox 603 1787 2811 1888; baseline 0 -27"><span class='ocrx_word' id='word_1_93' title='bbox 603 1788 890 1861; x_wconf 89' lang='lat' dir='ltr'><strong>societas</strong></span> <span class='ocrx_word' id='word_1_94' title='bbox 924 1787 1201 1861; x_wconf 87' lang='lat' dir='ltr'><strong>ultimus</strong></span> <span class='ocrx_word' id='word_1_95' title='bbox 1238 1804 1418 1862; x_wconf 90' lang='lat' dir='ltr'><strong>esset</strong></span> <span class='ocrx_word' id='word_1_96' title='bbox 1450 1788 1796 1861; x_wconf 88' lang='lat' dir='ltr'><strong>hominum</strong></span> <span class='ocrx_word' id='word_1_97' title='bbox 1840 1788 1996 1861; x_wconf 85' lang='lat' dir='ltr'><strong>finis</strong></span> <span class='ocrx_word' id='word_1_98' title='bbox 2019 1846 2035 1875; x_wconf 89' lang='lat'>‚</span> <span class='ocrx_word' id='word_1_99' title='bbox 2077 1788 2163 1861; x_wconf 91' lang='lat' dir='ltr'><strong>ad</strong></span> <span class='ocrx_word' id='word_1_100' title='bbox 2199 1815 2401 1888; x_wconf 91' lang='lat' dir='ltr'><strong>quem</strong></span> <span class='ocrx_word' id='word_1_101' title='bbox 2444 1815 2811 1888; x_wconf 87' lang='lat' dir='ltr'><strong>assequen-</strong></span> 
     </span>
     <span class='ocr_line' id='line_1_14' title="bbox 602 1902 2811 2004; baseline 0.001 -30"><span class='ocrx_word' id='word_1_102' title='bbox 602 1903 762 1975; x_wconf 89' lang='lat' dir='ltr'><strong>dum</strong></span> <span class='ocrx_word' id='word_1_103' title='bbox 798 1918 1023 2003; x_wconf 44' lang='lat' dir='ltr'><strong>wcetera</strong></span> <span class='ocrx_word' id='word_1_104' title='bbox 1071 1905 1297 1976; x_wconf 91' lang='lat' dir='ltr'><strong>omnia</strong></span> <span class='ocrx_word' id='word_1_105' title='bbox 1338 1903 1538 2000; x_wconf 81' lang='lat' dir='ltr'><strong>dirigi</strong></span> <span class='ocrx_word' id='word_1_106' title='bbox 1587 1902 1947 1990; x_wconf 80' lang='lat' dir='ltr'><strong>deberent3</strong></span> <span class='ocrx_word' id='word_1_107' title='bbox 2007 1904 2241 2003; x_wconf 77' lang='lat' dir='ltr'><strong>religio</strong></span> <span class='ocrx_word' id='word_1_108' title='bbox 2280 1931 2437 1980; x_wconf 85' lang='lat' dir='ltr'><strong>vero</strong></span> <span class='ocrx_word' id='word_1_109' title='bbox 2474 1922 2811 2004; x_wconf 88' lang='lat' dir='ltr'><strong>tamquam</strong></span> 
     </span>
     <span class='ocr_line' id='line_1_15' title="bbox 602 2017 2814 2119; baseline 0.001 -29"><span class='ocrx_word' id='word_1_110' title='bbox 602 2030 991 2091; x_wconf 86' lang='lat' dir='ltr'><strong>extraneum</strong></span> <span class='ocrx_word' id='word_1_111' title='bbox 1052 2017 1217 2116; x_wconf 91' lang='lat' dir='ltr'><strong>quid</strong></span> <span class='ocrx_word' id='word_1_112' title='bbox 1275 2036 1492 2105; x_wconf 90' lang='lat' dir='ltr'><strong>esset,</strong></span> <span class='ocrx_word' id='word_1_113' title='bbox 1548 2034 1616 2091; x_wconf 90' lang='lat' dir='ltr'><strong>et</strong></span> <span class='ocrx_word' id='word_1_114' title='bbox 1665 2019 2112 2093; x_wconf 88' lang='lat' dir='ltr'><strong>accessorium</strong></span> <span class='ocrx_word' id='word_1_115' title='bbox 2166 2020 2371 2119; x_wconf 90' lang='lat' dir='ltr'><strong>idque</strong></span> <span class='ocrx_word' id='word_1_116' title='bbox 2422 2019 2814 2093; x_wconf 81' lang='lat' dir='ltr'><strong>indifferens</strong></span> 
     </span>
     <span class='ocr_line' id='line_1_16' title="bbox 601 2132 2813 2234; baseline 0.001 -30"><span class='ocrx_word' id='word_1_117' title='bbox 601 2132 1025 2205; x_wconf 89' lang='lat' dir='ltr'><strong>elementum.</strong></span> <span class='ocrx_word' id='word_1_118' title='bbox 1081 2132 1224 2206; x_wconf 89' lang='lat' dir='ltr'><strong>Hoc</strong></span> <span class='ocrx_word' id='word_1_119' title='bbox 1281 2150 1389 2214; x_wconf 81' lang='lat' dir='ltr'><strong>est,</strong></span> <span class='ocrx_word' id='word_1_120' title='bbox 1434 2134 1874 2233; x_wconf 87' lang='lat' dir='ltr'><strong>principium,</strong></span> <span class='ocrx_word' id='word_1_121' title='bbox 1932 2133 2112 2233; x_wconf 90' lang='lat' dir='ltr'><strong>quod</strong></span> <span class='ocrx_word' id='word_1_122' title='bbox 2166 2136 2234 2205; x_wconf 91' lang='lat' dir='ltr'><strong>in</strong></span> <span class='ocrx_word' id='word_1_123' title='bbox 2286 2135 2813 2234; x_wconf 89' lang='lat' dir='ltr'><strong>praesentiarum</strong></span> 
     </span>
     <span class='ocr_line' id='line_1_17' title="bbox 602 2247 2818 2348; baseline 0.002 -30"><span class='ocrx_word' id='word_1_124' title='bbox 602 2247 798 2345; x_wconf 85' lang='lat' dir='ltr'><strong>longe</strong></span> <span class='ocrx_word' id='word_1_125' title='bbox 863 2247 1128 2346; x_wconf 88' lang='lat' dir='ltr'><strong>lateque</strong></span> <span class='ocrx_word' id='word_1_126' title='bbox 1195 2247 1597 2320; x_wconf 75' lang='lat' dir='ltr'><strong>diffunditur</strong></span> <span class='ocrx_word' id='word_1_127' title='bbox 1628 2306 1645 2335; x_wconf 91' lang='lat'><strong>,</strong></span> <span class='ocrx_word' id='word_1_128' title='bbox 1720 2247 2275 2347; x_wconf 89' lang='lat' dir='ltr'><strong>dominaturque,</strong></span> <span class='ocrx_word' id='word_1_129' title='bbox 2342 2266 2545 2348; x_wconf 88' lang='lat' dir='ltr'><strong>atque</strong></span> <span class='ocrx_word' id='word_1_130' title='bbox 2609 2275 2818 2322; x_wconf 90' lang='lat' dir='ltr'><strong>causa</strong></span> 
     </span>
     <span class='ocr_line' id='line_1_18' title="bbox 603 2362 2817 2463; baseline -0 -27"><span class='ocrx_word' id='word_1_131' title='bbox 603 2364 962 2462; x_wconf 90' lang='lat' dir='ltr'><strong>praecipua</strong></span> <span class='ocrx_word' id='word_1_132' title='bbox 996 2381 1100 2437; x_wconf 90' lang='lat' dir='ltr'><strong>est</strong></span> <span class='ocrx_word' id='word_1_133' title='bbox 1138 2379 1230 2436; x_wconf 91' lang='lat' dir='ltr'><strong>tot</strong></span> <span class='ocrx_word' id='word_1_134' title='bbox 1266 2362 1759 2436; x_wconf 88' lang='lat' dir='ltr'><strong>aberrationum</strong></span> <span class='ocrx_word' id='word_1_135' title='bbox 1811 2364 2253 2461; x_wconf 88' lang='lat' dir='ltr'><strong>practicarum</strong></span> <span class='ocrx_word' id='word_1_136' title='bbox 2278 2420 2293 2449; x_wconf 94' lang='lat'><strong>,</strong></span> <span class='ocrx_word' id='word_1_137' title='bbox 2334 2364 2422 2437; x_wconf 90' lang='lat' dir='ltr'><strong>ob</strong></span> <span class='ocrx_word' id='word_1_138' title='bbox 2459 2390 2630 2463; x_wconf 91' lang='lat' dir='ltr'><strong>quas</strong></span> <span class='ocrx_word' id='word_1_139' title='bbox 2666 2364 2817 2437; x_wconf 88' lang='lat' dir='ltr'><strong>ubi-</strong></span> 
     </span>
     <span class='ocr_line' id='line_1_19' title="bbox 602 2478 2819 2578; baseline 0.001 -25"><span class='ocrx_word' id='word_1_140' title='bbox 602 2505 735 2578; x_wconf 90' lang='lat' dir='ltr'><strong>que</strong></span> <span class='ocrx_word' id='word_1_141' title='bbox 784 2478 922 2552; x_wconf 78' lang='lat' dir='ltr'><strong>sere</strong></span> <span class='ocrx_word' id='word_1_142' title='bbox 972 2478 1267 2552; x_wconf 88' lang='lat' dir='ltr'><strong>locorum</strong></span> <span class='ocrx_word' id='word_1_143' title='bbox 1318 2478 1608 2553; x_wconf 87' lang='lat' dir='ltr'><strong>societas</strong></span> <span class='ocrx_word' id='word_1_144' title='bbox 1663 2478 1938 2577; x_wconf 85' lang='lat' dir='ltr'><strong>politica</strong></span> <span class='ocrx_word' id='word_1_145' title='bbox 1989 2478 2399 2576; x_wconf 87' lang='lat' dir='ltr'><strong>periclitatur</strong></span> <span class='ocrx_word' id='word_1_146' title='bbox 2425 2537 2441 2566; x_wconf 89' lang='lat'>‚</span> <span class='ocrx_word' id='word_1_147' title='bbox 2483 2505 2564 2553; x_wconf 89' lang='lat' dir='ltr'><strong>ac</strong></span> <span class='ocrx_word' id='word_1_148' title='bbox 2597 2480 2819 2555; x_wconf 90' lang='lat' dir='ltr'><strong>disso-</strong></span> 
     </span>
     <span class='ocr_line' id='line_1_20' title="bbox 603 2589 2817 2690; baseline 0.001 -27"><span class='ocrx_word' id='word_1_149' title='bbox 603 2592 837 2666; x_wconf 90' lang='lat' dir='ltr'><strong>lutioni</strong></span> <span class='ocrx_word' id='word_1_150' title='bbox 894 2592 1193 2690; x_wconf 80' lang='lat' dir='ltr'><strong>proxima</strong></span> <span class='ocrx_word' id='word_1_151' title='bbox 1244 2607 1369 2664; x_wconf 91' lang='lat' dir='ltr'><strong>est.</strong></span> <span class='ocrx_word' id='word_1_152' title='bbox 1412 2593 1593 2664; x_wconf 90' lang='lat' dir='ltr'><strong>Haec</strong></span> <span class='ocrx_word' id='word_1_153' title='bbox 1644 2590 1912 2663; x_wconf 88' lang='lat' dir='ltr'><strong>demum</strong></span> <span class='ocrx_word' id='word_1_154' title='bbox 1951 2589 2067 2663; x_wconf 93' lang='lat' dir='ltr'><strong>illa</strong></span> <span class='ocrx_word' id='word_1_155' title='bbox 2100 2590 2373 2664; x_wconf 88' lang='lat' dir='ltr'><strong>libertas</strong></span> <span class='ocrx_word' id='word_1_156' title='bbox 2423 2608 2567 2676; x_wconf 89' lang='lat' dir='ltr'><strong>est,</strong></span> <span class='ocrx_word' id='word_1_157' title='bbox 2611 2619 2817 2688; x_wconf 88' lang='lat' dir='ltr'><strong>quam</strong></span> 
     </span>
     <span class='ocr_line' id='line_1_21' title="bbox 602 2705 2819 2805; baseline 0 -25"><span class='ocrx_word' id='word_1_158' title='bbox 602 2707 806 2780; x_wconf 88' lang='lat' dir='ltr'><strong>veluti</strong></span> <span class='ocrx_word' id='word_1_159' title='bbox 825 2732 1209 2805; x_wconf 89' lang='lat' dir='ltr'><strong>supremam</strong></span> <span class='ocrx_word' id='word_1_160' title='bbox 1233 2722 1535 2779; x_wconf 83' lang='lat' dir='ltr'><strong>votorum</strong></span> <span class='ocrx_word' id='word_1_161' title='bbox 1556 2722 1798 2785; x_wconf 86' lang='lat' dir='ltr'><strong>metam</strong></span> <span class='ocrx_word' id='word_1_162' title='bbox 1827 2705 2151 2779; x_wconf 90' lang='lat' dir='ltr'><strong>increduli</strong></span> <span class='ocrx_word' id='word_1_163' title='bbox 2178 2731 2407 2778; x_wconf 87' lang='lat' dir='ltr'><strong>omnes</strong></span> <span class='ocrx_word' id='word_1_164' title='bbox 2429 2731 2508 2777; x_wconf 93' lang='lat' dir='ltr'><strong>ac</strong></span> <span class='ocrx_word' id='word_1_165' title='bbox 2534 2706 2819 2804; x_wconf 89' lang='lat' dir='ltr'><strong>pseudo—</strong></span> 
     </span>
     <span class='ocr_line' id='line_1_22' title="bbox 604 2817 2819 2918; baseline 0.002 -29"><span class='ocrx_word' id='word_1_166' title='bbox 604 2818 852 2918; x_wconf 88' lang='lat' dir='ltr'><strong>politici</strong></span> <span class='ocrx_word' id='word_1_167' title='bbox 905 2818 1201 2891; x_wconf 88' lang='lat' dir='ltr'><strong>universi</strong></span> <span class='ocrx_word' id='word_1_168' title='bbox 1248 2817 1376 2890; x_wconf 90' lang='lat' dir='ltr'><strong>sibi</strong></span> <span class='ocrx_word' id='word_1_169' title='bbox 1420 2845 1460 2890; x_wconf 93' lang='lat' dir='ltr'><strong>a</strong></span> <span class='ocrx_word' id='word_1_170' title='bbox 1502 2817 1818 2890; x_wconf 91' lang='lat' dir='ltr'><strong>diuturno</strong></span> <span class='ocrx_word' id='word_1_171' title='bbox 1867 2834 2162 2916; x_wconf 91' lang='lat' dir='ltr'><strong>tempore</strong></span> <span class='ocrx_word' id='word_1_172' title='bbox 2212 2835 2701 2918; x_wconf 88' lang='lat' dir='ltr'><strong>proposuerunt</strong></span> <span class='ocrx_word' id='word_1_173' title='bbox 2737 2846 2819 2893; x_wconf 89' lang='lat' dir='ltr'><strong>ac</strong></span> 
     </span>
     <span class='ocr_line' id='line_1_23' title="bbox 602 2931 2813 3034; baseline 0.001 -28"><span class='ocrx_word' id='word_1_174' title='bbox 602 2933 964 3006; x_wconf 89' lang='lat' dir='ltr'><strong>machinati</strong></span> <span class='ocrx_word' id='word_1_175' title='bbox 1018 2949 1210 3020; x_wconf 90' lang='lat' dir='ltr'><strong>sunt,</strong></span> <span class='ocrx_word' id='word_1_176' title='bbox 1266 2959 1606 3032; x_wconf 90' lang='lat' dir='ltr'><strong>quamque</strong></span> <span class='ocrx_word' id='word_1_177' title='bbox 1642 2931 1802 3005; x_wconf 90' lang='lat' dir='ltr'><strong>olim</strong></span> <span class='ocrx_word' id='word_1_178' title='bbox 1853 2932 2324 3007; x_wconf 90' lang='lat' dir='ltr'><strong>ominabantur</strong></span> <span class='ocrx_word' id='word_1_179' title='bbox 2374 2950 2575 3034; x_wconf 90' lang='lat' dir='ltr'><strong>atque</strong></span> <span class='ocrx_word' id='word_1_180' title='bbox 2627 2936 2813 3009; x_wconf 91' lang='lat' dir='ltr'><strong>salu-</strong></span> 
     </span>
     <span class='ocr_line' id='line_1_24' title="bbox 604 3048 2811 3150; baseline 0.001 -28"><span class='ocrx_word' id='word_1_181' title='bbox 604 3048 835 3122; x_wconf 86' lang='lat' dir='ltr'><strong>tabant</strong></span> <span class='ocrx_word' id='word_1_182' title='bbox 880 3075 918 3124; x_wconf 87' lang='lat' dir='ltr'><strong>a</strong></span> <span class='ocrx_word' id='word_1_183' title='bbox 968 3048 1201 3145; x_wconf 81' lang='lat' dir='ltr'><strong>longe,</strong></span> <span class='ocrx_word' id='word_1_184' title='bbox 1258 3074 1435 3121; x_wconf 89' lang='lat' dir='ltr'><strong>nunc</strong></span> <span class='ocrx_word' id='word_1_185' title='bbox 1474 3063 1641 3121; x_wconf 65' lang='lat' dir='ltr'><strong>‘vero</strong></span> <span class='ocrx_word' id='word_1_186' title='bbox 1690 3048 1802 3120; x_wconf 82' lang='lat' dir='ltr'><strong>vix</strong></span> <span class='ocrx_word' id='word_1_187' title='bbox 1851 3073 1982 3121; x_wconf 89' lang='lat' dir='ltr'><strong>non</strong></span> <span class='ocrx_word' id='word_1_188' title='bbox 2050 3049 2273 3147; x_wconf 90' lang='lat' dir='ltr'><strong>adepti</strong></span> <span class='ocrx_word' id='word_1_189' title='bbox 2342 3066 2535 3137; x_wconf 91' lang='lat' dir='ltr'><strong>sunt,</strong></span> <span class='ocrx_word' id='word_1_190' title='bbox 2609 3068 2811 3150; x_wconf 87' lang='lat' dir='ltr'><strong>atque</strong></span> 
     </span>
     <span class='ocr_line' id='line_1_25' title="bbox 605 3159 2882 3263; baseline 0 -27"><span class='ocrx_word' id='word_1_191' title='bbox 605 3165 801 3263; x_wconf 90' lang='lat' dir='ltr'><strong>plene</strong></span> <span class='ocrx_word' id='word_1_192' title='bbox 857 3162 1145 3262; x_wconf 89' lang='lat' dir='ltr'><strong>adipisci</strong></span> <span class='ocrx_word' id='word_1_193' title='bbox 1197 3161 1324 3236; x_wconf 89' lang='lat' dir='ltr'><strong>sibi</strong></span> <span class='ocrx_word' id='word_1_194' title='bbox 1370 3161 1550 3235; x_wconf 87' lang='lat' dir='ltr'><strong>brevi</strong></span> <span class='ocrx_word' id='word_1_195' title='bbox 1598 3160 1996 3259; x_wconf 89' lang='lat' dir='ltr'><strong>pollicentur</strong></span> <span class='ocrx_word' id='word_1_196' title='bbox 2053 3163 2252 3236; x_wconf 91' lang='lat' dir='ltr'><strong>etiam</strong></span> <span class='ocrx_word' id='word_1_197' title='bbox 2305 3163 2373 3233; x_wconf 90' lang='lat' dir='ltr'><strong>in</strong></span> <span class='ocrx_word' id='word_1_198' title='bbox 2428 3162 2812 3259; x_wconf 82' lang='lat' dir='ltr'><strong>regionibus</strong></span> <span class='ocrx_word' id='word_1_199' title='bbox 2877 3159 2882 3164; x_wconf 71' lang='grc'><strong>’</strong></span> 
     </span>
     <span class='ocr_line' id='line_1_26' title="bbox 605 3278 1121 3373; baseline -0.008 -21"><span class='ocrx_word' id='word_1_200' title='bbox 605 3278 959 3353; x_wconf 89' lang='lat' dir='ltr'><strong>catholicis</strong></span> <span class='ocrx_word' id='word_1_201' title='bbox 993 3282 1121 3373; x_wconf 74' lang='grc' dir='ltr'>(ὅ).</span> 
     </span>
    </p>
   </div>
   <div class='ocr_carea' id='block_1_3' title="bbox 601 3558 2824 4423">
    <p class='ocr_par' dir='ltr' id='par_1_4' title="bbox 601 3558 2824 4423">
     <span class='ocr_line' id='line_1_27' title="bbox 747 3558 2819 3624; baseline -0 -14"><span class='ocrx_word' id='word_1_202' title='bbox 747 3559 816 3622; x_wconf 81' lang='grc'><strong>(5)</strong></span> <span class='ocrx_word' id='word_1_203' title='bbox 846 3558 1131 3610; x_wconf 82' lang='lat' dir='ltr'><strong>Doctrinam</strong></span> <span class='ocrx_word' id='word_1_204' title='bbox 1171 3560 1297 3611; x_wconf 80' lang='lat' dir='ltr'><strong>hanc</strong></span> <span class='ocrx_word' id='word_1_205' title='bbox 1335 3561 1398 3612; x_wconf 88' lang='lat' dir='ltr'><strong>de</strong></span> <span class='ocrx_word' id='word_1_206' title='bbox 1429 3561 1696 3612; x_wconf 80' lang='lat' dir='ltr'><strong>secretione</strong></span> <span class='ocrx_word' id='word_1_207' title='bbox 1735 3563 1891 3613; x_wconf 80' lang='lat' dir='ltr'><strong>status</strong></span> <span class='ocrx_word' id='word_1_208' title='bbox 1926 3560 1988 3611; x_wconf 83' lang='lat' dir='ltr'><strong>ab</strong></span> <span class='ocrx_word' id='word_1_209' title='bbox 2024 3560 2229 3612; x_wconf 83' lang='lat' dir='ltr'><strong>ecclesia</strong></span> <span class='ocrx_word' id='word_1_210' title='bbox 2261 3558 2470 3610; x_wconf 83' lang='lat' dir='ltr'><strong>mutuati</strong></span> <span class='ocrx_word' id='word_1_211' title='bbox 2499 3561 2679 3624; x_wconf 82' lang='lat' dir='ltr'><strong>pariter</strong></span> <span class='ocrx_word' id='word_1_212' title='bbox 2705 3562 2819 3610; x_wconf 86' lang='lat' dir='ltr'><strong>sunt</strong></span> 
     </span>
     <span class='ocr_line' id='line_1_28' title="bbox 603 3638 2822 3703; baseline -0.001 -15"><span class='ocrx_word' id='word_1_213' title='bbox 603 3638 991 3702; x_wconf 72' lang='lat' dir='ltr'><strong>pseudo-politici</strong></span> <span class='ocrx_word' id='word_1_214' title='bbox 1014 3638 1076 3688; x_wconf 81' lang='lat' dir='ltr'><strong>ab</strong></span> <span class='ocrx_word' id='word_1_215' title='bbox 1094 3638 1287 3703; x_wconf 85' lang='lat' dir='ltr'><strong>impuro</strong></span> <span class='ocrx_word' id='word_1_216' title='bbox 1305 3639 1684 3703; x_wconf 77' lang='lat' dir='ltr'><strong>protestantismi</strong></span> <span class='ocrx_word' id='word_1_217' title='bbox 1705 3640 1839 3691; x_wconf 70' lang='lat' dir='ltr'><strong>fonte</strong></span> <span class='ocrx_word' id='word_1_218' title='bbox 1860 3654 1957 3690; x_wconf 82' lang='lat' dir='ltr'><strong>una</strong></span> <span class='ocrx_word' id='word_1_219' title='bbox 1976 3653 2089 3689; x_wconf 87' lang='lat' dir='ltr'><strong>cum</strong></span> <span class='ocrx_word' id='word_1_220' title='bbox 2111 3640 2452 3702; x_wconf 84' lang='lat' dir='ltr'><strong>consectariis,</strong></span> <span class='ocrx_word' id='word_1_221' title='bbox 2478 3653 2607 3702; x_wconf 80' lang='lat' dir='ltr'><strong>quae</strong></span> <span class='ocrx_word' id='word_1_222' title='bbox 2640 3638 2822 3689; x_wconf 81' lang='lat' dir='ltr'><strong>exinde</strong></span> 
     </span>
     <span class='ocr_line' id='line_1_29' title="bbox 605 3719 2821 3784; baseline -0 -16"><span class='ocrx_word' id='word_1_223' title='bbox 605 3720 872 3781; x_wconf 82' lang='lat' dir='ltr'><strong>profluunt.</strong></span> <span class='ocrx_word' id='word_1_224' title='bbox 898 3723 952 3769; x_wconf 91' lang='lat' dir='ltr'><strong>ln</strong></span> <span class='ocrx_word' id='word_1_225' title='bbox 976 3733 1126 3782; x_wconf 86' lang='lat' dir='ltr'><strong>quam</strong></span> <span class='ocrx_word' id='word_1_226' title='bbox 1149 3733 1251 3769; x_wconf 87' lang='lat' dir='ltr'><strong>rem</strong></span> <span class='ocrx_word' id='word_1_227' title='bbox 1275 3719 1520 3782; x_wconf 69' lang='lat' dir='ltr'><strong>praeclare</strong></span> <span class='ocrx_word' id='word_1_228' title='bbox 1551 3720 1749 3784; x_wconf 78' lang='lat' dir='ltr'><strong>scripsit</strong></span> <span class='ocrx_word' id='word_1_229' title='bbox 1769 3720 2023 3783; x_wconf 83' lang='lat' dir='ltr'><strong>Philippus</strong></span> <span class='ocrx_word' id='word_1_230' title='bbox 2043 3719 2245 3769; x_wconf 73' lang='lat' dir='ltr'><strong>Catillo.</strong></span> <span class='ocrx_word' id='word_1_231' title='bbox 2271 3739 2296 3763; x_wconf 72' lang='grc' dir='ltr'><strong>«ι</strong></span> <span class='ocrx_word' id='word_1_232' title='bbox 2314 3720 2402 3770; x_wconf 82' lang='lat' dir='ltr'><strong>Nel</strong></span> <span class='ocrx_word' id='word_1_233' title='bbox 2430 3719 2821 3782; x_wconf 78' lang='lat' dir='ltr'><strong>protestantismo</strong></span> 
     </span>
     <span class='ocr_line' id='line_1_30' title="bbox 603 3797 2820 3862; baseline -0.001 -16"><span class='ocrx_word' id='word_1_234' title='bbox 603 3799 644 3846; x_wconf 69' lang='grc' dir='ltr'><strong>ε’</strong></span> <span class='ocrx_word' id='word_1_235' title='bbox 659 3799 858 3862; x_wconf 76' lang='lat' dir='ltr'><strong>insegno</strong></span> <span class='ocrx_word' id='word_1_236' title='bbox 878 3801 927 3850; x_wconf 83' lang='lat' dir='ltr'><strong>la</strong></span> <span class='ocrx_word' id='word_1_237' title='bbox 950 3799 1097 3849; x_wconf 74' lang='lat' dir='ltr'><strong>fatale</strong></span> <span class='ocrx_word' id='word_1_238' title='bbox 1132 3799 1348 3849; x_wconf 81' lang='lat' dir='ltr'><strong>dottrins</strong></span> <span class='ocrx_word' id='word_1_239' title='bbox 1365 3799 1419 3848; x_wconf 80' lang='lat' dir='ltr'><strong>dt</strong></span> <span class='ocrx_word' id='word_1_240' title='bbox 1443 3798 1637 3848; x_wconf 84' lang='lat' dir='ltr'><strong>doversi</strong></span> <span class='ocrx_word' id='word_1_241' title='bbox 1660 3800 1708 3849; x_wconf 80' lang='lat' dir='ltr'><strong>la</strong></span> <span class='ocrx_word' id='word_1_242' title='bbox 1726 3799 1890 3849; x_wconf 81' lang='lat' dir='ltr'><strong>chiesa</strong></span> <span class='ocrx_word' id='word_1_243' title='bbox 1909 3811 2106 3862; x_wconf 72' lang='lat' dir='ltr'><strong>separer</strong></span> <span class='ocrx_word' id='word_1_244' title='bbox 2132 3797 2466 3862; x_wconf 83' lang='lat' dir='ltr'><strong>dall’impero‚</strong></span> <span class='ocrx_word' id='word_1_245' title='bbox 2489 3812 2519 3849; x_wconf 88' lang='lat' dir='ltr'><strong>e</strong></span> <span class='ocrx_word' id='word_1_246' title='bbox 2536 3812 2623 3861; x_wconf 84' lang='lat' dir='ltr'><strong>per</strong></span> <span class='ocrx_word' id='word_1_247' title='bbox 2647 3799 2820 3859; x_wconf 78' lang='lat' dir='ltr'><strong>questo</strong></span> 
     </span>
     <span class='ocr_line' id='line_1_31' title="bbox 606 3877 2823 3942; baseline -0.001 -14"><span class='ocrx_word' id='word_1_248' title='bbox 606 3879 922 3942; x_wconf 79' lang='lat' dir='ltr'><strong>lagrimevoie</strong></span> <span class='ocrx_word' id='word_1_249' title='bbox 940 3894 969 3930; x_wconf 89' lang='lat' dir='ltr'><strong>e</strong></span> <span class='ocrx_word' id='word_1_250' title='bbox 988 3880 1139 3930; x_wconf 85' lang='lat' dir='ltr'><strong>stolto</strong></span> <span class='ocrx_word' id='word_1_251' title='bbox 1171 3879 1391 3929; x_wconf 71' lang='lat' dir='ltr'><strong>divortio</strong></span> <span class='ocrx_word' id='word_1_252' title='bbox 1421 3879 1534 3930; x_wconf 82' lang='lat' dir='ltr'><strong>dell&#39;</strong></span> <span class='ocrx_word' id='word_1_253' title='bbox 1545 3882 1650 3930; x_wconf 83' lang='lat' dir='ltr'><strong>atto</strong></span> <span class='ocrx_word' id='word_1_254' title='bbox 1670 3879 1816 3929; x_wconf 84' lang='lat' dir='ltr'><strong>civile</strong></span> <span class='ocrx_word' id='word_1_255' title='bbox 1836 3880 1950 3929; x_wconf 80' lang='lat' dir='ltr'><strong>dall·</strong></span> <span class='ocrx_word' id='word_1_256' title='bbox 1961 3881 2067 3930; x_wconf 79' lang='lat' dir='ltr'><strong>atto</strong></span> <span class='ocrx_word' id='word_1_257' title='bbox 2087 3879 2339 3942; x_wconf 53' lang='lat' dir='ltr'><strong>reliam,</strong></span> <span class='ocrx_word' id='word_1_258' title='bbox 2362 3879 2490 3930; x_wconf 83' lang='lat' dir='ltr'><strong>delia</strong></span> <span class='ocrx_word' id='word_1_259' title='bbox 2508 3879 2673 3929; x_wconf 82' lang='lat' dir='ltr'><strong>chiesa</strong></span> <span class='ocrx_word' id='word_1_260' title='bbox 2689 3877 2823 3927; x_wconf 67' lang='lat' dir='ltr'><strong>dailo</strong></span> 
     </span>
     <span class='ocr_line' id='line_1_32' title="bbox 601 3958 2824 4023; baseline -0.001 -15"><span class='ocrx_word' id='word_1_261' title='bbox 601 3960 757 4020; x_wconf 81' lang='lat' dir='ltr'><strong>stato,</strong></span> <span class='ocrx_word' id='word_1_262' title='bbox 791 3958 903 4009; x_wconf 80' lang='lat' dir='ltr'><strong>deu·</strong></span> <span class='ocrx_word' id='word_1_263' title='bbox 920 3959 1106 4023; x_wconf 85' lang='lat' dir='ltr'><strong>impero</strong></span> <span class='ocrx_word' id='word_1_264' title='bbox 1134 3959 1265 4009; x_wconf 80' lang='lat' dir='ltr'><strong>dalla</strong></span> <span class='ocrx_word' id='word_1_265' title='bbox 1288 3960 1549 4022; x_wconf 80' lang='lat' dir='ltr'><strong>reiigione,</strong></span> <span class='ocrx_word' id='word_1_266' title='bbox 1573 3959 1616 4009; x_wconf 83' lang='lat' dir='ltr'><strong>si</strong></span> <span class='ocrx_word' id='word_1_267' title='bbox 1642 3961 1895 4022; x_wconf 80' lang='lat' dir='ltr'><strong>gettarono</strong></span> <span class='ocrx_word' id='word_1_268' title='bbox 1920 3959 1965 4008; x_wconf 84' lang='lat' dir='ltr'><strong>lc</strong></span> <span class='ocrx_word' id='word_1_269' title='bbox 1994 3958 2305 4009; x_wconf 69' lang='lat' dir='ltr'><strong>fundamenta</strong></span> <span class='ocrx_word' id='word_1_270' title='bbox 2326 3958 2378 4008; x_wconf 86' lang='lat' dir='ltr'><strong>di</strong></span> <span class='ocrx_word' id='word_1_271' title='bbox 2402 3972 2499 4009; x_wconf 81' lang='lat' dir='ltr'><strong>uns</strong></span> <span class='ocrx_word' id='word_1_272' title='bbox 2525 3958 2824 4008; x_wconf 79' lang='lat' dir='ltr'><strong>sistematica</strong></span> 
     </span>
     <span class='ocr_line' id='line_1_33' title="bbox 601 4036 2822 4101; baseline -0.001 -14"><span class='ocrx_word' id='word_1_273' title='bbox 601 4037 858 4088; x_wconf 83' lang='lat' dir='ltr'><strong>ribeiiione</strong></span> <span class='ocrx_word' id='word_1_274' title='bbox 883 4038 1016 4088; x_wconf 78' lang='lat' dir='ltr'><strong>dalla</strong></span> <span class='ocrx_word' id='word_1_275' title='bbox 1051 4038 1214 4089; x_wconf 83' lang='lat' dir='ltr'><strong>chiesa</strong></span> <span class='ocrx_word' id='word_1_276' title='bbox 1233 4051 1260 4088; x_wconf 89' lang='lat' dir='ltr'><strong>e</strong></span> <span class='ocrx_word' id='word_1_277' title='bbox 1282 4038 1347 4087; x_wconf 87' lang='lat' dir='ltr'><strong>da</strong></span> <span class='ocrx_word' id='word_1_278' title='bbox 1374 4039 1485 4088; x_wconf 84' lang='lat' dir='ltr'><strong>Dio.</strong></span> <span class='ocrx_word' id='word_1_279' title='bbox 1504 4064 1520 4075; x_wconf 94' lang='lat'><strong>·</strong></span> <span class='ocrx_word' id='word_1_280' title='bbox 1539 4037 1742 4088; x_wconf 84' lang='lat' dir='ltr'><strong>Guidati</strong></span> <span class='ocrx_word' id='word_1_281' title='bbox 1774 4037 1840 4087; x_wconf 83' lang='lat' dir='ltr'><strong>da</strong></span> <span class='ocrx_word' id='word_1_282' title='bbox 1871 4040 2044 4100; x_wconf 82' lang='lat' dir='ltr'><strong>questo</strong></span> <span class='ocrx_word' id='word_1_283' title='bbox 2081 4038 2454 4088; x_wconf 81' lang='lat' dir='ltr'><strong>abhominevole</strong></span> <span class='ocrx_word' id='word_1_284' title='bbox 2485 4036 2760 4101; x_wconf 86' lang='lat' dir='ltr'><strong>principio,</strong></span> <span class='ocrx_word' id='word_1_285' title='bbox 2794 4049 2822 4085; x_wconf 86' lang='lat' dir='ltr'><strong>c</strong></span> 
     </span>
     <span class='ocr_line' id='line_1_34' title="bbox 608 4116 2821 4182; baseline 0 -16"><span class='ocrx_word' id='word_1_286' title='bbox 608 4117 643 4166; x_wconf 84' lang='lat'><strong>1·</strong></span> <span class='ocrx_word' id='word_1_287' title='bbox 658 4117 934 4167; x_wconf 79' lang='lat' dir='ltr'><strong>universale</strong></span> <span class='ocrx_word' id='word_1_288' title='bbox 954 4117 1172 4180; x_wconf 67' lang='lat' dir='ltr'><strong>remigiis</strong></span> <span class='ocrx_word' id='word_1_289' title='bbox 1194 4117 1567 4181; x_wconf 83' lang='lat' dir='ltr'><strong>pretendendosi</strong></span> <span class='ocrx_word' id='word_1_290' title='bbox 1588 4118 1750 4168; x_wconf 83' lang='lat' dir='ltr'><strong>divisa</strong></span> <span class='ocrx_word' id='word_1_291' title='bbox 1770 4116 1853 4169; x_wconf 80' lang='lat' dir='ltr'><strong>dal</strong></span> <span class='ocrx_word' id='word_1_292' title='bbox 1873 4131 1965 4168; x_wconf 84' lang='lat' dir='ltr'><strong>suo</strong></span> <span class='ocrx_word' id='word_1_293' title='bbox 1981 4131 2211 4182; x_wconf 84' lang='lat' dir='ltr'><strong>supremo</strong></span> <span class='ocrx_word' id='word_1_294' title='bbox 2233 4120 2428 4169; x_wconf 81' lang='lat' dir='ltr'><strong>Fattore</strong></span> <span class='ocrx_word' id='word_1_295' title='bbox 2442 4154 2458 4180; x_wconf 92' lang='lat'><strong>,</strong></span> <span class='ocrx_word' id='word_1_296' title='bbox 2482 4118 2526 4167; x_wconf 87' lang='lat' dir='ltr'><strong>si</strong></span> <span class='ocrx_word' id='word_1_297' title='bbox 2545 4117 2659 4179; x_wconf 66' lang='lat' dir='ltr'><strong>pote</strong></span> <span class='ocrx_word' id='word_1_298' title='bbox 2688 4116 2821 4166; x_wconf 72' lang='lat' dir='ltr'><strong>facil·</strong></span> 
     </span>
     <span class='ocr_line' id='line_1_35' title="bbox 601 4195 2819 4261; baseline -0.001 -13"><span class='ocrx_word' id='word_1_299' title='bbox 601 4198 763 4248; x_wconf 85' lang='lat' dir='ltr'><strong>mente</strong></span> <span class='ocrx_word' id='word_1_300' title='bbox 784 4209 878 4259; x_wconf 84' lang='lat' dir='ltr'><strong>pur</strong></span> <span class='ocrx_word' id='word_1_301' title='bbox 900 4198 1135 4247; x_wconf 81' lang='lat' dir='ltr'><strong>sottrarre</strong></span> <span class='ocrx_word' id='word_1_302' title='bbox 1152 4198 1287 4248; x_wconf 80' lang='lat' dir='ltr'><strong>dalis</strong></span> <span class='ocrx_word' id='word_1_303' title='bbox 1298 4211 1388 4248; x_wconf 86' lang='lat' dir='ltr'><strong>sua</strong></span> <span class='ocrx_word' id='word_1_304' title='bbox 1407 4197 1708 4261; x_wconf 80' lang='lat' dir='ltr'><strong>dipendenza</strong></span> <span class='ocrx_word' id='word_1_305' title='bbox 1727 4197 1762 4248; x_wconf 86' lang='lat' dir='ltr'><strong>il</strong></span> <span class='ocrx_word' id='word_1_306' title='bbox 1780 4198 2070 4261; x_wconf 75' lang='lat' dir='ltr'><strong>particulare</strong></span> <span class='ocrx_word' id='word_1_307' title='bbox 2090 4199 2368 4250; x_wconf 87' lang='lat' dir='ltr'><strong>connubbio</strong></span> <span class='ocrx_word' id='word_1_308' title='bbox 2390 4197 2518 4247; x_wconf 81' lang='lat' dir='ltr'><strong>della</strong></span> <span class='ocrx_word' id='word_1_309' title='bbox 2538 4195 2703 4246; x_wconf 81' lang='lat' dir='ltr'><strong>donna</strong></span> <span class='ocrx_word' id='word_1_310' title='bbox 2721 4197 2819 4246; x_wconf 87' lang='lat' dir='ltr'><strong>col-</strong></span> 
     </span>
     <span class='ocr_line' id='line_1_36' title="bbox 601 4275 2823 4343; baseline -0.001 -17"><span class='ocrx_word' id='word_1_311' title='bbox 601 4278 632 4326; x_wconf 80' lang='lat'><strong>1²</strong></span> <span class='ocrx_word' id='word_1_312' title='bbox 647 4282 811 4327; x_wconf 76' lang='lat' dir='ltr'><strong>uomo:</strong></span> <span class='ocrx_word' id='word_1_313' title='bbox 828 4279 910 4326; x_wconf 89' lang='lat' dir='ltr'><strong>·ln</strong></span> <span class='ocrx_word' id='word_1_314' title='bbox 932 4278 1044 4328; x_wconf 83' lang='lat' dir='ltr'><strong>altri</strong></span> <span class='ocrx_word' id='word_1_315' title='bbox 1067 4278 1293 4341; x_wconf 85' lang='lat' dir='ltr'><strong>termini,</strong></span> <span class='ocrx_word' id='word_1_316' title='bbox 1332 4279 1379 4328; x_wconf 86' lang='lat' dir='ltr'><strong>la</strong></span> <span class='ocrx_word' id='word_1_317' title='bbox 1414 4278 1590 4329; x_wconf 75' lang='lat' dir='ltr'><strong>infesta</strong></span> <span class='ocrx_word' id='word_1_318' title='bbox 1619 4278 1814 4329; x_wconf 79' lang='lat' dir='ltr'><strong>novella</strong></span> <span class='ocrx_word' id='word_1_319' title='bbox 1844 4279 2028 4330; x_wconf 83' lang='lat' dir='ltr'><strong>teorica</strong></span> <span class='ocrx_word' id='word_1_320' title='bbox 2055 4279 2458 4343; x_wconf 82' lang='lat' dir='ltr'><strong>principslmente</strong></span> <span class='ocrx_word' id='word_1_321' title='bbox 2476 4275 2692 4326; x_wconf 81' lang='lat' dir='ltr'><strong>radicata</strong></span> <span class='ocrx_word' id='word_1_322' title='bbox 2721 4277 2823 4325; x_wconf 83' lang='lat' dir='ltr'><strong>nel·</strong></span> 
     </span>
     <span class='ocr_line' id='line_1_37' title="bbox 603 4355 2824 4423; baseline -0.001 -17"><span class='ocrx_word' id='word_1_323' title='bbox 603 4357 635 4406; x_wconf 86' lang='lat'><strong>1’</strong></span> <span class='ocrx_word' id='word_1_324' title='bbox 646 4356 761 4408; x_wconf 86' lang='lat' dir='ltr'><strong>odio</strong></span> <span class='ocrx_word' id='word_1_325' title='bbox 783 4356 857 4409; x_wconf 86' lang='lat' dir='ltr'><strong>de&#39;</strong></span> <span class='ocrx_word' id='word_1_326' title='bbox 873 4357 1164 4421; x_wconf 79' lang='lat' dir='ltr'><strong>protestanti</strong></span> <span class='ocrx_word' id='word_1_327' title='bbox 1190 4359 1363 4408; x_wconf 83' lang='lat' dir='ltr'><strong>contro</strong></span> <span class='ocrx_word' id='word_1_328' title='bbox 1400 4358 1449 4408; x_wconf 82' lang='lat' dir='ltr'><strong>la</strong></span> <span class='ocrx_word' id='word_1_329' title='bbox 1483 4359 1648 4409; x_wconf 82' lang='lat' dir='ltr'><strong>chiesa</strong></span> <span class='ocrx_word' id='word_1_330' title='bbox 1670 4358 1901 4409; x_wconf 78' lang='lat' dir='ltr'><strong>cattoiics</strong></span> <span class='ocrx_word' id='word_1_331' title='bbox 1916 4396 1931 4423; x_wconf 88' lang='lat'>‚</span> <span class='ocrx_word' id='word_1_332' title='bbox 1959 4359 2105 4410; x_wconf 74' lang='lat' dir='ltr'><strong>riusci</strong></span> <span class='ocrx_word' id='word_1_333' title='bbox 2122 4360 2186 4409; x_wconf 83' lang='lat' dir='ltr'><strong>sd</strong></span> <span class='ocrx_word' id='word_1_334' title='bbox 2205 4357 2506 4409; x_wconf 79' lang='lat' dir='ltr'><strong>umsnimre</strong></span> <span class='ocrx_word' id='word_1_335' title='bbox 2527 4369 2555 4406; x_wconf 86' lang='lat' dir='ltr'><strong>e</strong></span> <span class='ocrx_word' id='word_1_336' title='bbox 2575 4355 2824 4405; x_wconf 71' lang='lat' dir='ltr'><strong>continere</strong></span> 
     </span>
    </p>
   </div>
  </div>
 </body>
</html>
