3276 5083
786 457 924 505 ω.
959 457 1005 504 ι.
1042 456 1120 505 ns
1157 457 1418 507 ιΑι-ιιιι.
1461 455 1687 505 civius
1739 454 2006 506 unum.
2049 455 2188 504 aar.
2231 456 2294 502 v.
2525 432 2661 500 245

593 576 677 647 Et
724 574 894 647 haec
942 573 1214 672 quidem
1267 574 1336 645 in
1381 599 1461 646 ea
1506 572 1908 673 hypothesi,
1966 572 2147 672 quod
2193 571 2310 671 qui
2364 573 2464 645 sic
2505 596 2667 644 con-

449 688 631 784 iugio
679 687 862 760 civili
916 687 1284 784 funguntur
1333 687 1402 758 in
1451 711 1667 786 eoque
1717 686 1862 761 solo
1910 687 2285 760 consistunt
2325 711 2405 758 ac
2448 711 2668 784 perse-

446 819 703 889 verant,
745 828 973 875 secum
1007 826 1276 900 semper
1310 799 1558 874 liberos
1595 803 1961 886 retineant,
2002 818 2076 873 ut
2111 799 2665 900 qualemcumque

448 916 534 988 de
576 916 661 988 iis
707 941 934 989 curam
976 930 1232 1011 gerant.
1267 915 1388 987 Ast
1419 931 1886 1014 praeterquam
1906 972 1922 1001 ,
1955 914 2136 1013 quod
2164 914 2410 987 nedum
2435 913 2665 1015 aliquo

444 1055 604 1126 ergo
656 1029 832 1101 filios
885 1028 1148 1102 sincero
1192 1043 1468 1127 paterno
1517 1028 1759 1101 affectu
1811 1029 2111 1107 seruntur
2133 1084 2149 1113 ,
2183 1054 2314 1100 non
2343 1027 2551 1101 semel
2585 1053 2665 1101 eo

444 1144 850 1228 deveniunt,
906 1158 981 1214 ut
1033 1168 1151 1215 eos
1200 1144 1474 1216 omnino
1526 1142 1862 1215 deserant.
1920 1144 2159 1216 No‘tum
2210 1142 2389 1215 enim
2440 1157 2544 1215 est
2595 1142 2661 1212 in

446 1257 713 1353 magnis
767 1257 1156 1356 praesertim
1208 1255 1491 1329 urbibus
1542 1255 1930 1330 huiusmodi
1966 1271 2278 1357 parentes
2303 1256 2414 1331 vix
2441 1273 2663 1339 natam

447 1370 747 1444 sobolem
790 1370 876 1443 ad
917 1368 1187 1469 publica
1238 1369 1801 1470 brephotrophia,
1849 1394 2025 1470 quae
2056 1387 2337 1457 vocant,
2376 1370 2657 1456 deferre,

446 1488 590 1559 sive
625 1487 785 1585 quia
820 1485 1054 1561 nolunt
1087 1485 1382 1560 taedium
1417 1486 1861 1560 institutionis
1897 1484 2151 1571 subire,
2180 1484 2265 1560 ob
2289 1484 2657 1571 molestiae,

443 1625 616 1697 quas
666 1625 891 1683 secum
935 1599 1086 1697 ipsa
1135 1599 1340 1672 trahit
1372 1657 1387 1686 ,
1445 1602 1589 1673 sive
1641 1599 1803 1699 quia
1852 1599 2183 1672 interdum
2238 1598 2331 1671 rei
2386 1597 2664 1670 familia-

444 1716 536 1787 ris
587 1714 918 1811 angustiis
970 1730 1363 1812 premuntur
1394 1772 1410 1800 ,
1467 1714 1965 1813 praesidiisque
2015 1713 2099 1786 ad
2154 1738 2299 1785 eam
2353 1711 2659 1786 alendam

441 1829 917 1903 destituuntur.
962 1831 1309 1903 Praeterea
1334 1855 1485 1902 cum
1514 1829 1772 1928 passim
1801 1829 1974 1900 inter
1996 1827 2325 1901 eiusmodi
2354 1844 2661 1926 parentes

442 1944 742 2017 oriantur
786 1943 1133 2043 querelae,
1177 1945 1393 2041 iurgia
1431 1959 1633 2044 atque
1673 1942 1988 2028 dissidia,
2031 1958 2302 2041 propter
2335 1966 2510 2042 quae
2544 1967 2664 2041 pa-

442 2058 632 2130 cifice
686 2058 978 2156 amplius
1026 2057 1227 2132 simul
1271 2059 1665 2132 commorari
1709 2083 1841 2132 non
1877 2074 2196 2156 possunt,
2252 2056 2340 2129 ab
2381 2057 2661 2132 invicem

444 2171 850 2268 supposititii
897 2172 1224 2245 eiusmodi
1278 2174 1596 2269 coniuges
1653 2188 2071 2273 separantur.
2115 2173 2279 2244 Tum
2314 2196 2470 2246 vero
2504 2197 2657 2270 pro-

444 2284 579 2369 les,
632 2300 749 2356 aut
795 2285 1066 2360 omnino
1123 2285 1255 2360 sibi
1314 2286 1717 2387 relinquitur
1747 2343 1763 2372 ,
1820 2304 1935 2360 aut
1988 2286 2172 2361 oneri
2240 2286 2367 2360 erit
2413 2285 2660 2358 alteru-

443 2397 609 2471 trius
651 2398 993 2497 coniugis,
1034 2418 1150 2473 aut
1189 2427 1337 2474 eam
1372 2401 1574 2474 etiam
1613 2417 1922 2500 parentes
1953 2401 2126 2475 inter
2150 2428 2226 2476 se
2251 2401 2649 2500 partiuntur.

443 2511 789 2613 Quidquid
856 2512 1095 2588 horum
1153 2516 1503 2613 contigerit
1541 2574 1557 2603 ,
1630 2516 1701 2590 id
1765 2544 2029 2618 semper
2086 2516 2346 2593 eveniet
2408 2515 2658 2613 ingenti

439 2630 855 2704 auctoritatis
915 2638 1167 2705 iactura
1217 2658 1594 2733 magnoque
1646 2633 1940 2708 familiae
1989 2633 2410 2712 detrimento.

581 2744 843 2818 Etenim
888 2746 947 2819 si
990 2748 1262 2822 omnino
1301 2747 1635 2822 deseritur
1684 2748 1905 2849 proles
1956 2774 2037 2822 ac
2085 2747 2216 2821 sibi
2267 2749 2401 2848 ipsi
2453 2749 2655 2823 relin-

438 2858 689 2956 quitur,
736 2859 918 2933 nulla
967 2878 1246 2960 paterna
1294 2863 1683 2937 auctoritate
1727 2863 2003 2938 suffulta
2029 2921 2044 2951 ,
2084 2863 2650 2963 quemadmodum

440 2971 794 3047 frondosae
824 2975 1020 3062 vites,
1060 2975 1246 3050 nullo
1294 2976 1750 3051 sustentaculo
1785 2977 2132 3065 suffultae,
2177 3003 2383 3077 super
2417 2997 2657 3052 terram

443 3100 744 3182 reptant,
809 3087 901 3160 ita
965 3089 1187 3187 proles
1240 3090 1371 3191 ipsi
1424 3091 1555 3164 sibi
1610 3091 1841 3174 relicta
1901 3092 2072 3165 iacet
2118 3092 2610 3190 quodammodo
2633 3150 2648 3179 ,

440 3222 519 3269 ac
555 3199 749 3297 primi
785 3202 1035 3299 praeda
1078 3203 1237 3289 erit,
1279 3221 1352 3276 ut
1388 3205 1479 3277 ita
1512 3204 1769 3290 dicam,
1816 3204 2232 3304 occupantis.
2277 3205 2653 3301 Numquam

439 3313 618 3384 enim
654 3313 897 3388 desunt
934 3318 1051 3417 qui
1089 3333 1427 3416 tamquam
1463 3344 1762 3417 aucupes
1797 3344 1877 3392 ac
1911 3319 2109 3417 periti
2150 3333 2499 3392 venatores
2533 3319 2659 3392 cir·-

435 3443 767 3515 cumeant,
810 3443 884 3501 ut
934 3430 1033 3503 sic
1079 3430 1465 3529 deperditos
1516 3430 1728 3517 filios,
1773 3448 1892 3505 aut
1942 3431 2120 3505 filias
2172 3431 2304 3504 sibi
2355 3430 2656 3505 alliciant

437 3537 636 3612 malis
685 3541 942 3616 artibus
965 3602 981 3629 ,
1022 3545 1243 3646 iisque
1276 3562 1615 3645 tamquam
1649 3546 1964 3621 vitiorum
2000 3546 2260 3626 idoneis
2297 3546 2654 3618 istrumen-

433 3654 523 3725 tis
567 3657 860 3754 pessime
901 3657 1279 3734 abutantur.
1307 3660 1500 3746 Quod
1538 3661 1597 3733 si
1624 3676 1814 3759 pater
1846 3687 2017 3734 onus
2052 3660 2364 3734 babuerit
2397 3659 2652 3733 sobolis

432 3767 789 3842 universae
814 3828 830 3854 ‚
898 3773 1182 3868 negotiis
1229 3774 1591 3847 distractus
1625 3791 1700 3847 ut
1735 3773 2095 3873 plurimum
2147 3800 2355 3872 quum
2391 3773 2518 3860 sit,
2574 3779 2654 3850 ac

433 3880 613 3955 domi
664 3883 1026 3957 consistere
1083 3902 1409 3985 nequeat,
1450 3903 1568 3960 aut
1614 3886 1903 3972 nullam,
1962 3902 2079 3959 aut
2127 3886 2432 3983 exiguam
2491 3912 2652 3986 ope—

431 4022 571 4068 ram
622 3996 810 4069 dabit
853 3997 1059 4097 prolis
1113 4001 1547 4087 institutioni;
1591 4002 1651 4074 si
1687 4027 1845 4076 vero
1892 4027 2040 4074 eam
2091 4000 2462 4078 committat
2493 4028 2649 4077 oon-

432 4110 653 4184 ductis
714 4114 1143 4187 mercenariis
1200 4116 1504 4189 eiusdem
1555 4142 1634 4189 ao
1685 4117 1836 4214 ipse
1885 4115 2277 4214 probitatis,
2321 4142 2429 4189 res
2476 4133 2653 4190 certe

433 4251 564 4298 non
615 4227 857 4302 melius
906 4226 1129 4315 cedet3
1188 4230 1396 4305 multo
1443 4245 1665 4304 autem
1727 4231 1951 4302 minus
2002 4230 2060 4302 si
2112 4229 2314 4304 aliam
2367 4230 2651 4330 proleta-

436 4340 597 4412 riam
629 4342 831 4417 ducat
869 4369 1175 4424 uxorem,
1219 4370 1393 4444 quae
1425 4362 1653 4445 utpote
1696 4345 2004 4445 privigna
2030 4403 2045 4430 ,
2088 4345 2364 4418 alterius
2401 4360 2466 4418 et
2500 4346 2655 4444 qui-
