3276 5083
694 430 782 501 32
1089 451 1210 500 m.
1253 451 1298 499 ι.
1343 449 1513 500 sacr.
1556 453 1602 501 1.
1643 452 1724 501 ns
1759 452 2019 503 unam.
2054 450 2476 503 sscmusmo.

689 567 930 643 veteris
978 583 1045 640 et
1091 590 1298 641 novae
1350 567 1528 666 ‘legis
1561 597 1577 654 3
1649 594 1866 669 neque
1930 569 2241 643 cohaeret
2286 594 2439 643 cum
2491 569 2643 642 aliis
2672 628 2688 656 ,
2745 574 2908 671 quia

689 683 929 757 fatetur
973 683 1409 756 communiter
1440 698 1692 758 ceteros
1729 683 2071 782 theologos
2106 684 2514 759 contrarium·
2543 701 2793 760 tenere.
2826 688 2913 760 Et

689 798 915 897 reipsa
964 822 1094 870 non
1140 798 1442 871 innititur
1490 796 1575 870 ad
1625 797 2031 873 fulciendam
2081 799 2498 873 sententiam
2529 825 2724 873 suam
2776 802 2907 875 nisi

692 912 1068 987 auctoritati
1121 913 1320 985 trium
1371 904 1867 986 canonistarum
1918 916 2062 1010 (92)
2107 931 2173 987 et
2214 914 2516 1012 glossae,
2541 915 2650 989 -ob
2695 915 2910 990 levem

693 1026 880 1100 illam
905 1027 1250 1114 rationem,
1272 1027 1477 1128 quod,
1504 1028 1565 1101 si
1592 1054 1714 1126 per
1736 1029 2231 1103 matrimonium
2260 1024 2733 1128 produceretur
2755 1056 2915 1126 gra·

693 1144 786 1216 tia
808 1201 823 1231 ,
868 1143 1002 1216 iam
1036 1166 1167 1216 non
1204 1133 1434 1240 posset
1466 1142 1728 1242 absque
1771 1144 2098 1217 simoniae
2147 1143 2297 1216 labe
2329 1138 2583 1242 'pacisci
2609 1145 2693 1217 de
2718 1143 2900 1218 dote.

693 1257 819 1330 His
868 1257 1112 1330 adiecit
1153 1273 1388 1356 postea
1420 1250 1810 1355 Magistrum
1862 1254 2340 1331 sententiarum
2357 1314 2374 1343 ,
2417 1258 2725 1356 quamvis
2781 1260 2912 1332 im-

691 1369 966 1457 merito,
1013 1364 1090 1443 'ut
1133 1369 1335 1468 paulo
1384 1386 1538 1443 ante
1581 1370 1900 1444 vidimus.
1933 1370 2149 1470 Atque
2196 1371 2353 1445 hinc
2403 1370 2652 1445 factum
2694 1389 2802 1446 est
2839 1392 2913 1446 ut

691 1510 923 1559 omnes
973 1486 1118 1558 sive
1151 1486 1414 1573 coaevi,
1468 1486 1609 1561 sive
1653 1484 2141 1584 subsequentes
2191 1484 2576 1560 scholastici
2631 1487 2701 1558 in
2754 1513 2911 1561 eum

692 1597 823 1670 hac
867 1596 958 1669 de
1003 1622 1211 1671 causa
1259 1598 1761 1671 insurrexerint.
2659 1664 2660 1667 ,

702 1763 708 1770 -
805 1706 967 1784 lure
994 1711 1225 1811 itaque
1268 1713 1637 1812 meritoque
1680 1713 2157 1789 affirmavimus
2203 1715 2386 1788 hunc
2417 1718 2754 1788 auctorem
2787 1742 2913 1789 sua

692 1825 935 1923 agendi
995 1827 1246 1901 ratione
1301 1852 1433 1901 non
1488 1828 1688 1902 modo
1711 1830 1714 1833 ’
1736 1854 1868 1903 non
1917 1829 2256 1903 infirmare
2281 1887 2297 1916 ,
2353 1830 2473 1903 sed
2515 1830 2916 1905 confirmare

692 1939 918 2039 potius
963 1939 1484 2015 ecclesiasticam
1534 1941 1666 2015 hac
1706 1942 1778 2013 in
1829 1969 1901 2016 re
1945 1944 2412 2039 traditionem..
2432 1943 2795 2018 Confirmat
2841 1947 2914 2017 in

693 2054 995 2128 doctrina
1028 2055 1318 2152 generali
1368 2056 1454 2129 de
1504 2059 1939 2131 sacramentis
1963 2117 1979 2145 ,
2022 2060 2095 2130 in
2137 2059 2522 2133 discrimine
2567 2060 2749 2158 quod
2801 2061 2916 2133 vel

694 2168 857 2269 ipse·
900 2169 1271 2268 assignavit
1316 2197 1397 2244 ex
1446 2172 1778 2244 communi
1827 2171 2127 2246 doctrina
2173 2172 2259 2246 de
2296 2173 2562 2247 diversa
2608 2173 2918 2248 efficacia

690 2301 1257 2361 sacramentorum
1295 2287 1536 2361 veteris
1580 2313 1661 2360 ac
1700 2312 1914 2361 novae
1952 2288 2119 2385 legis
2142 2346 2157 2375 ‚
2201 2290 2269 2361 in
2311 2314 2393 2362 eo
2436 2289 2619 2388 quod
2655 2290 2917 2363 nullum

693 2424 817 2500 pro
864 2426 989 2475 sua
1040 2401 1370 2476 sententia
1416 2402 1660 2474 afferre
1708 2403 1995 2500 pot'i‘ierit
2045 2402 2422 2500 theologum
2441 2461 2457 2489 ,
2500 2404 2572 2475 in
2606 2429 2686 2477 eo
2725 2403 2914 2503 ‘quod

693 2512 1056 2589 fatetur-de
1095 2517 1426 2589 contraria
1473 2516 1551 2588 in*
1596 2515 1849 2589 scholis
1896 2517 2161 2613 vigente
2210 2517 2513 2592 doctrina
2535 2526 2557 2606 ,'
2595 2519 2665 2591 in
2702 2519 2917 2617 impu·

690 2630 1009 2727 gnatione
1041 2630 1332 2729 denique
1370 2656 1570 2731 quam
1600 2632 1933 2704 sustinere
1963 2631 2195 2705 debuit
2218 2632 2561 2733 a‘reliquis
2589 2633 2916 2730 theologis

692 2743 1010 2818 omnibus
1035 2747 1211 2839 (93).
2504 2817 2508 2821 .
2590 2817 2594 2822 .

691 2893 717 2900 -·
791 2855 1143 2955 Reliquum
1160 2873 1264 2932 est
1278 2875 1375 2944 ut,
1394 2860 1952 2960 quemadmodum
1968 2864 2467 2961 proposuimus,
2487 2864 2778 2936 examini
2797 2865 2919 2936 cri-

697 2969 828 3043 tico
857 2970 1288 3047 subiiciamus
1308 2975 1573 3047 Petrum
1592 2972 2030 3063 Paludanum,
2055 2978 2172 3075 qui
2196 2977 2397 3073 vulgo
2421 2978 2593 3049 inter
2617 3002 2734 3051 eos
2760 3002 2921 3050 con-

696 3085 1403 3161 numerari‘consuevit
1425 3089 1544 3188 qui
1572 3088 1848 3162 inficiati
1875 3106 2033 3163 sunt
2055 3115 2176 3188 per
2198 3090 2582 3187 coniugium
2607 3091 2921 3164 christia—

690 3225 860 3272 num
885 3201 1168 3297 gratiam
1191 3201 1478 3274 conferri
1505 3204 2072 3277 sacramentalem.
2098 3204 2220 3277 Ast
2244 3204 2574 3278 immerito
2600 3219 2664 3277 et
2685 3220 2922 3278 contra

698 3339 964 3389 omnem
998 3315 1340 3388 veritatem
1375 3316 1503 3389 hac
1527 3317 1612 3390 de
1637 3343 1711 3389 re
1734 3334 2117 3391 accusatum
2146 3316 2479 3414 insignem
2518 3317 2694 3390 hunc
2728 3315 2926 3391 theo-

698 3428 925 3527 logum
958 3430 1173 3504 fuisse
1207 3456 1339 3502 non
1374 3432 1571 3506 modo
1603 3432 2030 3507 manifestum
2053 3448 2262 3506 estex
2286 3432 2369 3536 iis
2388 3489 2403 3519 ‚
2437 3458 2613 3532 quae
2645 3430 2926 3531 scripsit

750 3713 753 3718 ·
842 3685 944 3750 (⁹2)
975 3686 1120 3737 Tales
1150 3689 1266 3736 sunt
1292 3685 1579 3736 Gaurrridus
1598 3721 1614 3747 ,
1648 3686 1910 3750 ostiensis,
1938 3688 1987 3736 et
2015 3685 2218 3749 qnidam
2249 3684 2916 3749 Bernardusinnpparatu.

845 3764 946 3828 (⁹8)
972 3764 1213 3824 Quocirca
1239 3764 1480 3814 Dominio.
1499 3765 1617 3813 soto
1635 3763 1688 3814 in
1708 3778 1791 3828 op.
1806 3768 1874 3815 In
1895 3768 1989 3816 IV.
2009 3764 2205 3815 librum
2220 3763 2922 3814 sententiancommentaru.

700 3843 973 3905 metymnae
991 3857 1020 3895 a
1043 3843 1217 3908 Campi
1243 3850 1377 3896 1581.
1403 3845 1524 3892 tom.
1552 3845 1615 3893 11.
1642 3857 1752 3907 pag.
1768 3851 1843 3895 80.
1862 3843 2147 3894 Durandum
2169 3843 2365 3893 vellicat
2385 3842 2624 3892 scribens:
2658 3861 2684 3885 ιι
2702 3843 2765 3891 Et
2790 3841 2924 3891 idem

694 3919 960 3973 Durandus
991 3934 1172 3985 negans
1209 3920 1658 3985 (matrimonium)
1689 3921 1910 3972 conferre
1934 3921 2172 3985 mnam,
2210 3920 2356 3971 amul
2395 3921 2447 3970 in
2479 3920 2642 3983 prima
2668 3918 2922 3982 editione,

696 4001 755 4050 ut
786 3999 934 4051 refert
967 4003 1259 4066 capreolus,
1293 4001 1489 4065 negavit
1520 4015 1627 4053 esse
1660 4001 1946 4066 simpliciter
1985 4003 2341 4050 sacramentum
2371 4012 2530 4051 novae
2560 3999 2715 4063 legis:
2751 3998 2838 4049 sed
2871 3998 2925 4049 in

697 4077 954 4141 posteriori
980 4077 1218 4143 editione,
1240 4081 1358 4145 quia
1379 4079 1441 4131 de
1460 4080 1553 4130 hac
1583 4081 1774 4132 haeresi
1796 4080 1923 4131 male
1944 4077 2197 4141 audiebat,
2217 4080 2273 4128 ut
2293 4077 2566 4141 periculum
2586 4077 2681 4127 sibi
2704 4078 2922 4140 caveret,

697 4157 939 4209 concessit
967 4156 1169 4221 quidem
1195 4173 1327 4224 esse,
1353 4160 1439 4211 sed
1459 4163 1623 4211 tamen
1650 4159 1871 4224 negando
1897 4158 2116 4208 conferre
2141 4157 2374 4220 gratiam3
2395 4158 2440 4208 si
2458 4156 2512 4206 id
2527 4156 2817 4220 simpliciter
2839 4169 2924 4207 ne-

695 4239 857 4301 gasset
891 4234 1250 4300 asserendoque
1289 4238 1497 4289 subinde
1540 4251 1638 4288 non
1674 4251 1780 4288 esse
1809 4249 1922 4286 cum
1954 4234 2067 4285 aliis
2094 4247 2252 4285 novae
2279 4236 2402 4298 legis
2430 4237 2720 4286 univocum
2748 4247 2927 4298 parum

695 4315 793 4371 sibi
819 4315 1042 4366 cavisset.
1075 4315 1138 4364 Et
1172 4313 1285 4365 ideo
1316 4315 1475 4366 solnm
1505 4314 1633 4365 dixit
1663 4326 1766 4365 non
1797 4325 1903 4364 esse
1935 4312 2272 4364 haereticum.
2301 4313 2450 4363 Fallit
2476 4315 2674 4375 tamen,
2706 4313 2803 4364 boc
2832 4324 2925 4362 ceu

700 4393 956 4462 probabile
992 4391 1328 4446 sustinendo.»
