3276 5083
702 423 838 494 422
1083 444 1208 497 m.
1249 446 1296 495 1.
1338 445 1509 495 ster.
1552 442 1816 495 ursus.
1861 445 1940 493 ns
1976 443 2244 494 numu.
2286 441 2501 491 civim.

693 564 957 666 placeat
1012 562 1218 638 aliam
1267 563 1548 638 formam
1598 557 2041 664 praestituere
2092 560 2519 635 matrimonio
2571 576 2943 660 tamquam

691 680 1099 768 contractui,
1139 706 1292 754 cum
1327 679 1655 754 eiusmodi
1692 678 1910 752 civilis
1937 677 2045 752 lex
2072 677 2271 751 fuerit
2299 674 2746 776 promulgata,
2780 703 2945 749 ma-

693 796 1004 869 trimonia
1037 793 1121 869 ad
1149 795 1296 869 eius
1325 821 1626 868 normam
1673 792 2006 867 celebrata
2056 807 2217 867 sunt
2255 817 2412 864 vera
2460 789 2933 879 matrimonia,

690 911 1001 1012 quamvis
1055 937 1188 986 non
1230 926 1405 984 rata.
1454 913 1628 985 Sane
1678 909 2041 985 concilium
2096 907 2530 982 tridentinum
2583 905 2775 979 illum
2820 934 2938 980 ca·

689 1052 918 1099 nonem
964 1025 1251 1100 confecit
1298 1025 1385 1097 ad
1432 1024 1777 1098 vitandam
1828 1022 2462 1109 clandestinitatem‚
2504 1045 2635 1094 non
2672 1023 2939 1095 creavit

690 1139 936 1239 dogma
966 1198 981 1229 ,
1039 1166 1259 1240 neque
1307 1165 1633 1214 canonem
1683 1138 2090 1239 disciplinae
2157 1136 2682 1210 fundamentalis
2717 1195 2734 1223 ‚
2794 1138 2930 1210 sed

688 1271 908 1329 actum
958 1255 1172 1329 edidit
1222 1255 1587 1355 proprium,
1614 1255 1838 1329 civilis
1889 1254 2307 1353 principatus
2343 1310 2359 1339 ,
2407 1278 2487 1326 eo
2538 1268 2916 1339 annuente,

687 1371 894 1446 immo
918 1385 986 1444 et
1010 1371 1415 1471 postulante.
1465 1371 1633 1444 Cum
1686 1369 2012 1470 placuerit
2060 1368 2507 1468 principatui,
2549 1383 2770 1468 potest
2806 1368 2931 1442 hic

690 1501 981 1560 statuere
1031 1514 1272 1562 novam
1324 1486 1732 1561 matrimonii
1787 1487 2067 1559 formam
2109 1484 2242 1559 sub
2282 1483 2610 1558 nullitatis
2663 1509 2919 1583 poena.

691 1599 885 1687 Quod
938 1600 1326 1676 huiusmodi
1388 1600 1834 1675 matrimoniis
1888 1601 2074 1675 iuxta
2124 1625 2426 1674 normam
2478 1597 2693 1671 solius
2744 1598 2926 1696 legis

690 1714 910 1787 civilis
979 1714 1167 1788 initis
1219 1714 1482 1788 adiecta
1531 1742 1662 1789 non
1718 1716 1808 1787 sit
1854 1715 2149 1811 dignitas
2202 1712 2653 1798 sacramenti,
2710 1712 2928 1787 efficit

690 1843 765 1900 ut
811 1853 893 1900 ea
934 1827 1072 1901 sint
1123 1829 1549 1902 matrimonia
1598 1829 1873 1928 quidem
1929 1827 2225 1925 legitima
2257 1885 2273 1915 ,
2334 1828 2490 1900 licet
2540 1852 2673 1900 non
2727 1844 2911 1914 rata;

684 1940 1069 2016 nullatenus
1131 1959 1353 2021 autem
1415 1944 1927 2019 concubinatus.
1986 1943 2086 2016 Ad
2150 1941 2562 2016 validitatem
2613 1943 2912 2041 coniugii

687 2083 821 2134 non
876 2059 1239 2159 requiritur
1287 2060 1674 2133 necessario
1722 2058 2014 2160 qualitas
2067 2060 2497 2147 sacramenti.

828 2174 1025 2248 Nulla
1089 2175 1375 2249 hahetur
1442 2177 1550 2248 lex
1599 2175 1743 2248 sive
1793 2174 2024 2249 divina
2087 2175 2380 2271 (saltem
2429 2174 2718 2273 allegata
2768 2201 2905 2248 non

685 2288 890 2383 fuit),
932 2316 1108 2391 quae
1151 2290 1525 2390 praecipiat
1571 2316 1975 2364 concursum
2028 2291 2430 2376 sacramenti
2474 2289 2560 2362 ad
2609 2289 2904 2366 valorem

682 2405 1003 2501 coniugii.
1057 2405 1394 2479 Immerito
1443 2404 1940 2479 matrimonium
1998 2407 2357 2505 leqitimum
2404 2430 2557 2478 cum
2592 2404 2910 2480 concubi-

682 2535 844 2594 natu
895 2520 1349 2595 confunditur.

826 2637 1059 2736 Neque
1081 2664 1239 2711 vero
1267 2637 1537 2738 expedit
1562 2654 1636 2712 ut
1661 2638 1768 2711 lex
1803 2639 1954 2738 ipsa
1987 2636 2206 2711 civilis
2236 2637 2307 2710 in
2334 2639 2648 2736 coniugio
2685 2657 2904 2712 actum

680 2751 1070 2849 religiosum
1129 2751 1259 2826 sub
1316 2779 1530 2852 poena
1579 2753 1910 2826 nullitatis
1973 2752 2445 2853 praescribat:
2507 2769 2615 2827 ast
2677 2772 2907 2854 peccat

679 2866 915 2965 utique
956 2866 1329 2941 catholicus
1358 2926 1373 2956 ,
1416 2869 1532 2967 qui
1569 2883 1924 2942 contentus
1969 2869 2396 2942 matrimonio
2438 2869 2777 2966 legitimo,
2819 2869 2908 2940 il-

680 2981 797 3055 lud
842 2996 1061 3056 ratum
1115 3009 1250 3057 non
1301 2983 1481 3057 facit.

821 3099 967 3174 Dici
1020 3100 1252 3199 nequit
1294 3099 1713 3199 haeredem,
1755 3116 1869 3175 aut
1919 3100 2392 3175 schismaticus
2416 3159 2431 3188 ,
2474 3103 2593 3201 qui
2631 3127 2901 3203 separa-

677 3216 927 3290 tionem
979 3231 1158 3289 tenet
1209 3233 1589 3291 contractus
1642 3232 1707 3290 et
1758 3217 2194 3303 sacramenti,
2235 3217 2450 3291 donec
2492 3217 2855 3291 declaratio
2878 3277 2896 3302 ,

677 3354 799 3405 seu
850 3330 1154 3405 definitio
1198 3331 1374 3405 sacta
1416 3357 1550 3408 non
1592 3331 1794 3405 suerit
1827 3330 1914 3405 ab
1946 3330 2234 3407 ecclesia
2267 3332 2337 3404 in
2374 3332 2663 3407 concilio
2704 3358 2901 3406 oecu-

674 3445 935 3519 menico
961 3501 977 3533 ,
1037 3472 1213 3546 quae
1256 3447 1557 3520 immutet
1606 3447 2202 3547 iurisprudentiam
2241 3447 2369 3522 hac
2418 3449 2490 3521 in
2543 3474 2614 3521 re
2639 3506 2654 3536 ,
2699 3466 2905 3549 atque

672 3560 1076 3647 constituat,
1133 3578 1209 3635 ut
1255 3562 1579 3660 deinceps
1631 3561 1849 3635 solum
1902 3562 2399 3637 matrimonium
2449 3579 2708 3649 ratum,
2766 3589 2899 3636 non

673 3690 897 3749 autem
947 3675 1450 3750 matrimonium
1488 3703 1670 3750 mere
1706 3675 2079 3774 legitimum
2133 3677 2458 3778 producat
2497 3678 2779 3752 effectus
2813 3679 2901 3752 ci·

669 3788 839 3865 viles
890 3791 959 3864 in
1012 3791 1154 3865 foro
1206 3791 1386 3865 civili
1440 3818 1518 3866 ac
1572 3792 1643 3864 in
1694 3793 1838 3866 soro
1888 3793 2371 3868 ecclesiastico,

814 3905 1083 3980 Nullum
1136 3906 1415 3981 dubium
1470 3908 1540 3979 in
1588 3934 1669 3982 eo
1719 3923 1824 3982 est
1855 3967 1870 3995 ‚
1921 3909 2106 4008 quod
2161 3925 2315 3982 ante
2367 3909 2731 3984 concilium
2784 3910 2898 3984 tri-

668 4020 1018 4096 dentinum
1065 4025 1495 4098 matrimonia
1537 4025 1704 4100 inita
1739 4052 1780 4098 a
1816 4024 2135 4099 fidelibus
2187 4027 2371 4100 iuxta
2423 4024 2608 4124 leges
2661 4025 2897 4101 civiles

667 4152 1130 4236 spectarentur
1177 4136 1264 4211 ab
1304 4138 1590 4213 ecclesia
1632 4155 1981 4240 tamquam
2007 4166 2167 4215 vera
2190 4140 2507 4239 coniugia
2532 4168 2614 4214 ac
2639 4141 2893 4229 valida,

666 4250 823 4326 licet
871 4252 971 4325 eis
1012 4253 1281 4328 deesset
1331 4257 1734 4331 sacramenti
1790 4255 2127 4353 dignitas,
2178 4283 2300 4332 nec
2344 4257 2496 4332 ideo
2548 4257 2901 4332 habeban-

669 4385 777 4441 tur
820 4384 894 4444 ut
937 4367 1170 4445 illicita
1204 4430 1220 4459 ,
1270 4371 1627 4446 inhonesta
1679 4398 1760 4447 ac
1810 4371 2061 4469 turpia.
