3276 5083
827 437 962 485 cir.
1007 437 1075 485 ιι.
1120 436 1199 486 ns
1244 437 1432 486 nra.
1474 437 1600 487 clv.
1638 436 1805 488 ome.
1844 437 1916 486 ιιι·
1947 436 2168 487 raona.
2476 415 2611 485 279

1236 651 1651 709 ARTICULUS
1690 652 1791 710 111.

404 839 755 900 Matrimonii
775 839 963 898 civilis
976 838 1239 898 dilatatio
1257 844 1314 897 et
1334 855 1670 915 progressus
1689 854 1899 916 magna
1917 855 1988 900 ex
2008 845 2172 916 parte
2195 840 2622 916 incrednllsmo,

702 939 1123 998 communlsmo
1161 945 1220 997 et
1258 937 1587 997 socialtsmo
1626 937 1866 997 debetur
1904 939 2100 1014 elsqne
2141 938 2321 998 favet.

554 1132 732 1203 Licet
771 1157 812 1203 a
854 1130 1433 1229 protestantismo,
1475 1146 1550 1204 ut
1583 1131 1654 1201 in
1689 1129 1967 1203 articulo
2016 1130 2345 1228 superiori
2396 1147 2621 1204 osten-

409 1246 678 1332 dimus,
751 1246 1131 1344 nuptiarum
1197 1243 1496 1317 civilium
1550 1245 1737 1341 origo
1806 1245 1898 1317 sit
1958 1245 2445 1341 agnoscenda,
2521 1245 2626 1316 ni·-

412 1359 779 1433 hilominus
826 1360 999 1431 inter
1048 1356 1409 1432 catholicos
1457 1359 1731 1432 morbus
1780 1358 1894 1431 hic
1942 1358 2356 1458 epidemicus
2396 1359 2619 1433 nullos

412 1489 529 1545 aut
600 1473 737 1546 fere
794 1472 1011 1547 nullos
1069 1473 1442 1560 infecisset,
1509 1473 1641 1545 nisi
1692 1473 1786 1546 ita
1835 1489 2254 1573 nuncupatae
2306 1474 2623 1547 reforma-

414 1587 576 1660 tioni
642 1603 981 1686 tamquam
1051 1586 1409 1660 auxiliares
1469 1588 1701 1685 copias
1760 1611 1835 1660 se
1903 1613 1979 1661 se
2047 1588 2453 1661 adiecissent
2518 1587 2623 1659 in-

411 1700 664 1773 creduli
706 1757 722 1786 ‚
779 1700 1024 1773 deinde
1072 1725 1231 1774 vero
1288 1700 1773 1774 communistae
1821 1724 1900 1773 ac
1953 1700 2357 1774 socialistae.
2399 1699 2625 1800 Siqui-

409 1814 562 1887 dem
597 1840 692 1886 ‘ex
743 1813 1025 1887 historia
1088 1829 1496 1914 compertum
1560 1829 1665 1887 est
1689 1870 1705 1899 ‚
1776 1813 2145 1887 catholicos
2200 1814 2287 1887 ab
2344 1814 2535 1889 initio
2583 1839 2650 1887 a·

407 1928 1007 2001 communicatione
1054 1953 1206 2000 cum
1260 1927 1615 2002 haereticis
1683 1928 2201 2027 protestantibus
2245 1928 2626 2002 abhorruis-

413 2066 524 2126 se,
580 2057 648 2112 et
694 2042 858 2138 quin
910 2040 1175 2116 illorum
1225 2041 1598 2126 erroribus,
1654 2041 2144 2116 conversationi
2194 2067 2280 2114 ac
2324 2042 2624 2114 moribus

414 2178 569 2227 sese
632 2153 1209 2227 accommodarent
1229 2209 1245 2240 ,
1301 2152 1387 2224 ab
1440 2154 1525 2226 iis
1575 2154 1796 2253 potius
1861 2154 2148 2226 maxime
2183 2153 2459 2233 ,cavisse
2491 2211 2507 2240 ,
2562 2153 2623 2227 si
2677 2164 2700 2175 ‘

412 2267 809 2367 depravatos
836 2268 1193 2341 nonnullos
1218 2268 1528 2342 homines
1552 2325 1568 2354 ‚
1601 2269 1719 2365 qui
1748 2294 2112 2366 numquam
2136 2266 2380 2341 desunt
2400 2325 2416 2356 ,
2448 2269 2626 2341 exci-

412 2382 587 2481 pias.
648 2380 823 2455 Hinc
882 2381 1135 2454 nullum
1163 2440 1179 2468 ,
1236 2398 1351 2454 aut
1399 2382 1534 2454 fere
1587 2381 1845 2454 nullum
1895 2383 2219 2455 influxum
2270 2383 2341 2454 in
2390 2381 2625 2456 catho-

412 2498 581 2573 licos
616 2497 995 2571 habuerunt
1035 2513 1509 2596 protestantes,
1551 2498 1681 2571 hac
1716 2497 1951 2572 saltem
1987 2523 2067 2571 ex
2103 2514 2315 2598 parte.
2350 2498 2434 2571 Et
2460 2522 2626 2572 sane

412 2641 533 2714 per
582 2615 708 2687 tria
758 2612 966 2686 ferme
1016 2613 1284 2686 saecula
1319 2613 1391 2684 in
1428 2611 1813 2710 regionibus
1856 2613 2206 2687 catholicis
2241 2638 2411 2713 pene
2443 2614 2628 2710 igno-

413 2729 732 2802 rabantu'r
777 2723 885 2800 vel
936 2727 1088 2826 ipsa
1135 2726 1596 2856 coniugiorum
1649 2753 1830 2801 mere
1878 2727 2176 2802 civilium
2223 2725 2618 2816 existentia,

411 2859 477 2915 et
523 2844 788 2936 nomen.
858 2842 1074 2914 Huius
1128 2842 1223 2914 rei
1273 2858 1476 2916 testes
1537 2841 1775 2916 saltem
1837 2843 2158 2917 indirecte
2206 2843 2625 2943 appellamus

415 2967 541 3029 t‘ot
555 2937 733 3030 illos
755 2955 1123 3030 catholicos
1173 2958 1566 3055 scriptores,
1607 2958 1725 3055 qui
1768 2953 2332 3055 locupletissimos
2365 2960 2451 3031 de
2483 2982 2628 3030 ma-

417 3071 725 3144 trimonio
758 3085 1083 3144 tractatus
1122 3071 1507 3158 ediderunt,
1565 3072 1731 3170 quin
1783 3097 2102 3169 umquam
2162 3072 2248 3143 de
2297 3072 2627 3145 eiusmodi

414 3186 747 3282 coniugiis
795 3186 1235 3258 disseruerint
1260 3243 1276 3272 ,
1318 3186 1497 3285 quod
1548 3202 1726 3258 certe
1775 3185 1995 3258 facere
2027 3211 2160 3259 non
2196 3186 2616 3270 omisissent,

417 3300 475 3371 si
514 3323 632 3383 -ea,
655 3299 834 3398 apud
885 3299 1251 3373 catholicos
1302 3298 1551 3371 alicubi
1602 3313 1762 3370 nota
1809 3298 2118 3372 fuissent.

558 3414 1019 3486 Distinxerunt
1044 3412 1141 3484 illi
1168 3413 1444 3511 quidem
1469 3411 1806 3486 communi
1829 3411 2086 3485 calculo
2109 3436 2262 3484 cum
2288 3437 2346 3485 s.
2369 3410 2625 3483 Thema

419 3530 487 3599 in
537 3529 957 3602 matrimonio
1005 3529 1293 3626 officium
1338 3542 1649 3609 naturae,
1708 3528 1995 3625 officium
2046 3527 2524 3599 communitatis
2569 3540 2630 3596 et

417 3658 888 3714 sacramentum
918 3645 1096 3737 (33),
1127 3642 1214 3715 de
1247 3667 1383 3741 qua
1419 3641 1845 3715 distinctione
1875 3656 1942 3713 et
1983 3666 2106 3714 nos
2142 3642 2275 3740 ipsi
2316 3664 2439 3713 suo
2481 3639 2629 3712 loco

417 3746 871 3842 disseremus3
928 3771 1220 3829 attamen
1270 3756 1355 3827 de
1404 3757 1714 3853 coniugio
1768 3781 1946 3828 mere
1997 3754 2177 3828 civili
2231 3756 2402 3826 inter
2449 3753 2632 3826 chri-

416 3872 674 3945 stianos
709 3928 723 3955 ,
779 3887 859 3942 eo
909 3896 1113 3943 sensu
1164 3895 1299 3969 quo
1348 3896 1539 3943 nunc.
1586 3871 1901 3954 sumitur,
1961 3894 2324 3967 numquam
2377 3893 2630 3942 sermo-

423 4012 573 4059 nem
626 3985 1077 4059 instituerunt.
1120 3986 1230 4057 Sic
1261 3987 1461 4058 etiam
1513 3985 1768 4082 passim
1818 3999 2095 4082 egerunt
2144 3984 2229 4055 de
2277 3983 2625 4058 effectibus

420 4100 730 4174 civilibus
754 4157 771 4188 ,
820 4115 1021 4199 prout
1070 4087 1342 4196 nuptiae
1392 4098 1599 4172 initae
1649 4098 1896 4172 fuerint
1929 4122 2050 4171 nec
2086 4125 2172 4171 ne
2206 4098 2289 4170 ad
2327 4121 2628 4172 normam

421 4215 720 4288 civilium
756 4214 978 4312 legum
1007 4243 1022 4300 ;
1063 4214 1338 4288 minime
1372 4239 1531 4288 vero
1564 4213 1768 4288 locuti
1805 4215 1889 4287 de
1922 4213 2254 4312 coniugali
2292 4227 2631 4287 contractu

567 4365 667 4428 (³³)
700 4367 852 4421 cont.
884 4367 1029 4417 cent.
1054 4365 1141 4416 lib.
1168 4367 1254 4416 IV.
1277 4379 1384 4430 cap.
1410 4371 1488 4419 7⁸.
1511 4369 1563 4418 rt
1590 4364 1774 4430 suppl.
1799 4378 1885 4431 qu.
1909 4371 1986 4418 50.
2011 4368 2103 4417 nrt.
2133 4368 2266 4417 unic.
2290 4363 2353 4416 nd
2384 4369 2430 4415 ⁴.
