3276 5083
624 442 711 495 ιιι
1526 444 1904 501 Ριοαιωι

625 569 807 638 inter
851 576 1215 660 utramque
1246 576 1661 660 potestatem
1686 566 2009 638 novimus
2036 563 2391 639 exarsisse.
2433 567 2834 639 Haereticos

621 701 743 750 eos
787 678 1106 750 homines
1153 678 1538 750 omittimus
1568 729 1588 759 ,
1645 680 1769 773 qui
1827 677 2031 750 buius
2080 682 2492 752 sacramenti
2548 682 2834 752 veritate

621 794 910 876 reiecta,
958 814 1048 866 eo
1099 815 1318 888 usque
1364 793 1708 865 amentiae
1753 792 2061 888 prolapsi
2109 807 2308 875 sunt,
2346 807 2423 865 ut
2455 806 2725 867 castum
2757 816 2838 865 ac

623 906 1013 1001 legitimum
1046 907 1472 978 matrimonii
1513 904 1875 978 vinculum
1923 930 2068 978 non
2112 929 2308 979 secus
2343 906 2724 980 habuerint
2757 932 2837 980 ac

621 1023 695 1093 in
742 1020 956 1094 rebus
1009 1019 1373 1093 venalibus
1410 1019 1527 1100 fit,
1578 1024 2009 1116 emptionem
2053 1023 2464 1118 quamdam,
2512 1036 2631 1099 aut
2678 1048 2837 1095 mu-

625 1148 813 1208 tuam
855 1155 1233 1229 corporum
1269 1134 1841 1207 conductionem:
1885 1135 1973 1207 ad
2024 1137 2199 1208 alios
2237 1140 2358 1231 qui
2405 1139 2716 1210 mitiores
2764 1162 2837 1211 se

624 1250 856 1323 hostes
906 1249 1272 1332 simulant,
1325 1251 1383 1321 si
1422 1250 1687 1345 placet,
1734 1252 2117 1323 veniamus,
2166 1255 2252 1322 Hi
2306 1266 2469 1324 sunt
2519 1276 2603 1323 ex
2652 1254 2837 1325 mul-

621 1366 921 1439 titudine
966 1365 1419 1461 politicorum
1464 1366 1832 1438 hominum
1881 1378 2088 1461 atque
2128 1366 2589 1461 leguleiorum
2633 1368 2839 1441 turba

623 1503 767 1554 non
815 1481 1057 1576 pauci,
1112 1481 1233 1574 qui
1288 1480 1797 1551 haereticorum
1848 1482 2136 1575 vestigia
2173 1485 2410 1554 sectati
2447 1505 2588 1554 non
2626 1484 2838 1556 modo

621 1598 769 1667 ausi
819 1605 979 1667 sunt
1026 1616 1187 1665 cum
1232 1594 1523 1666 ecclesia
1575 1594 1647 1664 in
1699 1605 1840 1666 tam
1884 1592 2128 1665 divino
2167 1598 2320 1667 iure
2364 1596 2830 1675 contendere,

621 1732 868 1783 verum
893 1710 1102 1782 etiam
1130 1708 1303 1781 nihil
1344 1712 1761 1782 intentatum
1800 1710 2232 1804 reliquerunt
2254 1764 2273 1792 ,
2313 1734 2460 1806 quo
2493 1713 2835 1807 quidquid

621 1824 710 1898 ad
766 1827 1045 1921 nuptias
1094 1825 1339 1897 attinet
1392 1821 1709 1896 fidelium
1743 1876 1763 1906 ,
1814 1825 1873 1896 si
1925 1827 2337 1897 sacramenti
2400 1829 2838 1899 sanctitatem

620 1940 961 2034 excipias,
1020 1936 1108 2009 ad
1157 1937 1437 2010 civilem
1482 1949 1897 2033 potestatem
1941 1950 2014 2010 et
2053 1960 2430 2012 commune
2471 1940 2607 2012 fori
2655 1942 2839 2014 iudi-

621 2054 806 2126 cium
854 2050 1204 2125 deducere
1251 2064 1703 2125 conarentur.

764 2171 1007 2263 Neque
1048 2164 1338 2239 defuere
1388 2190 1475 2239 ex
1523 2166 1907 2263 theologis,
1962 2170 2083 2264 qui
2140 2172 2527 2265 praeteritis
2572 2184 2841 2267 tempo-

623 2282 865 2365 ribus,
918 2283 1218 2356 maxime
1264 2304 1435 2354 vero
1481 2278 1571 2354 ab
1622 2281 1865 2377 elapso
1915 2282 2201 2356 saeculo
2242 2295 2450 2378 atque
2499 2284 2637 2356 hoc
2686 2286 2841 2380 ipso

620 2400 695 2471 in
739 2422 888 2494 quo
936 2399 1235 2470 vivimus
1281 2399 1564 2471 ineunte
1591 2449 1611 2482 ‚
1658 2399 1734 2468 in
1788 2399 2189 2470 societatem
2240 2400 2621 2493 quamdam
2678 2424 2841 2473 cum

620 2514 1038 2588 iansenianis
1074 2510 1488 2586 doctoribus
1513 2566 1532 2597 ,
1583 2511 1674 2585 ad
1726 2534 1881 2584 eam
1929 2535 2139 2607 quam
2187 2513 2491 2588 diximus
2544 2512 2642 2592 ab,
2682 2516 2841 2591 aula

622 2626 1004 2724 profectam
1046 2625 1446 2723 pestiferam
1484 2625 1892 2722 opinionem
1936 2625 2313 2700 fovendam
2368 2631 2841 2727 tuendamque

620 2744 1019 2815 coniurasse
1058 2742 1187 2814 visi
1231 2752 1418 2812 sunt.
1448 2743 1673 2812 Nemo
1723 2742 1949 2812 nescit
1996 2764 2178 2836 quos
2224 2745 2481 2839 impios
2521 2745 2736 2819 duces
2768 2748 2842 2818 in

624 2870 764 2930 tam
801 2856 1070 2929 nefario
1104 2855 1297 2928 bello
1328 2868 1575 2928 contra
1620 2855 1983 2928 ecclesiam
2026 2871 2348 2954 suscepto
2390 2863 2664 2954 sequuti
2698 2861 2844 2934 sue-

620 2975 805 3046 rint:
855 2972 1288 3045 desertorem
1337 2971 1664 3044 videlicet
1698 2972 1901 3044 illum
1941 2970 2108 3046 fidei
2154 2976 2446 3048 Paulum
2488 2978 2835 3071 Sarpium,

621 3103 690 3163 et
720 3090 1065 3162 famosum
1105 3088 1401 3160 alterum
1428 3087 1900 3184 Spalatensem
1936 3102 2325 3186 apostatam
2362 3094 2671 3165 Marcum
2694 3095 2843 3164 An-

623 3208 895 3284 tonium
922 3206 1021 3277 De
1039 3204 1389 3285 Dominis,
1430 3227 1559 3276 nec
1598 3225 1740 3276 non
1778 3206 2232 3299 parisiensem
2274 3207 2642 3280 doctorem
2677 3210 2843 3280 Lau·

623 3324 902 3403 noium,
949 3340 1255 3415 quorum
1305 3318 1784 3394 cavillationes
1807 3332 1879 3393 et
1905 3322 2330 3416 sophismata
2378 3321 2840 3396 transcribere

621 3460 764 3511 non
824 3436 1025 3510 veriti
1077 3448 1238 3509 sunt
1279 3487 1297 3517 ‚
1352 3448 1560 3530 atque
1611 3435 1742 3508 hac
1792 3438 1941 3531 ipsa
1984 3449 2210 3510 aetate
2266 3451 2502 3510 nostra
2536 3489 2556 3520 ,
2607 3440 2840 3511 inania

625 3554 820 3636 licet,
869 3563 939 3624 et
992 3554 1199 3624 toties
1246 3550 1541 3623 refutata
1595 3552 1857 3625 multos
1911 3574 2052 3624 non
2106 3553 2326 3648 pudet
2372 3551 2716 3649 proferre.

766 3667 1073 3741 Accessit
1119 3667 1206 3740 ad
1255 3668 1428 3739 haec
1476 3689 1660 3740 nova
1715 3667 1835 3740 illa
1870 3681 1942 3739 et
1980 3671 2215 3741 nescio
2261 3668 2521 3764 quibus
2555 3691 2643 3740 ex
2690 3670 2841 3742 son·

624 3782 810 3856 tibus
847 3783 1090 3857 hausta
1144 3782 1461 3854 doctrina
1489 3834 1509 3864 ,
1559 3805 1742 3877 quae
1790 3780 2074 3855 labente
2120 3783 2398 3854 saeculo
2436 3784 2617 3854 xvl.
2649 3784 2843 3855 scho-

621 3898 722 3970 las
777 3898 961 3970 haud
1033 3920 1285 3993 paucas
1345 3899 1642 3980 invasit,
1699 3919 1840 3992 qua
1893 3895 2300 3970 tradebatur
2352 3897 2558 3970 huius
2616 3896 2840 3970 confi-

622 4012 848 4084 ciendi
888 4014 1293 4084 sacramenti
1327 4012 1721 4091 ministros,
1771 4012 2367 4107 quemadmodum
2415 4026 2832 4093 ceterorum,

621 4128 1015 4201 sacerdotes
1068 4149 1216 4200 esse
1268 4128 1725 4209 constitutos;
1782 4140 1850 4199 et
1894 4150 1976 4198 ex
2026 4148 2174 4221 quo
2229 4127 2666 4223 promulgata
2715 4125 2839 4196 ina

618 4244 973 4316 distinctio
1008 4243 1190 4314 inter
1238 4252 1751 4314 sacramentum
1786 4252 1856 4312 et
1894 4241 2321 4335 pactionem,
2365 4263 2544 4338 quae
2579 4240 2649 4312 in
2687 4261 2841 4312 ma-

623 4361 956 4432 trimonio
1003 4357 1379 4430 christiano
1416 4355 1835 4436 intercedat,
1876 4357 2106 4450 coepit
2140 4356 2601 4438 circumferri,
2641 4356 2838 4428 theo-
