3276 5083
645 424 779 495 258
1053 448 1175 496 m.
1219 448 1264 497 ι.
1313 448 1483 497 ster.
1527 447 1785 496 urum.
1817 446 1895 494 nn
1931 444 2191 495 uirum.
2225 444 2457 495 cmm.-

640 564 870 637 habita
912 582 1014 637 est
1039 622 1054 651 ,
1097 590 1218 638 nec
1251 564 1458 637 alium
1495 580 1652 636 sunt
1685 562 1992 635 effectum
2045 561 2315 635 sortitae
2367 576 2630 660 praeter
2670 588 2852 638 mere

637 678 899 753 civilem
925 736 942 766 ,
998 705 1076 751 ac
1126 680 1376 752 interea
1424 676 1709 750 ecclesia
1757 674 2055 747 fidelium
2114 675 2384 773 nuptias
2438 677 2726 775 perrexit
2770 704 2853 751 ex

639 794 781 866 iure
830 821 953 868 suo
1002 809 1117 866 aut
1166 811 1346 868 ratas
1369 850 1385 879 ‚
1436 806 1551 865 aut
1600 790 1821 863 irritas
1872 815 2094 863 coram
2143 790 2282 862 Deo
2330 806 2654 888 spectare.

782 910 1125 1008 Nusquam
1175 934 1253 980 ac
1304 932 1671 1005 numquam
1723 904 2093 1004 reperimus
2145 903 2215 974 in
2253 903 2651 1004 antiquitate
2700 906 2855 978 uni-

638 1048 831 1097 versa
855 1079 872 1110 ,
905 1024 1307 1122 imperantes
1343 1019 1704 1119 aliquando
1739 1017 2027 1092 subditis
2063 1018 2207 1090 suis
2240 1017 2631 1091 christianis
2658 1045 2855 1119 prae-

637 1137 997 1235 scripsisse
1029 1162 1430 1211 consensum
1466 1161 1663 1208 suum
1698 1132 2061 1231 nuptialem
2108 1132 2426 1231 praebere
2460 1158 2684 1207 coram
2718 1161 2855 1209 ma·

637 1252 1049 1348 gistratibus.
1106 1251 1309 1325 Multo
1355 1275 1513 1324 vero
1563 1249 1789 1321 minus
1839 1246 2203 1345 aliquando
2251 1246 2536 1342 legimus
2559 1304 2574 1335 ,
2642 1249 2851 1350 impe·

636 1382 858 1440 rantes
908 1366 1054 1463 lege
1114 1366 1247 1438 lata
1306 1364 1610 1438 sanxisse
1642 1420 1657 1449 ,
1715 1377 1788 1435 ut
1836 1360 2183 1435 christiani
2239 1360 2491 1434 subditi
2551 1365 2844 1437 contenti

639 1506 792 1555 esse
842 1496 1116 1579 possent
1147 1480 1232 1553 de
1264 1479 1575 1575 coniugio
1610 1502 1832 1551 coram
1868 1475 2374 1572 magistratibus
2409 1476 2610 1564 inito,
2651 1476 2851 1550 illud-

637 1622 769 1693 que
803 1596 899 1666 uti
932 1621 1161 1667 verum
1196 1592 1690 1666 matrimonium
1733 1590 2052 1664 habuisse
2078 1647 2094 1676 ,
2136 1590 2344 1663 invita
2378 1615 2457 1663 ac
2490 1590 2851 1665 reluctante

641 1707 948 1780 ecclesia.
1015 1709 1359 1804 Nusquam
1420 1706 1651 1778 iteram
1712 1730 1791 1778 00
1848 1730 2212 1804 numquam
2272 1705 2672 1778 offendimus
2721 1705 2850 1780 hac

638 1845 842 1918 super
874 1845 946 1892 re
979 1819 1383 1917 imperantes
1430 1817 1755 1892 ecclesiae
1803 1816 2166 1917 aliquando
2214 1817 2399 1890 litem
2442 1818 2842 1907 intentasse,

638 1933 783 2019 sed,
827 1949 1022 2033 prout
1056 1933 1289 2030 religio
1329 1932 1696 2006 christiana
1746 1930 2030 2018 ferebat,
2074 1934 2410 2029 negotium
2440 1932 2585 2006 hoc
2634 1947 2847 2007 totum

638 2074 718 2122 eo
762 2050 831 2120 in
870 2063 1046 2122 statu
1096 2048 1543 2148 reliquerunt,
1587 2049 1655 2119 in
1690 2074 1824 2147 quo
1858 2063 2002 2122 erat
2035 2073 2185 2120 cum
2222 2049 2355 2147 ipsi
2393 2050 2461 2121 in
2496 2048 2846 2123 ecclesiam

639 2189 758 2261 per
810 2161 1154 2259 religionis
1203 2162 1609 2235 christianae
1661 2162 2144 2261 professionem
2166 2217 2182 2246 ‚
2224 2187 2619 2260 sacrumque
2667 2163 2849 2236 lava-

635 2302 820 2350 crum
874 2276 1161 2374 ingressi
1213 2292 1391 2350 sunt.
1452 2277 1776 2375 Nuspiam
1826 2301 1904 2349 ac
1954 2301 2317 2374 numquam
2377 2276 2581 2349 iidem
2640 2278 2848 2377 impe—

637 2408 858 2465 rantes
911 2390 1083 2464 sutili
1144 2391 1251 2463 usi
1304 2407 1459 2464 sunt
1506 2391 1938 2464 distinctione
1989 2389 2160 2463 inter
2206 2391 2699 2464 matrimonium
2751 2392 2843 2466 uti

636 2506 1075 2580 christianum
1130 2520 1618 2580 sacramentum
1660 2521 1727 2578 et
1767 2519 2169 2580 contractum
2191 2560 2206 2591 ,
2251 2505 2342 2579 ita
2375 2520 2448 2578 ut
2482 2505 2608 2579 sub
2642 2505 2848 2581 altero

638 2620 766 2694 hoc
803 2637 1107 2718 respectu
1155 2620 1541 2706 debuerint,
1574 2630 1699 2694 'aut
1747 2620 2077 2718 potuerint
2125 2619 2357 2692 saltem
2409 2621 2731 2716 attingere
2765 2645 2847 2694 ac

636 2732 1008 2818 moderari,
1050 2748 1250 2831 atque
1296 2732 1580 2806 ecclesia
1629 2759 1761 2806 non
1815 2733 2098 2831 potuerit
2144 2732 2275 2804 nisi
2329 2731 2457 2805 sub
2506 2731 2711 2830 priori
2750 2757 2848 2805 ne-

640 2856 898 2945 spectu'
933 2845 1097 2918 illud
1147 2846 1479 2920 moderari
1527 2875 1607 2922 ac
1656 2848 2001 2945 attingere.

781 2959 1128 3058 Siquidem
1154 2961 1447 3034 nondum
1482 2964 1905 3063 antiquorum
1940 2947 2264 3061 regendae
2298 2961 2703 3035 christianae
2736 2988 2846 3036 so-

637 3073 892 3146 cietatis
929 3073 1095 3147 ratio
1120 3098 1199 3146 eo
1224 3074 1606 3164 devenerat,
1641 3093 1713 3150 ut
1737 3079 1923 3152 ideas
1951 3103 2181 3152 omnes
2217 3090 2638 3176 perverteret,
2671 3101 2846 3175 quae

636 3185 723 3257 ab
771 3186 1042 3260 exordio
1078 3188 1172 3261 rei
1207 3189 1616 3264 christianae
1665 3192 1960 3264 omnium
2011 3207 2267 3264 mentes
2316 3205 2837 3289 occupaverant,

635 3316 702 3373 et
747 3310 1130 3375 cunctorum
1183 3305 1325 3377 sive
1374 3304 1843 3404 imperantium
1894 3307 2037 3380 sive
2080 3305 2495 3379 subditorum
2550 3303 2843 3377 obtinue-

636 3430 784 3487 rant
828 3442 910 3489 ex
957 3416 1257 3491 eiusdem
1311 3418 1656 3516 religionis
1706 3419 1990 3521 placitis.
2038 3420 2250 3491 Nimis
2300 3435 2596 3493 recentes
2647 3433 2832 3502 sunt,

636 3529 815 3628 quod
853 3531 984 3602 iam
1019 3557 1251 3605 sumus
1286 3533 1688 3632 inspecturi,
1713 3533 2041 3608 eiusmodi
2070 3532 2433 3620 doctrinae,
2466 3559 2587 3607 seu
2618 3533 2839 3607 verius

636 3645 1133 3742 perversiones,
1182 3673 1356 3746 quae
1397 3665 1782 3749 supponunt
1830 3649 2321 3724 innovationem
2363 3649 2433 3719 in
2486 3647 2831 3735 doctrinis,

634 3784 806 3856 quas
859 3760 1093 3857 religio
1135 3786 1399 3861 semper
1447 3763 1751 3862 professa
1796 3778 1898 3837 est
1946 3778 2011 3836 et
2058 3760 2493 3862 profitebitur.

778 3873 951 3947 Sane
985 3875 1053 3945 in
1092 3889 1349 3973 patrum
1373 3933 1388 3962 ,
1429 3891 1543 3949 aut
1573 3876 2174 3950 ecclesiasticorum
2202 3891 2542 3949 auctorum
2568 3863 2837 3971 scriptis

635 3985 805 4058 nihil
857 3990 1183 4076 occurrit,
1246 3990 1429 4089 quod
1478 3990 1583 4064 vel
1634 3990 1866 4066 leviter
1919 3993 2321 4065 mentionem
2386 3989 2585 4063 faciat
2641 4011 2837 4085 prae-

635 4098 809 4173 fatae
856 4102 1304 4178 distinctionis
1331 4163 1346 4194 ,
1395 4105 1573 4180 unde
1607 4107 1750 4179 erui
1786 4105 1999 4203 possit
2047 4106 2293 4181 divisio
2338 4101 2836 4178 attributionum

636 4214 1038 4314 reipublicae
1061 4233 1127 4291 et
1149 4219 1471 4295 ecclesiae
1504 4221 1684 4297 circa
1716 4220 2211 4296 matrimonium
2239 4219 2559 4294 fidelium.
2585 4216 2835 4317 Ecquis

633 4331 809 4406 enim
851 4333 1119 4408 -dubitat
1142 4393 1158 4424 ,
1214 4337 1394 4436 quod
1428 4339 1488 4412 si
1524 4337 1895 4436 antiquitus
1931 4337 2048 4414 illa
2082 4338 2344 4438 partitio
2393 4336 2829 4423 obtinuisset,
