3276 5083
724 461 861 512 cir.
906 461 975 511 11.
1017 460 1097 510 nn
1146 458 1457 514 umsrno.
1501 417 1641 511 aar.
1677 463 1722 511 ι.
1765 462 2020 521 enitar.
2063 458 2271 515 omoo.
2512 438 2601 513 5‘1

384 568 673 713 usurpat
719 605 930 677 agens
978 579 1066 652 de
1114 594 1532 654 sacramento
1569 581 1998 654 matrimonii.
2049 582 2145 654 De
2188 581 2606 655 invocatione

381 698 599 770 enim
612 721 783 795 quae
820 694 946 767 fit
926 720 996 765 ιιι
1031 693 1383 769 collatione
1427 694 1747 795 baptismi
1796 694 2060 770 scribit:
2108 725 2145 767 a
2166 696 2266 768 Ex
2299 695 2441 769 solo
2463 697 2605 771 Deo

386 812 653 899 datore,
691 810 808 910 qui
843 810 1191 885 invocatus
1231 810 1319 883 ad
1353 810 1482 884 hoc
1515 810 1744 899 adest,
1783 828 1851 885 et
1881 811 2172 900 assistit,
2212 826 2276 883 et
2304 828 2608 909 operatur

308 952 311 955 ¹
384 928 592 998 intus.
625 923 888 1024 ..quod
937 949 1116 1023 aqua
1162 923 1367 998 habet
1414 925 1686 1024 operari
1724 924 2049 1013 exterius;
2062 956 2097 996 »
2122 942 2188 999 et
2233 924 2338 999 de
2364 926 2603 999 confir-

383 1041 676 1115 matione
713 1040 983 1115 scribit:
1024 1068 1060 1109 α
1085 1037 1280 1125 Quod
1321 1040 1650 1115 invocatio
1687 1040 1896 1115 divini
1931 1030 2275 1129 Numinis,
2327 1057 2450 1115 seu
2491 1041 2609 1114 be-

380 1155 705 1242 nedictio,
746 1170 1049 1253 operatur
1087 1156 1305 1252 ipsum
1334 1155 1580 1227 robur»
1610 1172 1678 1230 et
1708 1156 1798 1228 de
1829 1144 2278 1230 eucharistia:
2319 1172 2368 1225 «-
2365 1156 2465 1229 Ut
2493 1180 2609 1229 vo—

380 1295 539 1356 rus,
597 1269 859 1368 inquit,
916 1293 998 1343 ac
1044 1268 1353 1342 vivificus
1403 1269 1638 1370 panis,
1692 1270 1811 1370 qui
1855 1269 1944 1345 de
1985 1270 2171 1344 caelo
2218 1260 2601 1356 descendit,

387 1382 730 1469 adveniat,
780 1381 1018 1455 eadem
1064 1381 1442 1457 benedictio
1465 1440 1481 1471 ,
1529 1401 1596 1457 ot
1638 1410 1721 1458 ex
1768 1374 2002 1458 eodem
2035 1385 2282 1483 facin»
2307 1374 2605 1482 idipsum

386 1496 639 1598 pariter
685 1498 851 1572 dicit
895 1496 1179 1597 loquens
1215 1497 1302 1572 de
1334 1490 1733 1573 remissione
1780 1514 2197 1598 peccatorum
2236 1522 2358 1597 per
2400 1497 2607 1570 bene-

386 1612 744 1686 dictionem
794 1629 865 1685 et
912 1611 1395 1687 absolutionem
1448 1608 1830 1687 sacerdotis
1857 1613 2104 1687 utendo
2135 1606 2381 1688 eodem?
2400 1611 2606 1687 verbo

387 1729 586 1826 saci&
620 1727 735 1800 sic
773 1727 973 1800 etiam
1000 1718 1107 1800 'de
1154 1752 1347 1800 sacra
1387 1718 1833 1802 ordinatione:
1880 1757 1915 1797 α
1945 1727 2031 1801 Ut
2060 1721 2323 1826 gratia-‚⁴
2347 1726 2599 1826 inquit,

386 1840 938 1916 sanctificationis
990 1855 1058 1913 et
1103 1841 1278 1915 sacri
1322 1840 1674 1915 ministerii
1711 1835 1874 1915 ordo
1905 1842 1977 1914 in
2008 1866 2126 1916 eos
2166 1842 2602 1938 (ordinatos)

386 1955 643 2043 veniat,
666 1948 1077 2054 episcopalis
1110 1981 1353 2031 manus
1389 1955 1731 2056 impositio
1746 1972 1813 2031 et
1827 1952 2200 2031 benedictio
2223 1971 2601 2055 operatur.»

386 2068 635 2143 Contra
664 2094 828 2143 vero
859 2068 947 2141 de
977 2068 1440 2143 benedictione
1474 2068 1759 2170 nuptiali
1793 2070 2030 2145 scribit
2058 2094 2205 2145 eam
2228 2072 2599 2170 impetrare,

385 2200 454 2256 et
500 2181 776 2283 quidem
824 2182 1133 2282 personis
1158 2240 1174 2270 ,
1216 2208 1336 2257 seu
1371 2185 1751 2282 coniuyibus
1788 2185 2070 2281 gratiam
2104 2200 2182 2257 et·
2201 2183 2607 2257 benedictio-

390 2323 569 2371 nem.
621 2297 857 2369 Verum
908 2292 1181 2398 quidem
1230 2315 1335 2373 est
1376 2297 1616 2372 eadem
1667 2300 1890 2397 ipsum
1937 2321 2099 2372 voce
2148 2298 2243 2370 uti
2262 2354 2278 2384 ,
2324 2292 2477 2370 cum
2514 2294 2606 2371 lo-

387 2414 620 2514 quitur
663 2413 748 2486 de
794 2429 1204 2487 sacramento
1253 2430 1583 2488 extremae
1628 2412 1997 2501 unctionis,
2040 2411 2271 2486 dicens
2297 2440 2314 2484 ε
2344 2440 2380 2480 α
2400 2406 2510 2484 Sic
2540 2426 2609 2486 et

383 2547 747 2605 extremam
793 2530 1175 2605 unctionem
1225 2527 1703 2629 recipientibus
1766 2527 1982 2604 oratio
2039 2524 2480 2602 *sacerdotalis
2540 2541 2609 2601 et

389 2646 771 2721 benedictio
818 2645 1284 2720 remissionem
1332 2646 1636 2744 impetrat
1681 2659 2106 2745 peccatorum
2145 2659 2213 2718 ot
2254 2668 2608 2742 corporum

384 2763 808 2836 sanctitatem
878 2760 1096 2857 (forte
1144 2755 1618 2855 sanitatem)'.»
1659 2760 1782 2833 Ast
1831 2760 2004 2834 ratio
2062 2776 2201 2846 est,
2256 2758 2419 2857 quia
2478 2757 2608 2832 hoc

384 2892 881 2951 sacramentum
930 2892 1192 2975 praeter
1239 2891 1664 3004 peccatorum
1712 2875 2171 2949 remissionem
2229 2889 2296 2948 et
2344 2873 2609 2948 animae

386 2983 1010 3079 sanctificationem,
1051 2989 1394 3065 consuevit
1439 2988 1801 3063 interdum
1821 2988 2122 3062 conferre
2166 2988 2462 3087 corporis
2497 3012 2610 3062 sa·-

391 3105 701 3190 nitatem,
751 3130 929 3205 quae
978 3105 1066 3178 ab
1113 3104 1414 3180 oratione
1451 3120 1519 3178 et
1566 3103 2031 3178 benedictione
2070 3102 2437 3177 sacerdotis
2471 3127 2606 3175 non

390 3247 626 3320 parum
676 3219 1033 3322 dependet.
1079 3220 1383 3294 Ceterum
1421 3219 1507 3294 de
1546 3245 1865 3318 germana
1903 3217 2233 3292 Guilielmi
2275 3232 2496 3292 menta
2535 3217 2606 3292 iu

388 3334 966 3410 administratione
1000 3334 1175 3408 sacri
1210 3334 1509 3432 coniugii·
1527 3333 2032 3407 diiudicandum
2056 3348 2262 3408 estex
2288 3331 2375 3404 iis
2392 3388 2407 3418 ‚
2433 3356 2609 3428 quae

392 3474 476 3522 ex
511 3451 813 3549 professo
859 3475 980 3524 seu
1020 3449 1177 3523 data
1216 3475 1421 3548 opera
1465 3449 1739 3547 scripsit
1780 3449 1849 3521 in
1899 3446 2224 3549 opusculo
2247 3444 2607 3521 de’matri-

393 3564 645 3653 monio,
703 3566 895 3641 cuius
949 3564 1343 3640 senteutiam
1383 3563 1848 3664 expendimus.

452 3705 457 3714 ’
540 3680 623 3753 Et
668 3681 755 3753 de
804 3680 1133 3755 Guilielmi
1185 3680 1582 3781 parisiensis
1632 3680 1960 3755 sententia
1999 3682 2355 3754 hactenus.
2412 3676 2605 3763 Quod

389 3793 568 3867 enim
618 3794 855 3868 attinet
893 3794 980 3868 ad
1033 3796 1298 3868 Petrum
1348 3793 1796 3883 Paludanum,
1837 3811 1904 3869 et
1943 3822 2003 3870 s.
2037 3794 2389 3880 Thomam,
2433 3815 2606 3891 quos

389 3934 513 4007 pro
549 3909 867 4010 opinione
915 3936 1039 3984 sua
1088 3910 1338 4010 profert
1369 3903 1594 3983 Canus
1614 3966 1630 3995 ,
1671 3934 2026 4009 operosum
2063 3933 2197 3982 non
2239 3925 2344 3982 est
2381 3923 2609 3981 osten-

389 4023 548 4097 dere
580 4024 819 4099 ambos
853 4024 1051 4123 longe
1077 4053 1119 4099 a
1146 4025 1392 4125 placito
1424 4024 1836 4099 adstruendo
1860 4023 2159 4099 abfuisse
2179 4081 2194 4111 ,
2226 4022 2408 4123 quod
2434 4023 2607 4122 ipsis

389 4138 727 4213 tribuitur.
764 4139 1183 4214 Contrarium
1227 4138 1564 4240 siquidem
1605 4155 1890 4238 uterque
1941 4139 2141 4239 plane
2186 4153 2607 4214 consectatus

390 4270 517 4327 est.
561 4253 638 4327 Id
689 4279 847 4328 vero
895 4279 977 4328 eo
1024 4253 1336 4329 libentius
1396 4254 1852 4328 demonstrare
1903 4253 2325 4353 aggredimur
2356 4311 2386 4340 ,A
2424 4250 2605 4361 ‘1⁰9⁶

389 4367 606 4467 magis
656 4368 1004 4446 confirmet
1052 4394 1225 4468 quae
1272 4371 1357 4444 de
1401 4368 1753 4446 Guilielmo
1800 4369 2089 4446 diximus
2112 4409 2148 4458 ,·
2173 4395 2373 4470 quem
2412 4392 2606 4441 nemo
