3276 5083
632 477 766 547 230
1013 500 1218 583 ¹⁶¹⁸·,¹·
1259 498 1428 549 sacr.
1472 499 1735 548 uuna.
1785 501 1863 548 n:
1899 500 2160 550 nram.
2204 500 2417 551 clvtm.

626 618 998 690 deratorum
1033 616 1377 690 Amen-icae
1405 633 1787 690 renuentem
1813 617 1914 690 eis
1940 616 2301 691 concedere
2327 614 2811 717 polygamiam:

632 731 1065 830 «Ecquonam
1100 730 1243 802 iure
1288 745 1560 803 senatus
1603 734 1749 826 (seu
1799 733 2196 827 conqressus)
2239 730 2541 803 Statuum
2599 731 2825 806 foede-

628 859 913 917 ratorum
965 841 1203 941 poterit
1247 842 1461 939 legem
1498 842 1669 914 ferre
1717 842 1803 916 de
1836 843 2253 916 matrimonio
2292 843 2403 937 (ad
2453 844 2825 943 impedien-

623 956 777 1029 dam
816 954 1343 1054 polygamiam)?
1376 957 1518 1028 Non
1555 971 1659 1027 est
1681 958 1986 1052 quaestio
2013 956 2268 1028 isthaec
2291 955 2669 1053 foederalis,
2705 957 2822 1031 sed

626 1071 961 1167 negotium
991 1128 1006 1156 ,
1064 1070 1240 1143 circa
1290 1069 1469 1168 quod
1520 1084 1728 1140 status
1777 1068 2058 1167 quilibet
2094 1095 2447 1168 supremus
2482 1087 2584 1144 est
2618 1097 2696 1143 ac
2730 1073 2827 1143 in-

625 1183 1132 1282 dependens...
1178 1184 1506 1268 Quoniam
1543 1182 1976 1275 Mormonitae
2012 1198 2257 1255 statum
2303 1184 2820 1269 constituerunt,

625 1299 719 1372 uti
759 1298 1044 1399 puritani
1081 1299 1302 1372 Novae
1335 1297 1643 1393 Angliae,
1688 1323 1894 1396 seque
1945 1323 2170 1393 regere
2207 1296 2437 1370 volunt
2476 1299 2667 1370 iuxta
2703 1299 2833 1371 Dei

629 1417 826 1514 leqes,
885 1440 1173 1513 quonam
1223 1414 1368 1485 iure
1415 1412 1513 1484 eis
1548 1411 1860 1508 denegari
1897 1411 2195 1510 acceptio
2231 1411 2302 1483 in
2350 1413 2664 1485 unionem
2712 1439 2827 1512 po-

626 1526 798 1602 test?
831 1530 1062 1601 Nonne
1112 1542 1176 1600 et
1227 1552 1347 1600 nos
1401 1526 1541 1599 iure
1592 1526 1870 1597 fruimur
1920 1524 2005 1597 ad
2056 1524 2649 1598 constabiliendum
2711 1552 2826 1626 po-

629 1642 1020 1741 lygamiam,
1078 1665 1211 1739 quo
1260 1638 1504 1737 gaudet
1552 1638 1889 1734 Michigan
1937 1638 2023 1711 ad
2073 1664 2217 1711 eam
2267 1638 2674 1712 vetandam?
2722 1641 2826 1711 Li-

627 1757 849 1831 bertas
897 1772 999 1830 est
1048 1782 1133 1829 ne
1181 1758 1250 1828 in
1301 1756 1601 1827 America
1652 1755 1897 1828 veritas
1950 1780 2034 1826 an
2086 1753 2314 1828 fictio?
2351 1755 2642 1829 Evidens
2686 1773 2820 1842 est,

628 1870 806 1970 quod
857 1872 916 1942 si
968 1869 1253 1969 populus
1305 1885 1517 1943 status
1568 1868 1854 1941 alicuius
1903 1867 2151 1941 bonum
2203 1869 2452 1941 iudicet
2485 1869 2828 1943 instituere

626 2002 692 2058 et
741 1985 978 2059 sectari
1017 1984 1462 2084 polygamiam
1487 2040 1502 2070 ‚
1562 1981 1746 2055 nulla
1796 1982 1865 2053 in
1899 1982 2092 2055 terris
2128 1983 2484 2057 auctoritas
2520 2009 2666 2056 eam
2712 2008 2829 2083 po-

630 2113 758 2173 test
803 2098 1098 2197 legitime
1148 2097 1490 2197 impedire.
1532 2096 1688 2170 Sola
1737 2095 1936 2169 realis
1970 2096 2331 2170 difficultas
2380 2099 2449 2169 in
2495 2097 2829 2195 discepta-

628 2215 808 2288 tione
857 2213 1249 2311 agitabitur,
1306 2240 1466 2285 num
1504 2214 1590 2299 ii,
1636 2213 1752 2312 qui
1793 2211 2082 2309 legitime
2117 2213 2450 2286 coniuncti
2488 2228 2648 2287 sunt
2679 2239 2829 2286 cum

626 2324 929 2427 pluribus
979 2328 1298 2402 uxoribus
1349 2327 1648 2400 Desereti
1690 2326 1915 2421 (locus
1968 2353 2166 2426 quem
2218 2327 2514 2401 incolunt
2548 2327 2831 2400 Mormo-

626 2443 883 2537 nitae)‚
926 2442 984 2515 si
1033 2441 1279 2516 vellent
1328 2467 1402 2516 se
1463 2441 1533 2513 in
1584 2441 1753 2515 alios
1820 2456 2032 2516 status
2097 2467 2249 2514 cum
2309 2442 2452 2514 suis
2515 2441 2830 2516 uxoribus

629 2559 927 2632 conferre
948 2616 963 2644 ,
1006 2558 1074 2629 id
1109 2555 1396 2656 possint.
1437 2557 1519 2630 At
1551 2583 1709 2631 vero
1743 2557 2234 2630 matrimonium
2275 2558 2344 2628 in
2379 2555 2662 2653 singulis
2697 2572 2831 2629 sta-

631 2673 799 2745 tibus
839 2673 1207 2767 (Americae
1257 2673 1698 2766 foederatae),
1741 2688 1845 2745 est
1903 2686 2269 2745 contractus
2328 2673 2580 2758 civilis5
2637 2697 2831 2771 porro

628 2784 857 2882 regula
905 2785 1234 2881 generalis
1283 2811 1362 2857 ea
1411 2802 1542 2871 est,
1602 2783 1779 2882 quod
1834 2784 1891 2856 si
1943 2785 2271 2858 eiusmodi
2308 2800 2682 2859 contractus
2729 2802 2833 2858 est

627 2898 890 2972 validus
943 2915 1296 2999 postquam
1351 2899 1563 2972 factus
1614 2913 1758 2983 est,
1813 2897 2046 2996 ubique
2090 2898 2271 2971 hunc
2317 2897 2623 2971 eumdem
2671 2899 2831 2971 vali·

628 3015 856 3090 ditatis
907 3015 1353 3089 characterem
1404 3040 1674 3088 servare
1724 3013 1963 3087 debeat
2004 3017 2230 3110 (37).»

774 3131 849 3201 ln
900 3129 1198 3202 admisso
1248 3129 1455 3203 semel
1502 3129 1813 3225 coniugio
1865 3154 2028 3226 pure
2076 3127 2291 3215 civili,
2350 3143 2591 3228 sponte
2623 3128 2826 3203 veluti

630 3269 753 3315 sua
801 3243 910 3315 via
959 3243 1274 3316 sternitur
1321 3244 1404 3315 ad
1441 3242 1888 3343 polygamiam
1915 3300 1930 3329 ,
1972 3243 2078 3315 sin
2116 3243 2338 3316 minus
2384 3244 2829 3317 cohonestan-

629 3357 785 3430 dam
806 3415 821 3445 ,
863 3358 1272 3431 tolerandam
1309 3358 1542 3431 saltem
1576 3358 1799 3456 quoad
1827 3384 1941 3431 eos
1963 3415 1979 3445 ,
2012 3359 2128 3457 qui
2156 3358 2336 3431 illam
2364 3386 2443 3432 ex
2478 3359 2829 3457 principiis

631 3471 937 3572 propriae
984 3471 1324 3569 religionis
1376 3487 1862 3545 consectantur.
1897 3471 2171 3544 Inducto
2221 3498 2418 3571 porro
2465 3488 2829 3571 protestan-

630 3585 830 3659 tismo
883 3585 950 3657 in
1003 3585 1371 3682 regionem,
1423 3584 1606 3657 nulla
1653 3584 1823 3682 legis
1874 3585 2095 3659 civilis
2141 3586 2414 3672 virtute,
2469 3586 2707 3685 poterit
2741 3585 2830 3660 le—

630 3698 904 3793 gislator
929 3698 1253 3797 impedire
1278 3698 1636 3797 quominus
1667 3699 1969 3798 quilibet,
1993 3715 2286 3799 spectata
2308 3701 2824 3800 protestantismi

631 3815 923 3887 essentia
974 3841 1094 3888 seu
1146 3829 1412 3899 natura,
1455 3811 1584 3886 sibi
1624 3814 2027 3912 persuadeat
2059 3842 2137 3888 ex
2170 3814 2526 3890 bibliorum
2569 3816 2828 3916 privata

633 3926 1208 4027 interpretatione,
1266 3927 1641 4028 habeatque
1691 3932 2143 4003 convictionem
2192 3956 2383 4004 suam
2433 3932 2518 4004 de
2561 3930 2829 4032 polyga-

629 4078 686 4129 ot'
699 4078 782 4128 the
799 4079 1013 4129 natione!
1036 4073 1308 4130 illustrated
1331 4076 1537 4141 librat-53
1565 4091 1656 4130 nec
1675 4091 1796 4129 non:
1822 4078 1974 4130 short
2007 4079 2212 4144 hyster-y
2229 4078 2295 4137 os
2310 4080 2395 4131 the
2410 4082 2832 4140 Mor-monitos,oe

631 4159 944 4220 Laeter-Dan
977 4160 1153 4209 saints
1171 4158 1295 4209 with
1315 4170 1387 4209 an
1404 4160 1626 4208 mount
1648 4157 1714 4220 os
1730 4159 1815 4209 the
1835 4158 1949 4209 real
1971 4161 2141 4222 ortatu
2163 4157 2229 4220 of
2248 4159 2335 4209 the
2357 4158 2479 4209 book
2497 4158 2562 4221 os
2572 4161 2824 4209 nomon.

634 4239 700 4300 By
724 4236 807 4287 the
829 4248 929 4286 rev.
948 4237 1078 4288 John
1096 4236 1220 4287 frere
1242 4237 1479 4302 Choplnin
1496 4237 1555 4287 os
1567 4238 1654 4288 the
1678 4237 1785 4287 iord
1809 4237 1985 4302 Bisbop
2003 4238 2060 4288 os
2071 4237 2275 4289 London
2304 4245 2437 4290 1850.
2462 4239 2581 4288 uem
2600 4237 2827 4288 Annales

631 4314 953 4380 celicolique-3
973 4314 1040 4365 de
1063 4315 1258 4367 Genera
1280 4323 1328 4367 s.
1352 4317 1467 4366 ttvr.
1488 4318 1630 4367 Fevr.
1654 4321 1790 4367 185⁴.
1810 4319 1903 4366 nrt.
1925 4318 2205 4367 Mon-mons.
2233 4311 2417 4366 Verum
2442 4314 2607 4367 ‹le-his
2632 4316 2824 4367 iterum.

776 4394 875 4457 (³7)
907 4394 991 4446 ct.
1015 4397 1230 4446 Univers
1262 4404 1332 4446 ιι.
1357 4395 1509 4446 Avi-it.
1538 4399 1672 4446 185⁴.
