3276 5083
601 478 740 530 cu».
767 475 855 527 IV.
882 475 963 526 lm
998 475 1235 527 Amul.
1270 475 1388 526 PRO
1423 476 1582 526 Lm:
1615 476 1697 525 ΒΕ
1730 475 1922 527 uun.
1947 474 2074 527 clv.
2103 477 2243 528 ΛΒΤ.
2277 478 2321 528 1.
2482 454 2620 526 337

405 621 624 696 neque
650 621 774 670 nos
801 597 864 669 ei
893 595 1346 669 sinceritatem
1393 594 1572 668 hanc
1613 594 1882 668 crimini
1938 595 2261 669 vertimus
2295 654 2312 682 ,
2369 622 2627 697 nosque

401 737 556 785 cum
584 709 701 784 illo
726 710 1013 784 fatemur
1047 709 1536 808 legislationem
1575 709 1976 784 catholicam
2018 735 2171 784 cum
2217 709 2333 784 tali
2383 712 2626 811 spiritu

403 825 588 899 nullo
634 826 838 900 modo
886 851 1091 925 posse
1142 825 1539 900 consistere.

545 942 667 1016 Ast
715 941 870 1041 quis
922 941 1105 1015 hunc
1155 940 1425 1014 induxit
1466 940 1781 1039 spiritum
1808 997 1825 1027 ,
1866 940 2020 1039 quis
2055 956 2429 1039 promovet,
2471 941 2628 1040 quis

400 1055 684 1130 dilatare
710 1057 932 1131 modis
957 1056 1270 1130 omnibus
1297 1052 1708 1129 connititur?
1728 1055 1780 1126 li
1810 1054 1969 1155 ipsi,
2002 1056 2118 1156 qui
2145 1082 2385 1131 novam
2413 1056 2627 1154 legem

404 1190 807 1271 proponunt.
842 1173 928 1244 Hi
966 1190 1163 1258 sunt,
1202 1172 1319 1271 qui
1354 1197 1481 1246 ova
1514 1170 1833 1259 fundunt,
1866 1172 1982 1271 qui
2008 1197 2091 1245 ea
2113 1172 2357 1260 fovent,
2398 1197 2477 1246 ac
2508 1173 2630 1248 de-

404 1311 589 1360 mum
631 1286 1016 1360 excludunt.

549 1402 841 1502 Spiritus
892 1402 1352 1501 exquisitioris
1387 1401 1628 1475 aetatis
1663 1418 1770 1475 est
1801 1403 2153 1488 relativae,
2195 1420 2260 1477 et
2294 1428 2446 1477 cum
2479 1406 2630 1503 opi-

403 1517 605 1590 nione
655 1516 925 1617 publica
965 1518 1372 1591 immutatur.
1415 1516 1609 1591 Alius
1645 1517 1773 1590 fuit
1803 1516 1916 1592 hic
1951 1518 2233 1617 spiritus
2273 1534 2492 1593 aetate
2533 1545 2632 1594 re-

400 1630 713 1705 bellionis
768 1632 1050 1730 gallicae
1098 1631 1226 1705 sub
1274 1631 1488 1732 elapsi
1543 1631 1793 1706 saeculi
1846 1633 2137 1721 exitum3
2187 1632 2362 1707 alius
2413 1635 2631 1708 extitit

404 1745 534 1819 sub
583 1747 1104 1833 restauratione,
1161 1772 1364 1846 quam
1415 1763 1705 1833 vocant;
1764 1746 1938 1820 alius
1989 1746 2258 1819 demum
2310 1747 2439 1820 sub
2489 1774 2630 1822 me-

404 1861 593 1933 dium
643 1862 1018 1962 praesentis
1068 1861 1346 1934 saeculi.
1404 1862 1699 1960 Spiritus
1725 1919 1740 1948 ,
1796 1862 1913 1960 qui
1964 1862 2180 1959 viguit
2221 1861 2488 1935 labente
2522 1888 2631 1936 su·

406 1974 654 2071 periori
704 1975 974 2048 saeculo
1008 2032 1023 2061 ,
1080 1991 1223 2047 erat
1269 1975 1794 2050 voltaerianismi
1848 1974 2126 2074 spiritus
2172 1993 2240 2048 et
2270 1976 2620 2064 atheismi;

406 2087 538 2161 sub
564 2090 1050 2162 restauratione
1083 2089 1211 2161 suit
1244 2088 1901 2175 semi-christianus3
1936 2089 2096 2162 huic
2131 2092 2460 2164 successit
2485 2092 2627 2191 spi-

402 2204 573 2277 ritus
622 2202 1150 2302 protestantismi
1206 2202 1497 2300 negativi
1522 2260 1538 2290 ,
1596 2229 1717 2276 seu
1769 2203 2238 2276 rationalismi.
2298 2204 2628 2291 Quocirca

403 2317 464 2390 si
517 2317 621 2389 lex
670 2318 1159 2392 accommodari
1201 2318 1401 2391 debet
1442 2318 1708 2418 spiritui
1753 2317 2088 2418 politioris
2137 2320 2282 2393 aevi
2318 2379 2334 2407 ‚
2388 2336 2465 2393 ut
2514 2320 2625 2394 isti

402 2431 815 2506 contendunt
846 2491 861 2520 ,
927 2460 1128 2533 quem
1180 2434 1711 2507 turbulentorum
1762 2433 2112 2507 hominum
2162 2435 2394 2534 opinio
2435 2462 2628 2536 prae-

403 2548 635 2623 valens
700 2550 981 2647 ingerit,
1039 2577 1121 2624 ea
1150 2550 1429 2624 -debuit
1464 2571 1617 2624 esse
1666 2551 1868 2624 athea
1918 2550 1988 2622 in
2050 2551 2306 2651 epocha
2354 2553 2571 2652 prima
2604 2612 2620 2635 ,

403 2666 995 2740 semi-christiana
1033 2668 1103 2739 in
1123 2667 1352 2740 :altera
1378 2726 1393 2755 ,
1428 2659 1627 2767 prout
1662 2691 1840 2740 nunc
1881 2668 2199 2767 temporis
2236 2668 2437 2742 debet
2473 2694 2627 2743 esse

402 2784 950 2881 protestantismo
1002 2785 1311 2883 neg'a'tiv'o
1350 2785 1728 2858 informata.
1780 2785 1927 2856 Huc
1978 2784 2294 2857 nimirum
2344 2785 2628 2861 tendunt

405 2899 773 2994 generatim
822 2894 1099 2973 comitia‘
1131 2900 1489 3001 subalpina
1523 2891 1597 2973 et¹
1620 2899 1880 2999 aliquot
1912 2900 2214 2997 gubernii
2262 2901 2445 2975 illius
2483 2927 2626 2975 mo-

406 3011 772 3086 deratores.
817 3015 1010 3099 Quod
1063 3017 1122 3088 si
1173 3017 1667 3115 praevaluerint
1721 3017 2013 3089 decursu
2061 3019 2379 3117 temporis
2448 3044 2626 3092 mor-

408 3127 817 3215 monismus,
872 3131 1400 3204 communismus
1443 3157 1523 3204 ac
1573 3131 2034 3217 socialismus,
2079 3147 2154 3204 ut
2190 3130 2296 3205 lex
2336 3133 2427 3206 sit
2464 3132 2625 3205 huic

405 3243 678 3339 spiritui
731 3243 1230 3316 accommodata
1270 3301 1285 3329 ,
1354 3244 1625 3318 debebit
1686 3245 2087 3343 patrocinari
2140 3245 2561 3345 polygamiae
2602 3304 2617 3332 ,

408 3357 614 3431 immo
647 3373 805 3432 vero
839 3373 905 3431 et
938 3359 1394 3434 communitati
1430 3386 1710 3434 uxorum
1738 3361 1824 3434 ad
1853 3386 2156 3434 normam
2184 3361 2617 3461 reipublicae,

408 3496 611 3570 quam
653 3472 838 3546 Plato
874 3474 1232 3548 somniavit
1276 3477 1405 3569 (4),
1436 3490 1503 3548 et
1536 3475 1630 3548 ita
1663 3500 1883 3574 porro.
1920 3475 2100 3549 Talis
2144 3493 2250 3550 est
2291 3477 2623 3576 sapientia

412 3588 881 3663 nonnullorum
931 3590 1349 3664 conditorum
1403 3591 1572 3689 legis
1625 3591 1695 3663 in
1750 3591 2151 3692 subalpirfis.

545 3800 615 3863 (4)
641 3804 767 3851 Sane
796 3802 935 3852 Plato
967 3802 1052 3852 lib.
1079 3807 1138 3854 v.
1166 3808 1242 3854 De
1274 3804 1476 3870 republ.
1501 3804 1585 3854 ubl
1609 3818 1668 3855 ex
1692 3805 1909 3869 professo
1936 3805 2031 3855 hoc
2067 3805 2130 3855 de
2167 3807 2454 3866 argumento
2491 3805 2619 3868 agit,

410 3882 546 3946 prius
569 3882 740 3932 statuit
768 3883 988 3944 generale
1011 3885 1301 3949 principium
1324 3899 1434 3949 pag.
1458 3890 1566 3937 449.
1583 3886 1788 3937 «omnia
1810 3886 2089 3936 communia
2106 3898 2213 3936 esee
2232 3887 2360 3935 inter
2386 3886 2619 3948 amieos,-

407 3960 540 4025 quod
561 3960 740 4010 deinde
757 3961 1008 4024 paullatim
1031 3965 1242 4026 evolvit,
1267 3966 1383 4015 ltine
1400 3965 1657 4016 constituit
1677 3978 1785 4028 pag.
1810 3970 1918 4016 452.

546 4042 742 4092 «Veluti
762 4043 891 4105 gregi
910 4043 1134 4094 custodes
1151 4046 1298 4107 atquc
1312 4048 1547 4108 pastores,
1560 4045 1628 4095 ita
1648 4046 1779 4094 viros
1795 4045 2080 4096 mulieribus
2102 4045 2410 4109 praelicere3»
2423 4046 2621 4097 demum

408 4137 518 4187 pag.
540 4127 648 4174 ⁴57.
673 4122 870 4173 schema
906 4123 998 4172 hoc
1037 4123 1155 4186 legis
1188 4125 1442 4188 proponit:
1470 4127 1702 4174 «Horum
1740 4125 1959 4174 virorum
1991 4137 2167 4174 uxorea
2200 4138 2370 4174 omnes
2400 4126 2621 4175 omnium

404 4216 689 4254 communes
720 4204 895 4264 sunto,
940 4203 1176 4266 nulloque
1214 4204 1442 4267 privatim
1474 4205 1562 4254 ulli
1600 4204 1944 4254 consuescltor.
1967 4207 2263 4255 communes
2295 4219 2441 4269 porro
2482 4204 2625 4255 liberi

405 4287 568 4348 sunto,
594 4298 754 4349 neque
783 4287 920 4350 pater
951 4284 1107 4333 filium
1127 4321 1140 4346 ‚
1167 4298 1323 4346 neque
1345 4283 1474 4333 lilius
1494 4287 1681 4348 patrem
1698 4285 1973 4347 agnoscito3
1989 4304 2013 4327 ιο
2027 4284 2274 4335 etiterum
2298 4285 2464 4349 paullo
2486 4286 2617 4347 post:

411 4381 437 4405 α
459 4365 755 4415 Communes
794 4377 899 4415 esse
942 4377 1145 4426 uxores,
1183 4376 1562 4426 communesque
1602 4364 1804 4413 liberos:
1851 4365 1891 4414 si
1932 4365 2081 4414 modo
2121 4365 2225 4414 lieri
2269 4364 2422 4428 possit
2445 4382 2500 4427 ς»
2520 4365 2626 4413 tum

407 4455 514 4506 pag.
541 4447 651 4495 ⁴60.
675 4465 697 4488 α
719 4445 850 4503 Quin
871 4446 920 4495 et
942 4444 1101 4495 laxior
1120 4442 1443 4494 condonanda
1462 4445 1537 4494 est
1558 4456 1673 4494 cum
1693 4442 1981 4496 mulieribus
1999 4444 2343 4509 congrediendi
2365 4444 2619 4508 licentiw

2461 4550 2529 4600 22
