3276 5083
741 444 876 500 cAr.
919 442 1013 499 ιιι.
1057 450 1135 500 ns
1178 444 1440 501 mmm
1484 450 1708 500 civms
1759 450 1938 501 isca.
1995 453 2135 502 aar.
2180 453 2264 503 iv.
2476 429 2612 501 327

405 571 656 643 stituat.
709 569 777 639 Si
831 568 1112 666 proinde
1166 568 1415 667 aliquis
1453 556 1788 665 'nuptiale
1840 567 2075 641 foedus
2137 569 2330 641 civile
2394 570 2618 642 inierit

401 709 553 758 cum
598 682 822 783 aliquo
859 669 1482 784 impedimentorum
1517 683 2018 769 canonicorum,
2060 709 2236 782 quae
2271 685 2612 759 matrimo-

403 799 589 871 nium
638 798 997 886 dirimnnt,
1053 798 1233 899 quod
1288 811 1521 898 postea
1579 798 1880 896 detegat,
1936 797 2213 872 evidens
2264 816 2402 886 est,
2460 826 2614 872 eum

404 941 534 988 non
580 940 782 1014 posse
823 916 892 986 in
943 914 1274 989 celebrato
1317 915 1633 1012 coniugio
1675 940 2095 1012 permanere,
2135 915 2337 987 etiam
2375 915 2503 988 hoc
2536 941 2616 988 ex

402 1029 656 1129 capite,
713 1030 899 1104 irrito
950 1056 1028 1103 ac
1080 1029 1286 1104 nullo.
1330 1030 1761 1128 Magistratus
1795 1055 1952 1103 vero
1976 1087 1991 1116 ,
2035 1030 2150 1129 qui
2190 1029 2275 1102 ad
2313 1055 2614 1105 normam

399 1145 568 1243 legis
628 1146 960 1219 eiusmodi
1015 1145 1563 1245 impedimentum
1622 1144 1900 1217 minime
1962 1144 2307 1233 admittit,
2378 1145 2615 1218 iterum

397 1286 549 1333 eum
599 1276 790 1358 coget
840 1259 928 1333 ad
980 1261 1218 1333 initum
1270 1260 1677 1333 servandum
1727 1259 2113 1357 coniugium
2161 1276 2393 1334 contra
2433 1261 2616 1335 eius-

395 1377 549 1449 dem
619 1377 1074 1450 conscientiae
1137 1375 1475 1449 dictamen
1495 1433 1511 1462 ,
1567 1375 1870 1474 adeoque
1932 1376 2201 1449 tandem
2267 1377 2617 1476 tyrannica

402 1489 642 1565 evadat
689 1490 795 1563 lex
846 1514 1122 1564 necesse
1170 1505 1275 1563 est
1322 1515 1483 1587 erga
1533 1491 1723 1587 ipsos
1774 1492 2118 1587 coniuges.

539 1604 822 1676 Demum
862 1604 922 1676 si
957 1604 1151 1702 quis,
1194 1629 1327 1677 non
1362 1602 1637 1702 quidem
1685 1604 1826 1676 veri
1880 1604 2286 1678 matrimonii
2339 1606 2614 1679 ineundi

400 1742 641 1804 causa,
698 1719 820 1793 sed
872 1719 1085 1793 solius
1135 1718 1461 1793 libertatis
1526 1718 2024 1818 recuperandae
2074 1744 2298 1793 amore
2345 1736 2618 1796 conten-

399 1835 588 1909 deret
637 1861 714 1908 se
764 1834 851 1908 ab
900 1834 1019 1909 illo
1070 1836 1227 1934 iugo
1277 1833 1706 1921 subtrahere,
1750 1833 1880 1908 sub
1916 1860 2050 1934 quo
2084 1861 2124 1908 a
2159 1835 2304 1909 sola
2338 1835 2484 1934 lege
2519 1838 2617 1911 ci·-

397 1950 516 2023 vili
570 1965 862 2035 tenetur,
921 1976 1126 2049 quam
1170 1950 1300 2023 scit
1340 1947 1591 2021 nullius
1644 1973 1798 2022 esse
1844 1948 2093 2023 valoris
2121 2007 2136 2035 ‚
2193 1951 2354 2038 iste,
2408 1950 2616 2026 altera

395 2078 586 2162 parte
632 2062 974 2135 obnitente
1000 2119 1015 2148 ,
1073 2061 1369 2160 profecto
1419 2062 1489 2133 id
1541 2062 1810 2135 efficere
1859 2061 2044 2136 nullo
2095 2065 2293 2137 modo
2353 2081 2604 2163 posset.

393 2178 703 2252 Insolens
754 2194 976 2251 autem
1028 2204 1163 2251 non
1212 2193 1317 2251 est
1365 2176 1676 2251 homines
1727 2179 2018 2276 reperire
2042 2237 2057 2264 ‚
2124 2180 2240 2278 qui
2305 2204 2458 2252 cum
2507 2205 2618 2253 cu-

396 2292 705 2392 piditatis
762 2308 955 2366 aestu
1007 2291 1267 2390 abrepti
1338 2290 1831 2366 inconsiderate
1896 2292 2491 2392 imprudenterque
2541 2320 2616 2367 se

397 2407 714 2505 coniugio
763 2403 1222 2505 copulaverint
1247 2464 1262 2493 ,
1305 2421 1459 2506 post
1491 2405 1768 2505 aliquod
1806 2422 2069 2506 tempus
2120 2407 2352 2506 inique
2401 2407 2618 2482 ferant

393 2522 696 2610 vincula,
748 2521 818 2594 in
860 2548 1034 2621 quae
1084 2549 1160 2596 se
1207 2522 1626 2609 iniecerunt,
1685 2538 1801 2595 aut
1849 2522 2011 2622 quia
2063 2523 2133 2595 in
2184 2522 2502 2621 coniuge,
2543 2539 2617 2597 ut

394 2636 596 2736 paulo
644 2654 801 2710 ante
849 2636 1445 2711 animadvertimus
1472 2695 1488 2724 ,
1551 2636 1872 2734 detegunt
1920 2637 2221 2712 defectus
2270 2665 2352 2711 ac
2394 2637 2560 2712 vitia
2590 2697 2606 2725 ‚

392 2778 567 2858 quae
616 2752 803 2856 ipsos
854 2753 1044 2855 prius
1096 2751 1433 2839 latebant;
1491 2770 1608 2826 aut
1654 2754 1820 2853 quia
1869 2754 2221 2852 angustias
2272 2754 2370 2827 rei
2420 2753 2615 2827 fami-

392 2867 580 2940 liaris
629 2868 1065 2967 experiuntur
1113 2869 1303 2968 prius
1353 2870 1841 2969 incompertas;
1893 2884 2008 2942 aut
2054 2868 2190 2943 alia
2241 2870 2485 2968 quavis
2528 2869 2614 2943 de

395 3005 627 3053 cansa.
670 2980 756 3053 At
787 3006 946 3054 vero
979 2984 1434 3081 quamtumvis
1492 2983 1780 3056 maxime
1822 2982 2032 3056 velint
2064 3011 2106 3057 a
2150 2983 2303 3057 ficto
2349 2983 2616 3059 vinculo

396 3118 549 3167 sese
583 3093 954 3168 dissolvere
989 3120 1067 3168 ac
1102 3097 1171 3167 in
1207 3095 1580 3171 libertatem
1616 3124 1918 3173 asserere
1941 3156 1957 3184 ,
2016 3115 2341 3196 coguntur
2393 3115 2613 3172 tamen

395 3208 583 3279 inviti
629 3206 759 3280 sub
808 3209 1003 3305 iugo,
1062 3209 1241 3307 quod
1293 3210 1708 3284 detestantur
1734 3271 1750 3298 ,
1805 3211 2049 3308 degere
2084 3238 2162 3285 ac
2194 3213 2399 3284 vitam
2445 3212 2615 3286 inse-

393 3322 589 3396 licem
628 3324 900 3397 ducere.
946 3324 1094 3410 Quo
1132 3324 1301 3396 nihil
1341 3327 1641 3424 iniquius
1666 3384 1683 3413 ‚
1726 3327 2074 3425 magisque
2116 3326 2405 3400 libertati
2457 3351 2617 3400 con-

396 3438 671 3511 trarium
708 3437 873 3535 fingi
911 3455 1168 3538 potest,
1224 3439 1480 3512 ratione
1522 3440 1758 3540 habita
1806 3440 2045 3514 ludicri
2098 3440 2281 3514 illius
2331 3465 2618 3515 consen-

397 3578 550 3640 sus,
608 3580 808 3654 quem
858 3556 925 3632 vi
979 3555 1192 3630 solius
1245 3557 1417 3655 legis
1468 3556 1688 3631 civilis
1742 3558 2240 3658 praestiterunt.

540 3671 676 3743 Nec
709 3670 904 3744 obest
939 3671 1116 3745 idem
1149 3672 1456 3747 accidere
1491 3698 1695 3772 posse
1731 3688 1884 3772 post
1917 3673 2288 3771 legitimum
2316 3672 2615 3772 nuptiale

399 3785 675 3872 foedus,
718 3787 898 3886 quod
933 3812 1157 3860 coram
1194 3787 1482 3862 ecclesia
1517 3789 1757 3862 initum
1794 3788 2015 3862 fuerit.
2059 3790 2226 3862 Nam
2271 3786 2618 3887 multiplex

396 3901 759 4001 disparitas
812 3903 1284 4003 interponitur;
1322 3907 1537 4002 primo
1590 3904 1930 4004 siquidem
1981 3905 2451 3979 contrahentes
2503 3928 2618 3975 no-

395 4033 550 4090 runt
625 4042 700 4091 se
764 4017 1058 4115 recipere
1120 4035 1607 4093 sacramentum
1650 4079 1665 4107 ‚
1733 4020 1913 4119 quod
1979 4017 2448 4094 indissolubile
2515 4036 2618 4091 est

395 4132 578 4205 iuxta
629 4132 955 4206 ecclesiae
1004 4132 1374 4207 doctrinam
1427 4160 1510 4207 ex
1558 4135 1790 4208 divina
1839 4134 2289 4222 institutione;
2331 4134 2426 4206 nil
2459 4158 2616 4207 vero

398 4246 528 4320 tale
576 4250 644 4321 in
691 4248 1003 4345 coniugio
1052 4274 1232 4322 mere
1282 4248 1461 4322 civili
1511 4251 1881 4348 reperitur,
1937 4252 2071 4325 imo
2122 4250 2328 4351 probe
2374 4264 2615 4323 norunt

400 4360 786 4439 huiusmodi
831 4379 1243 4440 contractum
1286 4391 1367 4438 ex
1404 4365 1708 4439 eiusdem
1761 4365 2086 4440 ecclesiae
2129 4366 2430 4442 doctrina
2466 4364 2614 4437 nul-
