3276 5083
825 470 964 519 cu.
996 470 1042 519 ι.
1075 469 1155 518 na
1191 468 1453 519 utrm.
1499 467 1726 517 civius
1760 466 2031 518 mrum.
2076 468 2216 516 Aur.
2251 467 2321 516 ιι.
2552 444 2688 514 21⁹

457 614 637 690 quae
685 613 763 661 se
812 586 1030 660 locum
1084 585 1385 659 obtinere
1434 584 1781 658 contendit
1830 583 2247 658 auctoritatis
2282 581 2587 671 divinae,
2626 584 2697 657 id

458 703 728 778 efficere
752 758 768 789 ,
825 700 1007 801 quod
1057 727 1137 773 ex
1190 698 1537 773 hominum
1606 699 1984 799 pervicacia
2034 725 2235 796 aegre
2290 698 2546 773 obtinet
2590 696 2700 774 vel

461 820 617 918 ipsa
665 817 1029 891 auctoritas
1064 814 1318 888 divina.
1363 813 1700 888 Omnibus
1750 815 1956 912 igitur
2005 813 2387 914 perpensis,
2444 816 2703 914 perspi-

460 959 660 1006 cuum
700 949 804 1006 est
837 932 1109 1005 unicum
1163 930 1453 1003 solidum
1507 928 2043 1017 fundamentum,
2084 930 2190 1003 cui
2231 929 2427 1002 inniti
2478 929 2703 1005 valeat

463 1046 872 1147 perpetuitas
933 1043 1554 1117 indissolubilitatis
1624 1044 1957 1142 coniugii,
2015 1070 2169 1118 esse
2228 1044 2623 1141 religionem
2677 1103 2692 1131 ‚

463 1186 706 1259 nempe
739 1159 1095 1233 ecclesiam
1129 1156 1525 1232 catholicam
1551 1214 1566 1244 ‚
1619 1183 1796 1257 quae
1824 1157 1882 1230 si
1911 1158 2125 1243 desit,
2167 1157 2338 1229 nibil
2375 1174 2483 1231 est
2514 1158 2695 1257 quod

465 1276 861 1350 tantundem
909 1274 1136 1348 valere
1185 1274 1424 1374 possit.

609 1391 708 1463 Ne
740 1414 900 1463 vero
946 1388 1300 1462 videamur
1347 1386 1628 1462 theoriis
1683 1405 1937 1463 tantum
1990 1406 2194 1489 atque
2231 1388 2701 1490 speculationi·

467 1505 597 1577 bus
647 1504 843 1578 inniti
870 1561 888 1591 ‚
943 1503 1234 1605 publicis
1287 1504 1715 1603 potissimum
1764 1530 1844 1576 ac
1895 1505 2175 1579 notoriis
2228 1503 2419 1578 factis
2455 1562 2469 1591 ,
2498 1528 2702 1604 -quae

465 1618 795 1705 diximus,
851 1619 1368 1704 confirmamus;
1420 1645 1500 1692 ac
1541 1644 1628 1691 ne
1671 1619 1936 1692 illorum
1986 1620 2415 1693 multitudine
2465 1619 2702 1693 obrua-

466 1761 618 1806 mur
640 1793 656 1821 ‚
714 1732 1048 1808 nonnulla¹
1068 1760 1149 1808 ex
1184 1733 1667 1807 recentioribus
1717 1735 2111 1833 praesertim
2162 1733 2703 1808 commemorabi-

467 1875 645 1935 muS,
702 1875 878 1948 quae
923 1876 1006 1922 ex
1053 1848 1235 1922 civili
1282 1848 1594 1945 coniugio
1652 1848 2040 1922 immediate
2088 1848 2462 1921 dimanant.
2522 1848 2704 1922 Haec

470 1979 691 2035 autem
744 1979 1048 2061 petemus
1098 1989 1179 2035 ex
1229 1963 1585 2036 Germania
1607 2020 1623 2050 ‚
1674 1989 1756 2037 ex
1797 1963 2107 2037 America
2156 1963 2697 2063 septentrionali,

469 2077 763 2177 aliisque
813 2077 1228 2175 regionibus,
1268 2079 1339 2150 in
1388 2077 1638 2178 quibus
1699 2079 2039 2178 praevalet
2089 2078 2697 2178 protestantismus.

617 2190 831 2262 Simul
879 2191 1059 2263 enim
1093 2217 1176 2263 ac
1216 2207 1691 2290 protestantes,
1729 2219 2016 2267 excussa
2049 2193 2374 2267 ecclesiae
2419 2192 2708 2266 auctori-

472 2319 604 2376 tate
629 2361 645 2391 ,
703 2304 792 2377 ab
841 2331 923 2377 ea
971 2304 1443 2396 subtraxerunt
1489 2308 1879 2405 coniugium
1906 2367 1921 2397 ‚
1977 2308 2282 2409 illudque
2313 2306 2402 2382 ad
2439 2307 2705 2383 civilem

471 2419 930 2493 auctoritatem
979 2420 1498 2509 transtulerunt,
1546 2419 1728 2496 illico
1776 2423 2031 2496 aditum
2074 2423 2160 2495 ad
2211 2422 2495 2496 divortia
2546 2447 2707 2521 ape-

472 2552 770 2608 ruerunt.
829 2535 932 2609 Ab
995 2536 1185 2610 initio
1246 2536 1522 2637 quidem
1571 2538 1744 2613 duas
1807 2556 2061 2613 tantum
2127 2539 2393 2614 divortii
2461 2563 2706 2613 causas

469 2649 907 2746 assignarunt
931 2709 947 2737 ‚
991 2651 1246 2726 scilicet
1288 2651 1693 2726 adulterium
1729 2671 1795 2727 et
1831 2655 2209 2729 affectatam
2244 2655 2552 2752 coniugis
2586 2654 2708 2726 ab·

470 2765 800 2852 sentiam;
846 2766 1091 2839 deinde
1122 2792 1282 2840 vero
1314 2768 1451 2842 buc
1485 2768 1656 2841 alias
1694 2769 1920 2870 plures
1967 2795 2214 2844 causas
2265 2786 2697 2854 revocarunt3

472 2878 789 2951 nimirum
841 2881 1256 2979 interpretati
1307 2900 1467 2956 sunt
1515 2883 1908 2958 huiusmodi
1958 2911 2203 2960 causas
2237 2885 2323 2959 ad
2358 2911 2513 2959 eum
2563 2910 2708 2960 mo—

473 2991 663 3080 dum,
705 3019 840 3092 quo
889 2995 1411 3095 interpretantur
1449 2997 1703 3086 Biblia‚
1761 3017 1834 3073 ut
1879 3025 1960 3073 ea
2011 3000 2097 3073 ad
2151 3001 2218 3072 id
2270 2998 2699 3100 pertrahant,

472 3105 656 3204 quod
709 3107 795 3181 iis
847 3111 1065 3208 magis
1116 3111 1388 3187 arridet.
1434 3113 1610 3187 Hinc
1646 3114 1731 3186 ad
1769 3141 2045 3189 causam
2098 3116 2409 3189 adulterii
2464 3114 2709 3188 retule—

476 3236 632 3292 runt
665 3241 936 3321 peccata
969 3226 1194 3299 omnia
1234 3225 1531 3300 carnalia
1566 3245 1797 3302 contra
1841 3247 2179 3317 naturam;
2213 3231 2297 3303 ad
2327 3231 2704 3302 affectatam

475 3350 699 3407 autem
723 3335 1097 3411 absentiam
1133 3359 1530 3415 revocarunt
1561 3363 1699 3417 non
1729 3345 1928 3418 modo
1964 3345 2249 3418 insidias
2282 3359 2513 3419 contra
2547 3366 2707 3417 con-

475 3450 652 3546 iugis
696 3451 933 3539 vitam,
985 3479 1215 3527 verum
1250 3456 1454 3528 etiam
1496 3458 1879 3532 molitiones
1930 3484 2165 3533 omnes
2216 3460 2541 3533 adversus
2592 3458 2710 3530 bo-

474 3590 702 3638 norem
738 3584 806 3640 et
845 3569 1228 3657 facultates,
1289 3573 1642 3646 saevitiam
1695 3575 1851 3646 item
1901 3573 2276 3674 duramque
2327 3572 2569 3672 agend-i
2607 3599 2707 3666 ra-
2782 3621 2789 3627 -

475 3679 720 3753 tionem
756 3739 773 3769 ‚
828 3685 1240 3760 aversionem
1288 3687 1496 3760 animi
1547 3690 2277 3787 (incompatibilitatem
2311 3692 2600 3784 vocant)
2641 3704 2710 3761 et

467 3796 803 3893 querelas.
865 3799 949 3872 Et
996 3799 1162 3873 haec
1213 3802 1486 3902 quidem
1542 3805 1868 3903 quamdiu
1921 3804 2149 3878 titulos
2194 3797 2551 3890 servarunt
2596 3829 2707 3904 ca-

467 3914 730 3984 ueniens
779 3929 847 3985 et
894 3917 1298 4012 evanqelicos
1333 3917 1420 3990 ab
1457 3918 1628 4016 ipsis
1680 3937 2141 4019 nuncupatos,
2182 3936 2250 3994 et
2280 3919 2370 3993 ab
2405 3919 2708 4020 antiquis

465 4027 1014 4101 reformatoribus
1066 4034 1486 4105 constitutos.
1524 4035 1885 4133 Postquam
1921 4061 2078 4109 vero
2115 4036 2704 4135 protestantismus

469 4166 662 4214 suam
713 4168 979 4216 omnem
1033 4144 1504 4244 perfectionem
1535 4175 1657 4222 seu
1684 4147 2129 4225 evolutionem
2180 4150 2546 4250 acquisivit
2578 4176 2706 4248 ope

471 4255 909 4329 rationalismi
940 4315 955 4344 ‚
1031 4259 1284 4332 nullum
1346 4263 1641 4362 amplius
1701 4282 2054 4338 servarunt
2103 4265 2372 4340 modum
2439 4268 2585 4363 (20)
2641 4279 2707 4335 et

611 4425 715 4487 (²0)
746 4429 1135 4480 protestantium
1171 4431 1389 4482 evolutio
1428 4433 1529 4484 dict
1560 4435 1706 4485 debet
1740 4437 2003 4500 praecipua
2042 4437 2169 4488 ntlo
2204 4440 2281 4487 tot
2319 4434 2699 4486 dissolutionum
