3276 5083
687 471 824 520 cn.
859 469 930 518 ιι.
965 469 1044 517 ns
1079 467 1268 519 nra.
1302 466 1428 516 mv.
1464 466 1631 517 ome.
1667 467 1743 516 st
1780 466 2001 517 moon.
2037 467 2177 517 uir.
2214 468 2261 517 1.
2455 445 2592 516 26⁸1

398 586 579 660 Nihil
630 585 832 683 igitur
881 609 1230 657 commune
1296 581 1496 654 habet
1554 583 1830 656 istorum
1898 582 2376 655 haereticorum
2444 608 2598 656 sen-

399 701 605 777 tiendi
650 701 817 773 ratio
856 725 1008 773 cum
1048 724 1151 784 eo,
1183 698 1269 769 de
1292 723 1427 794 quo
1459 697 1718 794 agimus
1754 713 2143 794 argumento
2164 754 2179 785 ,
2221 723 2344 770 nec
2377 696 2597 772 ideam

398 818 696 913 ingerere
746 828 1100 914 potuerunt
1147 811 1232 884 de
1281 811 1615 885 connubio
1664 837 1846 885 mere
1895 811 2110 898 civili,
2160 812 2324 910 quin
2375 812 2599 909 potius

398 931 578 1004 istud
628 931 916 1002 maxime
957 954 1037 1000 ex
1088 928 1231 1000 suis
1282 925 1632 1025 principiis
1686 926 1973 997 aversati
2019 925 2327 999 fuissent.

541 1043 1031 1118 Concludamus
1077 1041 1278 1137 igitur
1321 1066 1593 1114 necesse
1642 1056 1743 1112 est
1795 1066 1874 1112 ex
1916 1039 2241 1114 hactenus
2284 1041 2598 1141 expensis

396 1162 466 1232 in
509 1159 902 1258 antiquitate
936 1157 1079 1229 sive
1111 1156 1565 1230 ecclesiastica
1595 1156 1739 1230 sive
1779 1155 2055 1255 profana
2081 1155 2395 1254 coniugia
2419 1182 2601 1230 mere

397 1274 618 1348 civilia
672 1275 900 1370 ignota
950 1271 1150 1370 plane
1192 1271 1426 1344 fuisse.

1236 1502 1652 1561 ARTICULUS
1692 1503 1765 1558 11.

695 1676 890 1735 Prima
928 1678 1091 1753 origo
1132 1674 1487 1734 Matrimonii
1525 1674 1715 1733 civilis
1748 1675 1898 1732 inter
1940 1673 2287 1733 christianos

938 1830 955 1843 ,
973 1791 1009 1832 a
1048 1774 1517 1848 protestantismo
1554 1769 1859 1847 repetenda
1900 1777 2006 1831 ωε.

543 1966 885 2038 Pessimus
934 1964 1211 2036 effectus
1254 1962 1385 2034 nisi
1425 1989 1466 2034 a
1504 1962 1802 2062 pessima
1850 1987 2056 2035 causa
2106 1961 2453 2061 provenire
2495 1989 2606 2063 po-

392 2097 554 2165 test3
611 2106 766 2151 nam
818 2079 890 2150 in
940 2106 1064 2152 sua
1114 2103 1320 2151 causa
1369 2078 1643 2151 effectus
1694 2078 2015 2150 contineri
2059 2077 2279 2152 debet.
2322 2080 2602 2151 Pravum

393 2209 614 2266 autem
665 2218 816 2264 esse
867 2188 1250 2286 coniugium
1299 2216 1479 2263 mere
1529 2189 1722 2263 civile
1772 2205 1923 2290 post
1971 2216 2084 2277 ea,
2141 2216 2315 2289 quae
2367 2191 2434 2261 in
2484 2217 2602 2263 su-

394 2308 640 2408 periori
692 2306 909 2404 capite
958 2305 1374 2378 ostendimus
1401 2363 1417 2393 ,
1470 2331 1679 2378 sanus
1730 2306 2020 2404 quisque
2054 2304 2398 2392 fatebitur;
2442 2330 2610 2404 qua-n

392 2417 664 2521 propter
710 2447 842 2495 non
885 2419 1157 2493 aliunde
1199 2447 1402 2519 quam
1428 2446 1468 2492 a
1495 2446 1700 2519 prava
1747 2446 1953 2493 causa
2002 2421 2325 2517 originem
2359 2421 2608 2493 ducere

391 2539 627 2638 potuit.
692 2538 790 2610 Ea
839 2563 1035 2636 porro
1100 2554 1204 2609 est
1268 2536 1878 2635 protestantismus.
1938 2536 2265 2609 Nimirum
2325 2535 2608 2634 pseudo—

393 2653 697 2753 politici,
756 2652 871 2751 qui
936 2651 1108 2724 inter
1156 2650 1519 2725 catholicos
1568 2650 1971 2724 matrimonii
2023 2649 2238 2723 civilis
2301 2665 2606 2724 auctores

390 2786 586 2855 sunt,
642 2768 796 2841 licet
846 2793 921 2840 se
970 2793 1045 2839 se
1094 2766 1456 2840 catholicos
1510 2766 1946 2865 profiteantur
1977 2823 1992 2852 ,
2053 2766 2230 2839 hanc
2279 2766 2606 2839 theoriam

391 2908 430 2955 e
479 2882 984 2980 protestantium
1035 2882 1336 2954 doctrina
1385 2881 1727 2967 derivant,
1785 2880 1968 2979 quod
2018 2880 2291 2978 quidem
2340 2881 2609 2954 demon·

398 2996 764 3069 strabimus
806 3022 887 3068 ex
928 2996 1097 3094 ipsis
1133 2994 1658 3095 protestantismi
1703 2996 1881 3068 circa
1926 2996 2417 3069 matrimonium
2469 3011 2606 3067 tum

404 3109 670 3208 placitis
696 3167 710 3194 ‚
762 3125 902 3182 tum
944 3112 1177 3210 praxi,
1223 3127 1363 3182 tum
1407 3110 1702 3208 denique
1754 3136 1834 3182 ex
1883 3135 2001 3194 ec,
2052 3109 2268 3208 quod,
2316 3110 2433 3207 qui
2470 3135 2611 3181 ma-

397 3225 704 3297 trimonio
740 3227 967 3296 favent
1001 3223 1218 3310 civili,
1262 3224 1463 3297 iidem
1489 3240 1554 3297 et
1581 3224 2123 3323 protestantismo
2147 3238 2222 3295 ut
2247 3222 2609 3322 plurimum

396 3338 616 3409 favere
667 3337 949 3411 soleant.

541 3451 970 3550 Exploratum
1016 3467 1158 3538 est,
1198 3467 1274 3524 ut
1308 3478 1348 3525 a
1382 3452 1677 3524 doctrina
1729 3452 1990 3525 initium
2047 3451 2372 3524 faciamus
2397 3506 2412 3536 ‚
2456 3474 2610 3547 pro-

399 3580 751 3653 testantes,
806 3567 1092 3640 Luthero
1148 3568 1319 3641 duce
1353 3625 1368 3654 ,
1425 3585 1658 3641 contra
1710 3567 2132 3666 superiorum
2190 3563 2610 3639 saeculorum

398 3681 855 3753 firmissimam
908 3681 1150 3769 fidem,
1210 3684 1344 3755 imo
1397 3699 1462 3755 et
1510 3699 1741 3756 contra
1790 3682 2274 3781 professionem
2323 3679 2612 3751 haereti-

393 3822 622 3869 corum
648 3851 664 3878 ‚
706 3794 824 3892 qui
867 3796 1420 3892 praecedentibus
1471 3796 1800 3869 aetatibus
1844 3794 2195 3868 ecclesiam
2233 3793 2607 3879 turbarunt,

396 3911 653 4009 primos
688 3908 991 3981 extitisse
1018 3967 1033 3994 ,
1076 3911 1195 4009 qui
1229 3911 1479 3983 directe
1514 3910 1795 3983 inficiati
1831 3910 2078 3981 suerint
2117 3906 2614 3980 matrimonium

394 4050 549 4099 esse
598 4051 753 4098 vere
802 4039 865 4095 et
917 4026 1185 4123 proprie
1227 4053 1437 4098 unum
1489 4051 1568 4096 ex
1619 4041 1875 4124 septem
1927 4021 2331 4120 evangelicis
2385 4047 2615 4095 sacra-

378 4139 638 4212 ¹mentis
674 4166 717 4211 a
752 4137 1021 4212 Christo
1070 4139 1352 4213 Domino
1404 4139 1727 4213 institutis
1770 4141 1946 4233 (2⁰).
1984 4137 2204 4224 Quum
2238 4152 2461 4211 autem
2494 4136 2615 4209 de-

399 4403 419 4448 t
537 4324 639 4452 (ἷζε)
669 4324 748 4376 ct.
772 4326 974 4378 Booeuct
1006 4327 1236 4377 Histoire
1254 4324 1344 4376 des
1363 4323 2107 4387 vanaewnsliv.xl.§.1o7.et
2125 4324 2170 4388 5.
2191 4320 2615 4387 18².opp.ed.cit.

418 4412 519 4450 om.
643 4441 653 4452 .
