3276 5083
2443 443 2578 512 287

1222 585 1549 645 (ml-111·
1590 585 1754 642 111.

966 781 1042 828 ΗΒ
1094 781 1464 831 ΗΔΊἪῙΗΟΝΠ
1516 781 1740 830 clv1Lls
1791 780 1970 829 utos.

1260 958 1675 1015 ARTICULUS
1716 959 1758 1012 1.

408 1114 529 1173 Lex
557 1113 914 1172 Matrimonii
939 1112 1127 1171 civilis
1152 1112 1306 1171 inter
1327 1111 1643 1170 catholicos
1666 1127 1703 1170 a
1727 1110 2054 1170 christianis
2081 1108 2567 1186 pseudo-politicis

791 1210 1086 1285 proposita
1125 1207 1649 1284 antiphilosophica
1688 1213 1775 1268 est
1814 1214 1870 1266 et
1906 1208 2124 1281 iniqua.

533 1385 868 1456 Hactenus
922 1381 1415 1454 matrimonium
1455 1382 1653 1454 civile
1702 1384 1770 1452 in
1821 1379 1967 1453 eius
2016 1380 2276 1477 origine
2325 1396 2391 1454 et
2438 1406 2587 1478 pro-

387 1522 648 1594 gressu,
707 1496 775 1567 in
825 1496 1051 1596 pravis
1104 1492 1488 1579 effectibus,
1531 1511 1732 1592 atque
1764 1494 1834 1564 in
1871 1493 2108 1566 intima
2155 1493 2303 1566 eius
2353 1509 2589 1567 natura

387 1612 838 1709 spectavimus
865 1610 991 1683 sub
1016 1607 1371 1707 multiplici
1406 1624 1707 1706 aspectu,
1741 1605 2209 1706 philosophico
2245 1607 2585 1693 nimirum,

386 1725 788 1822 theologico,
847 1725 1169 1798 canonico
1195 1782 1210 1811 ,
1266 1723 1590 1797 historico
1620 1781 1636 1810 ‚
1694 1721 1927 1795 sociali
1977 1720 2177 1794 etiam
2223 1738 2428 1821 atque
2476 1749 2589 1820 po-

387 1838 602 1913 litico:
661 1866 838 1912 nunc
885 1841 1161 1940 propius
1211 1839 1544 1936 agendum
1580 1853 1682 1911 est
1717 1837 1800 1908 de
1836 1837 1985 1935 ipsa
2021 1837 2181 1933 leqe,
2226 1862 2401 1934 quae
2448 1863 2591 1910 ma-

387 1953 769 2025 trimonium
819 1951 1015 2024 civile
1057 1952 1276 2024 sancit
1316 1952 1385 2022 in
1428 1950 1812 2047 regionibus
1848 1950 2048 2022 etiam
2084 1948 2585 2037 catholicorum,

386 2062 500 2135 ubi
552 2063 983 2136 tridentinum
1032 2060 1443 2162 publicatum
1493 2079 1618 2136 est.

532 2175 920 2276 Optandum
972 2203 1136 2249 sane
1184 2194 1363 2251 esset
1396 2235 1411 2263 ,
1466 2193 1539 2249 ut
1594 2177 1984 2250 huiusmodi
2034 2177 2142 2249 lex
2191 2174 2448 2249 nullum
2482 2202 2592 2249 ca-

391 2290 788 2364 tholicorum
848 2291 1149 2365 codicum
1218 2292 1519 2365 inficeret
1565 2318 1645 2365 ac
1692 2292 2106 2390 deturparet,
2162 2291 2592 2390 quemadmo-

389 2406 550 2479 dum
601 2431 829 2479 revera
879 2406 1134 2506 aliquot
1171 2406 1383 2479 inficit
1425 2432 1504 2479 ac
1536 2407 1869 2503 deturpat.
1904 2408 1978 2479 ln
2005 2406 2268 2493 Galliis,
2306 2421 2380 2478 ut
2422 2405 2594 2478 dixi-

388 2548 538 2595 mus
558 2579 575 2610 ,
618 2538 976 2622 postquam
1021 2521 1341 2596 sanctitas
1390 2520 1791 2596 matrimonii
1838 2521 1964 2595 sub
1998 2520 2325 2595 libertatis
2359 2519 2595 2595 arbore

389 2636 579 2711 foede
627 2637 755 2710 fuit
800 2638 1183 2737 profanata,
1224 2638 1719 2711 matrimonium
1754 2637 1948 2711 civile
1983 2653 2320 2736 tamquam
2368 2636 2593 2711 minus

387 2752 636 2826 malum
658 2811 674 2840 ,
715 2769 783 2826 at
814 2769 991 2828 certe
1034 2754 1505 2852 gravissimum
1556 2752 1869 2839 invaluit,
1926 2777 2006 2824 ac
2054 2753 2203 2850 lege
2252 2752 2386 2826 lata
2434 2778 2594 2828 cau—

389 2882 528 2940 tum
562 2882 665 2940 est
685 2924 701 2953 ,
734 2883 809 2939 ut
839 2867 1020 2966 quod
1056 2868 1291 2940 attinet
1322 2867 1407 2940 ad
1444 2865 1677 2940 civiles
1712 2866 1987 2939 effectus
2037 2865 2221 2939 nulla
2271 2867 2438 2940 ratio
2471 2867 2596 2941 ba·

390 2978 626 3051 beatur
665 2980 935 3053 illarum
971 2982 1349 3080 nuptiarum
1379 3038 1395 3070 ,
1436 3007 1611 3081 quae
1634 2982 1722 3054 ad
1749 2981 2028 3054 formam
2064 2981 2405 3054 tridentini
2443 3007 2595 3056 con-

393 3091 529 3167 cilii
556 3094 625 3164 in
651 3094 819 3167 facie
852 3095 1178 3169 ecclesiae
1214 3111 1462 3168 tantum
1497 3098 1700 3169 initae
1734 3096 1980 3168 fuerint
2003 3153 2017 3182 ,
2053 3113 2120 3168 at
2144 3096 2296 3167 iniri
2323 3097 2594 3170 omnino

390 3209 676 3283 debeant
723 3235 946 3283 coram
982 3210 1160 3284 civili
1207 3212 1619 3308 magistratu.
1665 3211 1857 3297 Quod
1892 3211 2164 3310 quidem
2203 3211 2260 3284 si
2299 3212 2446 3298 fiat,
2483 3212 2595 3285 'lex

394 3323 665 3396 minime
713 3325 1179 3399 contrahentes
1240 3327 1418 3422 cogit
1468 3343 1541 3398 ut
1589 3326 2080 3400 matrimonium
2132 3326 2201 3397 in
2252 3326 2422 3399 facie
2484 3352 2592 3399 ec-

392 3437 634 3511 clesiae
699 3439 1067 3526 celebrent3
1124 3456 1231 3513 ast
1280 3441 1472 3514 civile
1522 3440 1905 3537 coniugium
1974 3440 2426 3513 necessarium
2493 3455 2596 3512 est

392 3566 457 3624 et
503 3550 872 3624 sufficiens.
927 3553 1098 3625 Hinc
1146 3580 1281 3627 non
1333 3554 1527 3653 pauci
1592 3554 1891 3652 perditae
1957 3554 2403 3627 conscientiae
2467 3553 2593 3625 viri

391 3689 468 3736 ac
518 3664 829 3737 mulieres
876 3667 1162 3740 contenti
1206 3693 1578 3741 consensus
1630 3667 1762 3740 sibi
1816 3666 2096 3739 invicem
2145 3664 2447 3766 praestiti
2483 3691 2594 3740 oo·

393 3804 534 3850 ram
584 3778 769 3850 civili
819 3780 1246 3877 magistratu,
1304 3781 1450 3879 lege
1501 3781 1760 3854 suffulti
1789 3839 1803 3867 ‚
1855 3781 2130 3879 perinde
2165 3807 2241 3854 ac
2276 3782 2336 3854 si
2368 3807 2595 3854 verum

391 3893 883 3968 matrimonium
907 3899 1418 3985 contraxissent,
1452 3896 1654 3970 simul
1681 3896 2089 3981 cohabitant,
2122 3896 2307 3970 obliti
2334 3896 2597 3969 animae

393 4035 470 4082 ac
496 4008 756 4082 salutis.
792 4009 889 4080 Ex
924 4009 1128 4083 Gallis
1164 4012 1231 4084 in
1259 4011 1557 4110 Belgium
1584 4011 1784 4084 etiam
1811 4027 1945 4084 tam
1975 4010 2350 4110 perniciosa
2385 4013 2594 4111 pestis

393 4139 500 4198 est
531 4141 923 4223 propagata.

534 4237 794 4312 Alicubi
823 4239 1103 4338 spiritus
1130 4239 1510 4314 rebellionis
1537 4257 1603 4314 et
1625 4240 2179 4341 independentiae
2204 4241 2290 4312 ab
2313 4240 2599 4314 ecclesia

396 4351 653 4427 similes
704 4354 885 4453 leges
938 4355 1235 4443 induxit3
1294 4357 1657 4433 novissime
1692 4356 1760 4428 in
1795 4355 2138 4454 republica
2187 4357 2598 4453 Neo-grana-
