3276 5083
623 388 764 459 264
1013 410 1136 460 un.
1179 410 1224 458 1.
1265 409 1438 459 sacr.
1481 409 1741 458 Atreu.
1769 409 1848 458 ns
1886 408 2147 460 nram.
2179 408 2392 459 crvm.

614 528 832 603 venali
890 530 1066 623 (11).
1125 528 1231 599 Dii
1281 527 1758 601 invocabantur
1799 531 1846 613 ,’
1880 528 1997 626 qui
2057 528 2311 626 nuptiis
2369 525 2819 602 censebantur

619 627 928 744 praeesse
959 645 1134 738 (12).
1167 642 1499 716 Arnobius
1536 643 1841 715 meminit
1879 642 2301 727 maritorum,
2346 643 2464 742 qui
2499 659 2566 714 et
2599 644 2827 716 Fortu-

619 785 744 833 nae
773 756 1124 855 virginalis
1151 756 1236 828 ad
1262 783 1457 855 opem
1483 755 1979 853 confugiebant,
2001 756 2160 828 dum
2191 756 2293 828 sic
2315 756 2619 830 ethnicos
2645 782 2828 830 com-

617 870 856 969 pellat:
909 899 944 940 ‹ae
976 870 1140 942 Cum
1193 869 1262 940 in
1314 868 1809 942 matrimonium
1857 868 2223 941 convenitis
2251 904 2277 953 ‚¹
2324 883 2478 964 toga
2526 869 2826 942 sternitis

572 1003 576 1007 ·
616 984 892 1059 lectulos
912 1042 928 1072 ,
958 1002 1026 1058 et
1049 984 1434 1057 maritorum
1460 984 1696 1080 genios
1722 981 2107 1056 advocatis?
2133 981 2536 1056 Nubentium
2572 982 2826 1056 crinem

616 1097 932 1172 caelibari
983 1098 1176 1169 hasta
1218 1094 1572 1169 mulcetis?
1607 1095 1984 1168 Puellarum
2021 1095 2282 1192 togulas
2318 1097 2670 1169 Fortunam
2706 1096 2825 1169 de-

618 1211 802 1286 fertis
837 1212 925 1284 ad
963 1209 1356 1308 virginalem
1391 1208 1621 1306 (13)?»
1672 1209 1902 1283 Fiebat
1945 1225 2290 1308 praeterea
2337 1210 2830 1284 matrimonium

621 1328 1131 1425 conformatione
1158 1324 1354 1398 certis
1380 1323 1601 1396 verbis
1627 1322 1950 1396 adhibitis
1968 1380 1984 1410 ,
2016 1323 2300 1397 testibus
2335 1323 2824 1422 praesentibus,

617 1439 1033 1539 solemnique
1073 1438 1438 1524 sacrificio,
1482 1438 1553 1509 in
1589 1463 1723 1537 quo
1759 1436 1931 1510 farre
1963 1438 2355 1523 utebantur,
2403 1463 2626 1512 coram
2660 1466 2827 1538 pon-

616 1553 795 1626 tifice
852 1567 1115 1651 peracto
1149 1609 1166 1639 ,
1224 1551 1464 1625 mulier
1511 1551 1581 1622 in
1632 1577 1902 1623 manum
1962 1551 2086 1623 viri
2145 1552 2582 1626 conveniebat
2636 1556 2811 1649 (11).

615 1666 865 1741 Omitto
917 1667 1083 1739 ritus
1133 1665 1665 1764 quamplurimos
1710 1665 1795 1738 de
1844 1665 2143 1752 coronis,
2201 1667 2545 1754 flammeo,
2604 1694 2808 1755 zona,

613 1780 808 1854 taeda
859 1781 1057 1878 pinea
1103 1795 1229 1853 etc.
1273 1806 1442 1878 quos
1493 1780 1641 1853 fuse
1692 1795 2182 1881 persequuntur
2227 1781 2345 1879 qui
2386 1781 2471 1854 de
2514 1782 2824 1881 antiquo-

612 1922 758 1970 rum
792 1895 1089 1982 moribus
1126 1921 1207 1967 ac
1241 1895 1480 1966 ritibus
1517 1894 1674 1967 data
1707 1920 1911 1994 opera
1945 1896 2358 1994 scripserunt
2387 1899 2563 1991 (15).
2598 1898 2814 1972 Unum

613 2010 844 2083 adhuc
884 2010 1129 2083 adnoto
1180 2008 1515 2082 coronidis
1564 2009 1812 2106 gratia,
1855 2009 2022 2083 adeo
2057 2009 2311 2083 scilicet
2355 2011 2825 2110 receptumfu—

614 2124 751 2197 isse
799 2122 976 2223 apud
1027 2139 1281 2196 veteres
1304 2179 1319 2209 ‚
1375 2121 1555 2221 quod
1606 2122 1840 2219 religio
1888 2122 2159 2198 deberet
2202 2125 2460 2223 nuptiis
2510 2125 2822 2221 coniungi

614 2240 753 2337 quo
801 2263 1032 2311 sacrae
1081 2253 1339 2323 essent,
1382 2252 1455 2309 ut
1485 2237 1597 2309 vix
1632 2237 2124 2311 celebrarentur
2172 2238 2485 2336 coniugia
2533 2239 2699 2338 quin
2733 2239 2824 2312 lo-

614 2377 766 2426 cum
806 2378 1072 2426 sacrum
1106 2352 1367 2424 adirent
1392 2351 1475 2424 ad
1503 2351 1910 2450 exploranda
1943 2353 2249 2450 auguria.
2285 2352 2506 2437 Quare
2539 2352 2822 2451 loquens

749 2573 849 2636 (11)
880 2575 986 2623 Inv.
1011 2575 1182 2636 Satyra
1202 2576 1262 2623 Χ.
1286 2587 1334 2622 v.
1356 2580 1567 2623 3304138.
1598 2572 1763 2622 collat.
1797 2571 1966 2621 Tacito
1997 2572 2170 2621 Annal.
2189 2574 2271 2620 x1.
2299 2575 2376 2621 27.
2402 2571 2563 2633 agitur
2585 2571 2716 2620 enim
2751 2573 2819 2621 ibi

607 2650 669 2701 de
697 2651 946 2701 solemniis
980 2652 1262 2715 nuptiarum
1281 2652 1566 2701 Messalinae
1590 2654 1641 2700 et
1674 2650 1800 2700 Silii
1826 2650 1971 2699 Plura
1992 2650 2088 2699 alia
2112 2650 2232 2699 vide
2260 2649 2389 2711 apud
2422 2648 2722 2699 Brissonium
2744 2651 2820 2699 De

607 2732 723 2779 ture
742 2731 1052 2791 nuptiarum
1073 2730 1124 2778 in
1148 2729 1410 2780 Thesauro
1427 2729 1623 2778 Graevii
1641 2732 1761 2780 tom.
1786 2730 1920 2779 vm.

754 2807 853 2868 (12)
885 2806 1060 2870 Virgil.
1088 2806 1300 2857 Aeneia.
1322 2809 1393 2857 Χ.
1420 2815 1479 2858 39
1501 2819 1638 2869 seqq.

749 2885 849 2948 (13)
878 2885 986 2935 Lib.
1007 2886 1072 2935 11.
1092 2884 1281 2936 Δάνον.
1307 2889 1448 2949 qent.
1472 2886 1687 2935 Basileae
1714 2890 1848 2936 1546.
1873 2898 1982 2949 pag.
2009 2891 2113 2937 107.

745 2964 823 3015 cf.
847 2965 1098 3014 Praeterea
1124 2964 1396 3022 meursium
1414 2967 1489 3014 De
1518 2963 1704 3013 morib.
1733 2966 1786 3013 et
1825 2966 1919 3014 rit.
1944 2966 2083 3026 qent.
2117 2963 2201 3014 lib.
2224 2968 2264 3015 1.
2290 2978 2334 3015 c.
2368 2970 2414 3017 7.
2437 2965 2522 3016 ubi
2556 2966 2683 3017 inter
2721 2967 2819 3018 alia

601 3041 803 3093 scribit:
840 3062 865 3086 α
886 3043 1114 3093 ceterum
1149 3041 1298 3092 etiam
1326 3041 1544 3105 quinque
1582 3042 1713 3092 iaces
1733 3045 1873 3093 erant
1899 3043 2096 3106 propter
2115 3044 2261 3105 deos,
2282 3044 2369 3107 qui
2388 3044 2738 3098 invocabantur
2764 3046 2815 3096 in

602 3121 813 3186 nuptiis,
837 3123 1002 3171 Iovem
1036 3121 1286 3184 adultum,
1313 3124 1546 3171 lunonem
1567 3120 1811 3184 adultam,
1836 3124 2070 3172 Venerem
2093 3122 2320 3185 svedatn,
2361 3124 2595 3185 Dianam;
2620 3123 2817 3174 invoca·

604 3200 780 3251 bantur
805 3200 951 3251 etiam
975 3201 1279 3263 Hymenaeus
1302 3202 1353 3251 et
1377 3199 1557 3251 ominis
1576 3201 1730 3263 gratia
1752 3201 1990 3263 Thassus,
2018 3203 2104 3264 qui
2125 3202 2219 3252 fuit
2235 3203 2672 3266 praeclarissimus,
2696 3202 2815 3253 dum

602 3280 795 3332 Romuli
815 3282 1056 3344 tempore,
1085 3280 1436 3344 pulchramque
1465 3281 1701 3344 virginem
1730 3282 1938 3345 recepit,
1972 3283 2243 3332 Mercurius
2265 3295 2459 3345 quoque
2475 3295 2536 3332 ex
2558 3281 2814 3345 disciplina

602 3361 931 3423 aegyptiorum
967 3362 1164 3423 propter
1195 3358 1462 3410 caduceum
1478 3395 1494 3421 ‚
1530 3373 1591 3410 ex
1621 3372 1723 3422 quo
1747 3362 1981 3411 dracones
2003 3360 2103 3410 duo
2123 3364 2262 3411 erant
2283 3373 2388 3410 mas
2407 3363 2457 3410 et
2478 3360 2736 3410 foemina.»

748 3439 850 3501 (16)
865 3483 868 3484 .
881 3439 1090 3489 Numina
1108 3438 1289 3502 quibus
1304 3438 1535 3489 litabatur
1559 3440 1608 3488 et
1631 3438 1781 3488 ritum
1801 3439 2026 3489 sacrificii
2048 3438 2280 3490 describit
2303 3439 2535 3502 Virgilius
2555 3438 2617 3491 de
2633 3439 2815 3503 nuptiis

598 3530 747 3582 agens
776 3515 985 3568 aeneid.
1006 3516 1093 3566 lib.
1115 3519 1201 3566 lv.
1218 3529 1270 3564 v.
1292 3524 1368 3566 55.

917 3614 941 3638 κ
981 3595 1224 3658 Principio
1242 3595 1445 3645 delubra
1465 3596 1678 3657 adeunt,
1700 3610 1965 3660 pacemque
1983 3610 2070 3660 per
2092 3609 2202 3646 aras

980 3676 1278 3737 exquirunt:
1303 3676 1521 3726 mactant
1542 3675 1694 3726 lectas
1714 3675 1776 3726 de
1799 3689 1933 3726 more
1960 3674 2182 3725 bidentes

975 3752 1252 3815 Frugiferae
1269 3753 1487 3815 caeteri,
1513 3753 1833 3816 Phaeboque,
1856 3753 2079 3817 patrique
2104 3756 2289 3815 Lyaeo;

976 3832 1149 3882 lunoni
1170 3833 1283 3882 ante
1301 3843 1496 3894 omnes,
1519 3831 1601 3882 cui
1624 3832 1787 3881 vincla
1811 3833 1989 3894 iugalia
2010 3845 2204 3882 curae.»

741 3913 759 3972 (
769 3913 841 3973 ts)
870 3912 1071 3963 consuli
1096 3914 1297 3975 possunt
1313 3912 1439 3963 inter
1457 3913 1644 3963 eeteros
1661 3914 1733 3962 lo.
1748 3912 1989 3963 meursius
2003 3949 2019 3975 ‚
2040 3915 2112 3962 Io.
2127 3911 2411 3963 Saubertius
2429 3916 2507 3964 De
2535 3911 2811 3976 sacrificiis

598 3993 835 4042 veterum
865 4004 927 4042 ex
956 3992 1037 4042 ed.
1058 3993 1222 4044 cranii
1243 3992 1397 4056 Lugd.
1420 3993 1644 4043 Batavor.
1675 3999 1812 4043 1699.
1832 4005 1940 4055 cap.
1965 3993 2055 4041 111.
2074 3987 2310 4056 Nieuport
2329 3995 2548 4044 Rituum
2567 3996 2661 4058 qui
2679 3993 2808 4044 olim

595 4068 740 4134 apud
765 4081 895 4119 rom.
918 4070 1260 4122 obtinuerunt
1279 4074 1395 4122 sect.
1413 4073 1497 4121 Vl.
1514 4085 1559 4122 c.
1579 4074 1664 4121 lv.
1686 4075 1760 4122 De
1780 4074 1931 4134 nupt.
1951 4083 2081 4122 rom.
2105 4072 2355 4123 cantelius
2380 4075 2456 4122 De
2482 4084 2705 4122 romana
2732 4084 2809 4121 re·

591 4147 1042 4213 pub1.Appendtz
1068 4147 1141 4198 ad
1175 4161 1288 4200 rem
1311 4148 1522 4200 civilem
1541 4162 1648 4213 cap.
1673 4151 1721 4199 11
1740 4162 1878 4211 seqq.
1898 4150 2068 4199 venet.
2092 4154 2225 4201 1787.
2246 4150 2454 4200 Gansalo
2475 4149 2672 4199 Adorno
2693 4151 2809 4210 Spa-

598 4226 742 4290 gnolo
766 4224 1001 4276 mcerchs
1015 4226 1155 4276 suus
1168 4226 1372 4278 diverse
1386 4231 1618 4280 muniere
1634 4226 1694 4278 dt
1710 4229 1984 4280 contrat-re
2002 4228 2045 4278 il
2059 4231 2392 4280 matrimonio
2412 4231 2500 4280 tra
2516 4227 2593 4290 alt
2608 4225 2809 4279 antichi

598 4307 817 4357 romam.
842 4307 983 4358 Rom.
1015 4309 1145 4356 1807.
