3276 5083
679 371 817 442 398
1079 391 1202 443 un.
1246 392 1293 442 1.
1335 390 1509 442 sacr.
1552 388 1814 442 Auem.
1860 391 1940 440 nn
1975 390 2238 442 uirum.
2281 388 2497 441 cmm.

829 507 1251 609 Quapropter
1281 509 1726 583 christianum
1763 508 2215 583 sacerdotium
2249 533 2401 581 cum
2439 507 2569 581 sihi
2597 509 2947 583 commis-

678 650 827 700 sam
878 622 1194 698 habuerit
1227 650 1268 697 a
1292 623 1562 698 Christo
1606 638 2183 698 sacramentorum
2217 622 2932 710 administrationem,

677 739 879 814 etiam
931 738 1004 811 in
1054 753 1544 812 sacramentum
1594 737 2050 823 matrimonii,
2092 737 2274 836 quod
2309 736 2768 836 inseparabile
2809 755 2942 812 est

676 881 724 928 a
767 868 1113 928 contractu
1162 853 1459 950 legitime
1508 853 1675 927 inito
1699 911 1715 941 ‚
1773 878 1968 926 suam
2035 868 2430 951 potestatem
2496 853 2798 926 exercuit
2848 868 2937 927 et

675 983 943 1044 exercet
987 968 1392 1042 declarando
1416 1027 1431 1049 ,
1472 984 1538 1041 et
1571 968 1938 1042 sanciendo
1987 993 2282 1066 quanam
2335 966 2591 1040 ratione
2641 968 2933 1066 possint

677 1083 919 1158 fideles
985 1083 1485 1157 matrimonium
1516 1083 1759 1157 ·valide
1806 1110 1887 1157 ac
1935 1083 2118 1156 licite
2170 1083 2340 1156 inire
2373 1141 2389 1169 ‚
2447 1099 2648 1183 atque
2699 1109 2930 1183 appo-

688 1199 911 1275 nendo
970 1198 1388 1273 conditiones
1415 1258 1431 1287 ,
1490 1198 1627 1273 sub
1685 1198 1936 1300 quihus
1987 1223 2317 1297 personae
2367 1199 2535 1272 fiant
2585 1198 2854 1272 habiles
2893 1258 2914 1282 ,

679 1332 802 1390 aut
848 1314 1184 1389 inhabiles
1234 1314 1318 1388 ad
1372 1314 1926 1388 contrahendum.

830 1431 1061 1529 Neque
1111 1429 1429 1503 maiorem
1482 1430 1794 1528 peritiam
1863 1429 2215 1526 theologus
2280 1445 2508 1502 noster
2555 1429 2908 1514 ostendit,

685 1570 840 1618 cum
891 1544 1350 1618 auctoritatem
1383 1560 1577 1642 urget
1609 1544 2032 1631 catechismi,
2074 1561 2150 1618 ut
2177 1544 2441 1636 evincat
2474 1545 2758 1641 gratiam
2796 1571 2916 1618 ac-

681 1660 926 1734 cedere
960 1659 1048 1733 ad
1083 1660 1586 1732 matrimonium
1640 1660 1775 1732 iam
1826 1659 2236 1746 confectum,
2295 1660 2387 1732 ita
2434 1675 2510 1732 ut
2559 1658 2727 1731 illud
2760 1660 2914 1732 sine

684 1790 1104 1849 sacramento
1160 1775 1527 1849 consistere
1575 1775 1801 1849 valeat
1839 1804 1855 1861 ;
1930 1775 2265 1875 siquidem
2317 1775 2469 1874 ipse
2517 1776 2911 1875 permiscuit

695 1892 1103 1965 matrimonii
1153 1891 1611 1968 definitionem
1666 1908 1865 1992 prout
1909 1908 2016 1965 est
2063 1907 2555 1965 sacramentum
2605 1918 2758 1965 cum
2807 1919 2910 1966 sa·

684 2008 1005 2080 crementi
1041 2008 1404 2107 effectibus.
1440 2010 1609 2082 Nam
1643 2006 2035 2081 catechismi
2072 2007 2139 2078 in
2177 2006 2490 2081 adductis
2512 2007 2738 2081 verbis
2775 2033 2906 2081 non

691 2120 1013 2221 praebent
1061 2123 1465 2195 sacramenti
1516 2120 1924 2195 matrimonii
1984 2121 2444 2194 definitionem
2478 2178 2493 2207 ‚
2550 2148 2728 2221 quae
2774 2121 2905 2195 alia

689 2236 963 2311 omnino
1016 2252 1159 2323 est,
1204 2236 1325 2309 sed
1375 2251 1770 2309 enumerant
1817 2234 2132 2320 effectus,
2187 2237 2304 2335 qui
2355 2263 2437 2310 ex
2494 2253 2909 2309 sacramento

688 2352 1088 2452 proveniunt
1110 2408 1125 2438 ‚
1184 2352 1565 2425 cuiusmodi
1616 2366 1723 2425 est
1769 2351 1985 2448 gratia
2033 2350 2119 2423 ad
2173 2351 2297 2424 rite
2345 2350 2692 2425 obeundas
2744 2348 2908 2426 obli-

687 2468 1016 2566 gationes,
1057 2491 1229 2568 quas
1266 2492 1495 2540 secum
1546 2467 1673 2539 fert
1722 2465 2223 2539 matrimonium
2256 2469 2433 2564 (81).
2460 2466 2658 2540 Nullo
2691 2482 2905 2540 autem

690 2582 890 2656 modo
941 2581 1333 2657 catechismi
1386 2582 1674 2655 innuunt
1723 2583 2126 2656 sacramenti
2176 2584 2501 2655 rationem
2545 2580 2903 2683 superaddi

691 2696 1060 2770 contractui
1111 2695 1293 2769 civili
1329 2753 1345 2783 ‚
1401 2696 1499 2770 uti
1550 2696 1895 2769 contendit
1942 2696 2393 2771 adversarius.

839 2812 1004 2884 Eius
1055 2810 1303 2884 idcirco
1355 2810 1756 2912 hypothesis
1807 2811 1896 2883 de
1951 2811 2319 2885 revelatore
2345 2869 2360 2898 ‚
2417 2814 2536 2912 qui
2585 2812 2905 2886 divinitus

688 2926 1032 3026 promittat
1080 2925 1363 3024 gratiam
1415 2927 1535 3015 iis,
1572 2926 1688 3027 qui
1742 2928 1877 3000 iam
1931 2926 2178 3000 fuerint
2225 2928 2537 3025 coniugio
2585 2927 2902 3028 copulati,

690 3068 826 3116 non
875 3041 1076 3115 modo
1126 3068 1260 3116 non
1295 3058 1401 3116 est
1433 3042 1720 3142 simplex
1757 3043 2040 3117 historia
2082 3070 2205 3117 seu
2249 3045 2532 3131 veritas,
2574 3044 2695 3118 sed
2729 3069 2909 3117 mera

690 3159 937 3242 mentis
990 3158 1137 3233 eius
1189 3159 1500 3236 confictio
1521 3218 1538 3248 ‚
1595 3186 1771 3260 quae
1821 3187 1956 3235 non
2007 3160 2192 3233 aliud
2245 3159 2754 3233 fundamentum
2795 3159 2908 3231 ha-

684 3275 803 3348 bet
834 3333 850 3361 ,
906 3301 1112 3375 quam
1163 3276 1603 3375 anticipatum
1657 3276 1806 3349 eius
1857 3275 2180 3350 iudicium
2217 3301 2296 3349 ac
2333 3275 2735 3375 imperitiam
2771 3300 2915 3349 ora-

691 3390 854 3463 toris
882 3390 952 3462 in
979 3390 1373 3488 theologicis
1400 3390 1785 3490 disciplinis
1815 3391 2400 3490 inordinatamque
2433 3391 2734 3464 idearum
2763 3415 2914 3463 con-

690 3506 1046 3580 fusionem.
1104 3507 1561 3581 Sacerdotium
1611 3506 2057 3581 christianum
2109 3505 2286 3578 nihil
2337 3506 2468 3580 sibi
2518 3506 2907 3606 usurpavit,

692 3621 813 3693 sed
865 3620 1164 3694 functum
1215 3637 1318 3695 est
1367 3622 1613 3719 iugiter
1664 3647 1743 3694 ac
1795 3621 2011 3721 pergit
2077 3620 2265 3719 fungi
2325 3646 2602 3693 munere
2670 3645 2793 3693 suo
2845 3619 2911 3689 in

697 3736 1107 3810 matrimonii
1157 3735 1603 3810 celebratione
1655 3752 1722 3808 et
1771 3735 2222 3809 moderatione
2249 3793 2264 3822 ‚
2331 3752 2529 3834 prout
2585 3733 2919 3834 praestitit

693 3877 772 3923 ac
809 3866 1109 3948 praestat
1156 3851 1227 3922 in
1263 3865 1631 3924 ceterorum
1687 3866 2254 3924 sacramentorum
2299 3848 2904 3922 administratione.

692 3966 855 4037 Nam
919 3967 1228 4065 quamvis
1290 3966 1531 4041 horum
1605 3967 1892 4039 materia
1955 3983 2029 4039 ut
2096 3965 2460 4064 plurimum
2528 3979 2788 4039 constet
2836 3989 2915 4036 ex

687 4080 1036 4153 elementis
1087 4081 1508 4156 naturalibus
1535 4140 1550 4169 ,
1609 4080 1990 4155 cuiusmodi
2044 4095 2203 4153 sunt
2251 4105 2468 4180 aqua,
2528 4080 2727 4180 panis
2753 4137 2768 4166 ,
2824 4077 2918 4151 vi-

833 4267 933 4329 (st)
964 4266 1019 4316 Id
1041 4269 1173 4332 patet
1193 4282 1251 4318 ex
1274 4267 1654 4332 interrogatione
1676 4281 1804 4332 quae
1825 4269 1883 4319 fit
1901 4269 1951 4319 in
1972 4269 2298 4321 catechismis.
2324 4289 2346 4312 u
2364 4269 2467 4320 Che
2487 4267 2679 4331 essene
2701 4267 2749 4317 st
2771 4267 2804 4316 ἰΙ
2828 4279 2924 4316 ma·

687 4345 958 4398 trimcnio?
979 4366 1004 4390 n
1026 4349 1085 4398 R.
1112 4347 1196 4398 D&
1213 4347 1268 4399 la
1291 4351 1478 4410 yrazca
1497 4350 1552 4398 (ιὲ
1571 4350 1842 4411 consequti
1862 4360 1962 4398 ecc.
