3276 5083
593 442 685 513 ’Π
992 461 1115 515 m.
1158 465 1205 514 ι.
1244 464 1418 515 sacr.
1461 467 1506 514 ι.
1550 467 1630 514 m:
1665 465 1926 517 uranu.
1970 461 2401 516 simulne.

591 606 712 654 cus
763 578 926 654 Klee
979 581 1157 676 (159),
1217 598 1285 654 et
1328 582 1598 655 Vernier
1654 581 1832 677 (60),
1881 597 1948 656 et
2003 581 2086 652 D.
2132 579 2467 668 Carriere‚
2518 582 2636 680 qui
2685 583 2807 672 etsi

593 696 805 769 neutri
833 695 1200 769 sententiae
1232 696 1563 770 calculum
1599 722 1795 771 suum
1831 697 2138 784 adiiciat,
2171 695 2520 796 profitetur
2552 712 2804 785 tamen,

588 809 772 909 quod
802 810 865 883 si
902 811 1245 884 ferendum
1295 809 1428 885 sibi
1482 812 1807 886 iudicium
1846 810 2120 911 aliquod
2162 825 2372 896 esset,
2415 835 2541 883 sua
2572 811 2818 888 faceret

588 925 796 998 verba
817 925 1098 999 celebris
1123 924 1412 1024 theologi
1435 926 1892 1002 Liebermann.
1924 926 2138 1000 Verba
2161 951 2357 1026 porro
2375 925 2814 1000 Liebermann
2831 959 2856 1020 ‘.

589 1038 860 1140 abipso
892 1039 1097 1114 relata
1130 1037 1296 1114 haec
1328 1057 1523 1114 sunt:
1571 1042 1935 1115 «Liberum
1974 1056 2080 1116 est
2124 1040 2403 1113 cuilibet
2433 1037 2616 1112 illam
2652 1066 2815 1114 sen-

589 1154 861 1227 tentiam
899 1154 1132 1252 sequi,
1171 1179 1372 1252 quam
1423 1155 1572 1255 ipse
1610 1170 1797 1255 putat
1835 1155 2158 1228 veriorem
2180 1211 2195 1240 ,
2235 1168 2350 1226 aut
2383 1153 2630 1226 nullam
2666 1179 2813 1227 am·-

592 1265 829 1367 plecti‚
893 1292 1044 1341 cum
1104 1293 1214 1342 res
1273 1268 1343 1339 in
1401 1268 1623 1342 medio
1673 1268 1902 1341 relicta
1951 1268 2041 1341 sit
2088 1267 2176 1340 ab
2225 1267 2532 1350 ecclesia.
2591 1266 2813 1341 Liceat

592 1397 815 1454 tamen
834 1438 853 1468 ‚
896 1381 1059 1480 quid
1090 1381 1164 1453 in
1200 1382 1327 1455 hac
1358 1382 1809 1456 controversia
1849 1382 2018 1453 mihi
2066 1377 2402 1467 videatur,
2448 1381 2600 1454 sine
2631 1370 2816 1454 om'ni

592 1496 1013 1570 contentione
1069 1496 1353 1571 edicere.
1406 1495 1620 1570 Habet
1669 1495 1834 1569 Cani
1886 1496 2215 1569 sententia
2276 1495 2492 1595 primo
2540 1511 2817 1596 aspectu

588 1609 849 1708 aliquid
870 1667 886 1696 ,
922 1609 1105 1710 quod
1138 1636 1285 1684 eam
1318 1611 1768 1698 commendet3
1806 1626 2261 1684 verumtamen
2296 1610 2356 1683 si
2392 1634 2500 1682 res
2533 1610 2813 1710 propius

592 1725 1064 1823 perspiciatur,
1105 1739 1170 1798 et
1203 1740 1590 1822 argumenta
1624 1727 1775 1799 sine
1808 1721 2259 1826 praeiudicata
2305 1725 2623 1825 opinione
2656 1750 2816 1824 pon·

594 1838 947 1926 dea-entur,
1001 1840 1212 1913 faoeor
1257 1867 1366 1914 me
1413 1841 1632 1938 magis
1669 1842 1740 1913 in
1774 1843 2148 1943 oppositam
2184 1840 2581 1914 sententiam
2621 1837 2815 1911 incli-

594 1957 1143 2049 nare(61).».lta
1174 1956 1448 2056 quidem
1483 1956 1957 2044 Liebermann,
2004 1957 2121 2056 qui
2173 1971 2512 2057 praeterea
2562 1947 2812 2027 ibidem

595 2067 881 2141 adiecit:
918 2100 954 2138 α
976 2068 1261 2143 Disfiteri
1310 2096 1447 2145 non
1495 2095 1857 2171 possumus
1907 2070 2067 2142 huic
2114 2069 2417 2170 opinioni
2459 2067 2693 2163 (Cani)
2735 2093 2815 2140 se

588 2182 983 2258 adiunxisse
1037 2210 1272 2261 omnes
1322 2184 1819 2260 ecclesiasticae
1869 2186 2213 2285 potestatis
2262 2208 2491 2258 osores
2509 2240 2525 2269 ‚
2580 2207 2816 2257 omnes

588 2299 710 2397 qui
760 2300 1056 2374 lansenii
1107 2317 1354 2374 sectam
1405 2302 1613 2375 secuti
1666 2317 1857 2388 sunt,
1902 2317 2017 2374 aut
2056 2300 2450 2373 ianseniano
2491 2299 2818 2374 fermento

592 2413 978 2510 turgebant,
1034 2441 1268 2489 omnes
1318 2417 1435 2514 qui
1487 2441 1562 2488 se
1611 2415 1943 2489 curiarum
1995 2414 2293 2487 civilium
2345 2411 2647 2512 partibus
2697 2411 2820 2484 ad-

592 2526 935 2615 dixerunt,
976 2545 1090 2604 aut
1123 2555 1393 2630 quoquo
1426 2529 1626 2603 modo
1661 2525 2107 2604 assentatores
2143 2529 2295 2601 sacti
2325 2544 2484 2602 sunt
2507 2527 2818 2628 politicae

597 2643 963 2741 potestatis.
999 2642 1320 2716 Nolumus
1369 2659 1592 2726 tamen
1644 2642 1789 2730 his,
1838 2669 2013 2742 quae
2061 2643 2149 2716 ab
2197 2646 2568 2717 extrinseco
2616 2643 2822 2743 petita

594 2770 753 2828 sunt
783 2813 800 2841 ‚
872 2756 1189 2829 maiorem
1236 2758 1373 2831 vim
1427 2756 1720 2831 tribuere
1737 2814 1753 2845 ,
1809 2784 2012 2867 quam
2056 2774 2360 2888 oportet,
2421 2782 2640 2858 neque
2693 2758 2810 2843 iis,

591 2871 711 2971 qui
772 2870 947 2945 bono
997 2897 1081 2945 ac
1134 2873 1402 2947 sincero
1462 2875 1689 2948 animo
1740 2873 1916 2947 hanc
1963 2875 2346 2975 opinionem
2408 2888 2811 2973 sequuntur,

591 2986 852 3087 aliquid
888 2987 1311 3062 detrahere.»
1346 2988 1611 3063 Fatetur
1644 2990 1983 3089 siquidem
2025 3019 2061 3058 «
2082 2990 2357 3089 reperiri
2392 2989 2575 3062 viros
2608 2989 2823 3061 incor-

597 3117 829 3201 ruptae
870 3104 1150 3178 omnino
1202 3105 1397 3191 fidei,
1450 3129 1529 3177 ac
1579 3105 1761 3178 nulla
1811 3104 1987 3178 mala
2037 3105 2423 3206 suspicione
2471 3126 2812 3204 aspersos,

598 3219 667 3289 in
704 3218 895 3293 illis
860 3247 969 3291 ι-ιι
960 3221 1220 3320 primis
1264 3220 1682 3319 regionibuS,
1722 3218 1838 3293 ubi
1875 3236 2166 3320 potestas
2201 3220 2471 3320 politica
2503 3217 2820 3291 libentius

598 3336 667 3406 in
697 3336 842 3409 iura
867 3337 1188 3411 ecclesiae
1224 3338 1502 3424 invehit,
1536 3337 1786 3436 quibus
1814 3338 2034 3411 visum
2074 3353 2177 3410 est
2210 3336 2338 3410 hac
2372 3337 2627 3409 ratione
2661 3332 2817 3405 saci-

594 3451 727 3525 lius
761 3452 1065 3527 extricari
1103 3479 1304 3552 posse
1336 3453 1578 3526 multas
1613 3452 2076 3539 difficultates,
2120 3452 2369 3553 quibus
2405 3478 2649 3526 causae
2684 3479 2822 3527 ma·

593 3566 1004 3643 trimoniales
1054 3567 1314 3642 ultimis
1365 3568 1557 3640 hisce
1604 3567 1855 3641 seculis
1905 3567 2283 3668 implicatae
2331 3570 2742 3663 sunt(62).»

737 3834 837 3896 (59)
869 3836 926 3884 ln
949 3849 1029 3899 op.
1056 3848 1206 3898 germ.
1235 3837 1311 3884 Dc
1328 3836 1666 3884 matrimonio
1692 3833 2005 3898 disquisitio.
2031 3834 2309 3895 moguntiae
2335 3840 2471 3884 18³³.
2497 3846 2606 3897 pag.
2628 3840 2706 3883 σε.

738 3913 837 3975 (60)
870 3915 925 3962 ln
957 3927 1037 3977 op.
1068 3913 1301 3977 Theoloq,
1326 3914 1500 3976 praet.
1526 3926 1575 3962 ιι.
1603 3920 1713 3964 8⁴20.
1747 3915 1823 3962 De
1859 3913 1915 3962 la
1938 3911 2283 3975 jurisdtclton
2315 3912 2380 3962 de
2416 3911 2610 3975 l’eqlise
2638 3924 2736 3961 sur
2768 3909 2817 3960 lo

592 3996 827 4056 mat-tayo
850 4006 953 4056 par
987 4006 1064 4044 un
1087 3995 1270 4045 ancien
1300 3992 1733 4058 victure-qeneral
1753 3993 1834 4043 ch.
1859 3996 1921 4042 11.
1946 4006 2056 4057 pag.
2078 3996 2157 4043 2⁴.

734 4072 838 4135 (οι)
867 4074 927 4122 D.
954 4073 1174 4124 cart-iere
1208 4076 1282 4124 De
1311 4074 1663 4123 matrimonio.
1693 4072 1828 4123 Paris
1865 4076 1999 4123 1⁸87.
2033 4074 2154 4122 tom.
2181 4075 2220 4122 Ι.
2248 4084 2358 4136 cap.
2381 4073 2469 4121 111.
2490 4069 2539 4134 §-
2564 4078 2610 4121 2.
2634 4083 2684 4119 ιι.
2712 4074 2816 4120 1⁴⁴.

595 4152 783 4204 Exinde
818 4155 953 4217 patet
984 4165 1081 4202 non
1112 4155 1233 4205 satis
1262 4156 1488 4205 memte
1517 4154 1827 4217 Roskowany
1850 4153 1902 4202 in
1928 4166 2010 4216 op.
2033 4153 2120 4204 cit.
2145 4153 2191 4215 ς.
2218 4160 2295 4204 28.
2318 4154 2424 4203 not.
2450 4158 2554 4202 ¹52.
2575 4150 2827 4215 scripsisse

594 4234 911 4285 nioben-mann
939 4234 1254 4297 propendisse
1277 4234 1350 4285 ad
1377 4234 1531 4286 illam
1560 4233 1626 4284 dc
1655 4233 1921 4285 sacerdote
1953 4247 2062 4300 qua
2080 4236 2325 4286 ministro
2353 4234 2681 4285 matrimonu
2714 4244 2822 4282 am·

584 4313 922 4377 plectendam
961 4313 1277 4364 senteutiam.

736 4396 835 4458 (62)
864 4396 1105 4446 [nstitui.
1134 4393 1506 4457 Theoloffltom.
1529 4396 1588 4443 V.
1607 4406 1718 4457 pag.
1742 4395 1832 4443 357
1862 4406 2000 4457 seqq.
