3276 5083
680 381 821 450 342
1070 403 1193 453 un.
1239 404 1282 451 ι.
1326 404 1500 454 ποτ.
1543 404 1802 455 arsat.
1846 407 1925 454 ns
1977 403 2242 456 uuam.
2285 397 2500 455 cmm.

682 529 1043 604 celebratio
1109 531 1454 631 proposita
1516 548 1697 606 esset
1761 531 2034 629 regulae
2101 532 2311 605 instar
2344 589 2360 617 ‚
2418 531 2644 631 potius
2692 558 2926 630 quam

679 645 1088 746 exceptionis
1108 704 1123 733 ‚
1163 646 1270 720 vel
1305 663 1481 721 certe
1520 648 1720 747 lapsu
1748 648 2067 747 temporis
2094 646 2441 747 paullatim
2467 649 2925 746 exceptiones

680 763 916 834 fierent
965 786 1355 834 communes
1387 819 1403 846 ,
1463 778 1666 861 atque
1717 761 2142 861 exceptiones
2193 786 2349 835 esse
2375 759 2805 834 desinerent.

819 875 1315 951 Concludamus
1385 878 1610 977 itaque
1665 876 1733 948 id
1785 876 1965 976 quod
2016 877 2215 953 unice
2261 903 2495 950 verum
2543 894 2685 961 est,
2742 876 2917 948 fun-

676 992 1060 1066 damentum
1104 992 1232 1066 hoc
1257 1050 1273 1078 ‚
1325 993 1503 1093 quod
1548 991 1938 1066 obtenditur
1969 992 2056 1066 ad
2092 991 2309 1089 legem
2346 991 2728 1065 istiusmodi
2766 1007 2918 1064 sta·

676 1107 1018 1193 tuendam,
1053 1108 1461 1208 impietatem
1493 1107 1793 1181 redolere
1811 1166 1827 1194 ,
1860 1124 1926 1180 et
1950 1107 2344 1207 hypocrisin
2382 1131 2620 1205 sapere
2658 1105 2902 1193 verba,

677 1222 925 1321 quibus
977 1248 1085 1294 res
1129 1221 1495 1296 sancienda
1546 1222 1962 1322 proponitur.

1668 1456 1740 1551 §-
1802 1456 1886 1525 11.

1393 1685 1598 1736 ponne·
1630 1676 2201 1737 libertam-scientiae.

823 1881 1228 1982 Principium
1277 1882 1364 1955 de
1412 1881 1865 1955 conscientiae
1902 1880 2208 1954 libertate
2230 1907 2440 1954 unum
2465 1896 2672 1954 estex
2697 1906 2882 1980 prae-

664 1999 895 2097 cipuis
944 1997 1211 2072 motivis
1238 2056 1253 2084 ,
1313 2023 1488 2097 quae
1539 1995 1799 2097 prolata
1848 2013 2041 2085 sunt,
2084 2013 2150 2070 et
2200 1996 2481 2095 proferri
2535 1994 2751 2069 solent
2798 1994 2886 2067 ad

674 2114 888 2211 legem
940 2112 1027 2187 de
1077 2113 1413 2187 connubio
1480 2138 1663 2186 mere
1714 2112 1896 2186 civili
1949 2111 2411 2187 sanciendam.
2469 2113 2612 2185 Hoc
2662 2110 2889 2184 affere-

672 2229 837 2303 bant
880 2230 1184 2328 deputati
1235 2229 1542 2328 plerique
1592 2255 1829 2303 omnes
1864 2230 1936 2300 in
1972 2227 2263 2302 comitiis
2307 2226 2692 2326 subalpinis
2752 2229 2879 2322 (8);

672 2344 803 2419 hoc
868 2350 1002 2418 non
1070 2345 1271 2442 pauci
1339 2359 1684 2419 senatores
1758 2343 2090 2442 urgebant
2144 2347 2292 2439 (9);
2366 2343 2527 2417 huic
2593 2342 2885 2441 denique

673 2458 1025 2533 insistebat
1074 2458 1381 2533 minister
1427 2460 1681 2558 regius,
1723 2460 1832 2532 cui
1870 2484 2296 2557 summopere
2346 2457 2531 2532 cordi
2583 2472 2760 2545 erat,
2812 2473 2888 2528 ut

668 2575 775 2649 lex
827 2575 1172 2675 proposita
1221 2574 1656 2674 adoptaretur
1703 2578 1879 2671 (10).
1915 2574 2102 2647 Nihil
2143 2575 2558 2675 frequentius
2601 2573 2672 2646 in
2717 2574 2883 2647 actis

669 2688 1066 2787 legislativis
1093 2691 1404 2778 occurrit,
1438 2717 1644 2790 quam
1673 2691 1941 2764 libertas
1964 2693 2376 2778 coscicntiae5
2405 2706 2472 2765 et
2495 2689 2677 2790 quod
2702 2716 2886 2791 prae-

671 2804 951 2902 scriptio
987 2803 1154 2877 ritus
1190 2803 1487 2902 religiosi
1530 2804 1927 2903 obligatoria
1966 2804 2275 2880 videatur
2322 2806 2654 2881 contraria
2685 2805 2884 2878 liber-

670 2919 788 2992 tati
840 2920 1337 3007 conscientiae;
1395 2921 1576 3021 quod
1644 2949 1775 2994 non
1839 2938 2141 3021 oporteat
2205 2922 2388 3020 leges
2451 2921 2882 3021 obligatorias

668 3039 965 3109 statuere
998 3035 1083 3108 ad
1122 3052 1342 3110 actum
1397 3037 1786 3135 religiosum
1841 3038 2224 3137 ponendum
2260 3068 2275 3125 ;
2332 3039 2514 3137 quod
2565 3037 2634 3110 in
2685 3063 2884 3135 nego—

662 3150 783 3225 tiis
836 3150 1170 3248 religiosis
1221 3151 1509 3251 relinqui
1558 3152 1803 3226 debeat
1852 3152 2159 3227 absoluta
2208 3152 2527 3251 libertas,
2582 3152 2878 3252 alioquin

670 3265 1026 3364 sacrilegia
1075 3267 1285 3354 fiunt;
1342 3269 1523 3367 quod
1574 3267 1917 3367 imponere
1979 3268 2457 3366 obligationem
2507 3268 2677 3341 ritus
2727 3266 2880 3339 reli-

667 3381 840 3478 giosi
895 3381 1061 3455 soret
1109 3393 1338 3457 'contra
1391 3383 1763 3457 libertatem
1813 3386 2312 3472 conscientiae;
2369 3400 2434 3458 et
2482 3385 2575 3457 ita
2625 3408 2869 3484 porro;

667 3524 824 3572 nam
889 3498 1125 3572 eadem
1174 3499 1475 3576 crambes
1524 3501 1732 3574 variis
1783 3501 2004 3576 modis
2056 3527 2319 3601 semper
2368 3503 2639 3575 iteratur
2693 3501 2867 3595 (11).

811 3731 882 3793 (8)
915 3734 1137 3783 camera
1172 3731 1260 3782 dei
1291 3731 1555 3796 deputati.
1578 3733 1792 3783 'tornata
1823 3732 1908 3788 del
1934 3739 1975 3782 ι.
1998 3732 2172 3796 Luglio
2200 3739 2335 3785 1852.
2359 3747 2466 3797 pag·
2490 3737 2581 3784 640
2615 3745 2744 3795 segg.
2765 3731 2880 3781 item

666 3812 877 3860 'tornata
894 3809 974 3860 dei
997 3817 1042 3861 2.
1065 3811 1241 3874 Luglio
1264 3824 1372 3874 pag.
1394 3817 1487 3862 655
1509 3825 1640 3875 segg.
1655 3811 1749 3861 etc.
1772 3813 1866 3861 etc.
2189 3819 2194 3822 ’

809 3887 878 3950 (a)
908 3890 1098 3940 senato
1124 3888 1215 3939 del
1251 3901 1430 3954 raquo.
1453 3889 1767 3950 Tornatadei
1795 3893 1868 3940 15.
1893 3889 2001 3939 Dic.
2032 3896 2164 3941 1852.
2186 3891 2400 3942 ‘tornata
2422 3889 2503 3941 del
2537 3897 2611 3941 ¹6.
2630 3888 2874 3942 Dicembr.

661 3966 876 4016 Tornata
893 3964 974 4017 dei
997 3973 1068 4018 1⁸.
1082 3967 1331 4019 Dicembr.
1354 3970 1450 4018 etc.
1467 3970 1561 4019 etc.

805 4044 906 4107 (ιο)
936 4047 1149 4096 Tou-nata
1165 4046 1245 4098 dei
1274 4055 1344 4098 16.
1371 4046 1615 4100 Dicembr.
1640 4060 1750 4110 pag.
1781 4054 1883 4098 189.

803 4122 903 4186 (ιι)
937 4125 1054 4177 Loc.
1077 4125 1183 4178 citt.
