3276 5083
532 419 672 469 cu.
707 420 794 468 tv.
827 416 907 466 na
942 416 1180 468 Anaua.
1209 416 1324 467 rao
1361 416 1519 467 »aar
1554 415 1634 465 nr.
1672 417 1861 468 uara.
1898 416 2026 467 civ.
2063 418 2203 468 ΛΜ.
2238 418 2333 467 111.
2448 396 2575 470 431

349 537 632 613 excedat
680 537 831 610 eius
883 536 1265 609 facultatem
1287 593 1303 623 ,
1348 552 1418 608 et
1452 533 1578 609 soli
1621 533 1950 609 ecclesiae
2001 550 2370 633 competat,
2413 560 2493 609 ac
2527 537 2587 610 si

352 653 425 726 id
459 651 707 752 aliquis
745 653 1060 752 princeps
1102 666 1492 739 attentaret,
1528 676 1667 724 rem
1705 675 1980 752 prorsus
2019 650 2274 724 irritam
2312 650 2582 728 faceret.

351 768 750 843 Contractus
785 825 801 856 ,
857 768 956 841 uti
1011 767 1289 866 saepius
1359 766 1853 842 inculcavimus
1880 823 1910 854 ,γ
1953 783 2058 841 est
2106 766 2589 868 inseparabilis

352 912 396 957 a
435 899 856 959 sacramento
898 884 969 956 in
1015 882 1348 981 coniugiis
1400 883 1925 957 christianorum
1950 940 1967 970 ‚
2022 907 2103 957 ac
2152 883 2437 984 proinde
2471 883 2591 958 ubi

353 1025 488 1073 non
549 1015 654 1074 est
702 1014 1198 1073 sacramentum
1224 1057 1240 1086 ‚
1300 1024 1423 1071 nec
1476 1013 1856 1073 contractus
1906 998 2217 1073 habetur.
2279 1000 2421 1074 lmo
2444 1057 2461 1088 ,
2517 1016 2593 1074 ut

353 1115 610 1189 centies
662 1115 1258 1189 animadvertimus
1300 1172 1316 1200 ‚
1375 1112 1735 1188 concilium
1786 1113 2040 1188 directe
2089 1131 2155 1188 et
2205 1115 2592 1189 immediate

359 1229 649 1305 irritavit
673 1245 1088 1304 contractum
1126 1227 1466 1302 inhabiles
1492 1227 1580 1301 ad
1607 1253 2016 1302 consensum
2043 1228 2400 1304 efficiendo
2432 1255 2593 1304 con-

358 1347 727 1420 trahentes.
787 1345 981 1432 Quod
1026 1345 1086 1420 si
1141 1344 1210 1416 in
1256 1343 1492 1418 Galliis
1545 1360 1610 1418 et
1659 1345 1729 1417 in
1782 1343 2010 1442 Belgio
2048 1344 2157 1418 lex
2191 1345 2452 1418 sancita
2484 1360 2591 1420 est

356 1489 495 1562 qua
542 1461 974 1536 matrimonia
1022 1461 1250 1535 civilia
1301 1460 1761 1549 celebrentur,
1822 1459 2112 1535 ecclesia
2164 1460 2368 1535 huius
2418 1460 2591 1559 legis

357 1575 611 1650 nullam
662 1577 990 1651 rationem
1033 1576 1271 1650 habuit
1302 1603 1603 1677 unquam
1623 1634 1640 1665 ‚
1681 1592 1796 1649 aut
1844 1576 2211 1677 aliquando
2263 1575 2581 1665 habebit,

358 1710 563 1793 atque
629 1693 944 1790 coniugia
1006 1719 1238 1766 eorum
1291 1694 1410 1792 qui
1461 1718 1685 1767 coram
1739 1691 1884 1767 solo
1945 1691 2344 1790 magistrati}
2407 1691 2589 1767 civili

356 1824 828 1883 contraxerunt
878 1824 1136 1909 spectat
1168 1808 1268 1882 uti
1303 1808 1490 1882 nulla
1514 1866 1530 1897 ,
1572 1825 1777 1910 atque
1817 1825 1893 1883 ut
1931 1808 2448 1883 concubinatum
2502 1809 2593 1882 le·

356 1923 603 2021 galem‚
657 1951 789 1997 non
835 1951 1031 1999 secus
1057 1951 1138 1998 ac
1164 1940 1499 2023 spectaret
1536 1925 1853 2023 coniugia
1883 1951 2066 1998 mere
2108 1924 2369 2013 civilia,
2417 1950 2593 2024 quae

361 2039 433 2110 in
494 2039 844 2111 Sardiniae
898 2066 1101 2136 regno
1168 2038 1504 2112 celebrata
1567 2040 1898 2126 fuissent,
1957 2042 2015 2112 si
2070 2041 2419 2140 proposita
2483 2040 2591 2114 lex

362 2155 600 2229 fuisset
661 2156 945 2229 sancita.
1008 2155 1327 2255 Adeoque
1376 2155 1712 2230 eiusmodi
1779 2155 2095 2253 coniugia
2145 2156 2233 2229 ad
2285 2182 2588 2230 normam

354 2270 566 2345 solius
615 2270 786 2369 legis
839 2270 1058 2345 civilis
1103 2272 1270 2345 inita
1319 2298 1453 2346 non
1506 2276 1668 2346 sunt
1719 2273 1862 2345 sive
1912 2286 2064 2344 rata
2115 2272 2259 2346 sive
2309 2298 2491 2345 vera.

503 2388 666 2461 Esto
714 2386 1074 2461 concilium
1123 2388 1568 2462 tridentinum
1619 2414 1746 2461 suo
1796 2388 2043 2460 decreto
2091 2391 2266 2483 (non
2291 2393 2582 2485 canone)

363 2527 494 2577 non
531 2527 799 2578 creasse
833 2502 1092 2601 doqma,
1125 2502 1212 2577 de
1238 2529 1374 2604 quo
1405 2519 1628 2577 tamen
1662 2502 1885 2577 adhuc
1919 2502 2283 2604 disceptari
2319 2519 2583 2603 posset,

362 2644 518 2692 nam
560 2617 847 2693 ecclesia
880 2619 1180 2708 decreto,
1222 2648 1356 2721 quo
1393 2619 1581 2694 nulla
1629 2646 1785 2694 esse
1830 2619 2128 2693 declarat
2169 2619 2591 2694 clandestina

359 2735 789 2808 matrimonia
819 2793 836 2822 ,
891 2761 1013 2836 per
1063 2762 1139 2809 se
1186 2737 1461 2836 quidem
1520 2737 1766 2835 dogma
1827 2736 1985 2809 fidei
2037 2762 2170 2811 non
2220 2736 2536 2809 enunciat
2566 2793 2585 2823 ‚

362 2850 480 2923 sed
516 2853 750 2923 statuit
784 2867 850 2924 et
882 2851 1204 2938 decernit,
1239 2854 1420 2954 quod
1460 2879 1660 2927 nemo
1694 2853 2037 2926 infirmum
2071 2853 2298 2926 dicere
2337 2867 2582 2951 potest,

362 2965 525 3063 quin
576 2990 657 3038 eo
708 2966 862 3064 ipso
912 2967 1147 3065 doqma
1194 2967 1352 3067 fidei
1404 2969 1540 3063 (de
1574 2984 1902 3068 potestate
1943 2967 2316 3063 ecclesiae)
2358 2985 2578 3066 neget.

362 3081 602 3155 Verum
629 3140 646 3169 ,
702 3082 832 3156 hoc
880 3085 1360 3183 praetermisso
1392 3143 1408 3173 ,
1464 3085 1630 3185 quid
1682 3084 1894 3160 inde?
1935 3085 2091 3160 Sola
2140 3111 2226 3158 ne
2274 3084 2589 3184 dogmata

365 3196 524 3271 fidei
573 3196 874 3296 obligant
924 3198 1159 3274 fideles
1213 3200 1632 3277 catholicos?
1681 3203 1915 3277 Nonne
1965 3202 2170 3276 iidem
2222 3200 2351 3275 sub
2399 3199 2587 3299 gravi

363 3312 749 3413 obligantur
795 3316 881 3389 ad
933 3315 1116 3413 leges
1165 3316 1637 3417 disciplinares
1662 3375 1679 3405 ‚
1737 3318 2130 3417 praesertim
2198 3316 2589 3416 fundamen·

368 3430 527 3501 tales
571 3430 989 3505 servandas?
1028 3431 1342 3507 Christus
1376 3433 1563 3507 dedit
1597 3432 1925 3508 ecclesiae
1977 3460 2140 3508 suae
2190 3447 2588 3534 potestatem

364 3541 835 3640 legislatricem
859 3607 874 3636 ‚
917 3564 1326 3648 quapropter
1365 3575 1598 3623 omnes
1638 3549 1788 3625 eius
1835 3549 1957 3623 filii
2008 3549 2275 3648 legibus
2310 3549 2398 3623 ab
2433 3549 2586 3649 ipsa

361 3661 741 3735 constitutis
804 3691 879 3736 se
930 3663 1264 3739 subiicere
1325 3681 1632 3739 tenentur
1675 3724 1689 3754 ,
1749 3667 1895 3740 sive
1946 3666 1995 3737 ii
2048 3665 2187 3740 sint
2244 3664 2589 3765 principes

364 3773 511 3847 sive
569 3775 849 3851 subditi.
906 3779 976 3850 Si
1028 3779 1232 3879 igitur
1289 3781 1647 3856 concilium
1683 3840 1699 3868 ,
1765 3797 2030 3857 oratore
2083 3781 2235 3882 ipso
2284 3780 2535 3854 fatente
2565 3838 2584 3866 ,

362 3890 666 3966 condidit
707 3919 1047 3980 canonem,
1095 3896 1238 3970 sive
1288 3897 1528 3973 melius
1573 3899 1897 3972 decretum
1946 3896 2381 3999 disciplinae,
2425 3896 2588 3970 dum

364 4006 599 4080 statuit
656 4007 940 4083 sormam
1000 4010 1550 4088 celebrandorum
1609 4013 2076 4112 coniugiorum
2119 4071 2135 4102 ,
2198 4030 2266 4087 et
2313 4010 2589 4113 quidem

364 4121 493 4195 sub
535 4122 868 4199 nullitatis
920 4152 1171 4226 poena,
1223 4154 1419 4204 nemo
1467 4145 1602 4216 est,
1649 4129 1765 4231 qui
1817 4129 1906 4204 ab
1954 4155 2035 4204 ea
2086 4156 2161 4205 se
2214 4128 2591 4203 subducere

365 4237 620 4329 valeat;
671 4240 1074 4350 contrarium
1110 4269 1267 4319 vero
1301 4271 1604 4321 asserere
1636 4245 2085 4344 gravissimus
2119 4244 2359 4322 saltem
2411 4270 2592 4318 error

365 4373 564 4430 esset.
