3276 5083
687 415 821 486 370
1084 434 1204 486 ιιι.
1248 437 1294 486 ι.
1337 436 1509 485 sacr.
1550 436 1809 486 Λιτιιυι.
1854 436 1932 485 nt
1966 435 2228 485 uma.
2272 433 2486 483 crvm.

828 555 1028 629 Multo
1053 579 1210 629 vero
1236 555 1459 628 minus
1488 570 1707 653 potest
1731 579 1885 628 esse
1908 555 2078 651 legis
2105 552 2424 649 obligatio
2458 539 2534 625 in
2563 552 2918 626 eiusmodi

684 672 1101 772 separatione
1149 696 1312 768 erga
1363 686 1634 743 statum.
1691 668 2042 756 Quomodo
2090 668 2268 742 enim
2320 667 2500 741 serio
2562 665 2920 739 affirmare

680 787 838 887 quis
887 811 1097 859 ausus
1147 786 1237 858 sit
1283 784 1456 881 legis
1507 809 1664 857 esse
1712 782 2191 880 obligationem
2224 780 2614 855 vindicandi
2652 796 2914 853 statum

682 902 770 977 ab
802 900 1121 988 ecclesia,
1162 927 1202 972 a
1255 899 1577 996 religione
1604 956 1619 985 ‚
1679 925 1721 971 a
1770 896 1964 971 Deo?
2000 898 2130 983 Qui
2182 899 2275 970 ita
2324 897 2666 982 sentiunt,
2705 912 2774 971 et
2807 897 2915 969 ef-

683 1018 931 1091 futiunt
963 1017 1033 1089 in
1071 1015 1358 1116 publicis
1408 1014 1704 1089 comitiis
1741 1040 1817 1088 se
1853 1013 2076 1114 palam
2128 1011 2554 1114 populorum,
2586 1010 2913 1110 aquibus

682 1131 978 1231 delegari
1030 1132 1366 1218 dicuntur,
1408 1130 1783 1229 proditores
1814 1129 2275 1229 imprudenter
2321 1127 2792 1213 manifestant,
2829 1145 2912 1199 et

685 1249 1056 1351 proditores
1093 1265 1304 1322 status
1338 1247 1500 1349 qui,
1541 1273 1694 1321 cum
1731 1246 2061 1346 profunde
2093 1244 2466 1319 catholicus
2493 1244 2622 1329 sit,
2652 1258 2726 1317 ut
2751 1243 2911 1342 ipse

683 1382 905 1441 orator
950 1366 1192 1439 fatetur
1212 1422 1228 1451 ‚
1269 1390 1393 1438 nec
1425 1364 1569 1436 vult
1616 1390 1741 1436 nec
1792 1362 2056 1463 quaerit
2101 1360 2376 1463 impiam
2426 1360 2760 1435 eiusmodi
2793 1359 2907 1431 in-

683 1480 1231 1581 dependentiam‚
1274 1479 1409 1554 imo
1443 1478 1531 1552 ab
1565 1505 1647 1552 ea
1682 1478 1962 1576 refugit,
2009 1494 2078 1551 et
2122 1476 2460 1550 abhorret.
2513 1475 2709 1560 Quod
2742 1500 2901 1547 cum

553 1579 568 1595 ’
683 1620 879 1693 aegre
939 1596 1152 1666 serant
1220 1591 1764 1692 pseudo-politici
1809 1648 1824 1677 ‚
1897 1592 2060 1663 hinc
2126 1589 2478 1665 machinas
2544 1589 2907 1663 admovent

682 1735 916 1783 omnes
937 1766 954 1796 ,
1010 1723 1086 1781 ut
1132 1722 1378 1781 statum
1427 1733 1508 1779 ex
1558 1705 1889 1780 catholico
1939 1704 2386 1779 acatholicum
2435 1704 2733 1779 efficiant
2762 1762 2780 1790 ‚
2835 1705 2898 1777 si

682 1822 952 1922 quidem
1006 1820 1074 1892 id
1127 1819 1269 1891 fieri
1323 1835 1575 1918 posset.
1636 1819 1829 1904 Quod
1882 1818 1941 1892 si
1985 1818 2115 1891 hoc
2153 1844 2287 1892 non
2322 1820 2412 1893 sit
2442 1816 2904 1919 imprudenter

682 1950 928 2010 statum
977 1932 1291 2032 prodere,
1339 1932 1503 2033 quid
1544 1932 1636 2006 sit
1683 1932 1945 2020 fallere,
1987 1932 2268 2033 prodere
2309 1958 2389 2007 ac
2421 1932 2734 2032 decipere
2791 1958 2899 2003 me

682 2076 847 2125 sane
880 2049 1141 2124 nescire
1179 2049 1512 2148 profiteor.
1554 2049 1771 2148 Atque
1805 2049 1973 2123 haec
2008 2048 2276 2148 publice
2310 2049 2736 2150 proferuntur
2767 2047 2898 2122 sub

682 2168 961 2252 statuto,
1004 2166 1074 2237 in
1111 2164 1306 2239 cuius
1333 2165 1547 2266 primo
1572 2164 1855 2238 articulo
1886 2166 2029 2237 sola
2060 2166 2294 2263 reliqio
2344 2165 2698 2247 catholica,
2740 2190 2900 2262 apo-

680 2284 909 2356 stolica
971 2307 1243 2354 romana
1271 2336 1290 2365 ,
1348 2280 1579 2377 religio
1624 2295 1837 2353 status
1886 2279 2273 2354 solemniter
2319 2278 2744 2353 declaratur!

824 2398 1107 2470 Demum
1141 2453 1157 2483 ,
1214 2395 1331 2495 qui
1384 2394 1554 2467 adeo
1597 2393 1869 2468 solliciti
1933 2412 2090 2468 sunt
2137 2419 2260 2492 pro
2308 2409 2524 2467 status
2575 2394 2894 2494 indepen-

679 2623 965 2672 aistratione
993 2633 1162 2671 eorum
1179 2655 1195 2682 ,
1227 2630 1355 2682 quae
1381 2618 1442 2669 ad
1472 2619 1871 2669 sustentationem
1894 2619 2168 2669 necessaria
2191 2620 2307 2668 sunt
2337 2618 2577 2669 ministris
2606 2618 2807 2680 cultus(
2827 2619 2892 2667 ib.

679 2712 789 2762 pag.
810 2706 885 2750 15.
909 2698 1137 2759 lin.16.);
1161 2696 1382 2760 adeoque
1401 2733 1416 2758 ,
1445 2695 1577 2760 quod
1611 2697 1749 2748 nulla
1787 2695 1861 2746 lex
1897 2699 1983 2747 aut
2016 2685 2319 2747 consuetudo
2340 2697 2668 2748 ecclesiastica
2687 2697 2900 2748 valorem

680 2776 860 2826 babeat
875 2813 891 2839 ,
915 2788 1070 2839 quum
1099 2773 1249 2824 deleri
1272 2787 1331 2824 ac
1350 2774 1596 2824 immutari
1625 2775 1822 2838 possita
1838 2775 2055 2840 principe
2073 2775 2122 2824 vi
2144 2775 2302 2837 regiae
2319 2788 2437 2826 suae
2459 2777 2714 2839 potestatis
2732 2812 2747 2838 ,
2775 2777 2894 2839 quin

679 2856 778 2908 aiio
793 2855 999 2908 consilio
1014 2854 1227 2916 indigeat
1239 2856 1429 2918 praeter
1443 2855 1699 2917 rationem,
1714 2867 1799 2906 seu
1814 2856 2115 2906 voluntatem
2130 2869 2271 2906 suam
2286 2856 2374 2913 (ib.
2388 2870 2437 2920 p.
2453 2861 2526 2907 17.
2539 2857 2628 2907 lin.
2639 2864 2694 2908 st
2714 2858 2893 2918 seq).-

824 2935 927 2985 Hae
950 2934 1081 2998 ipsae
1103 2933 1355 2983 doctrinae
1373 2933 1619 2997 copiosius
1648 2934 1973 2998 ampliorique
1997 2934 2221 2985 claritate
2239 2935 2489 2998 expositae
2505 2937 2622 2985 sunt
2641 2935 2692 2985 in
2708 2935 2898 2998 prolixo

678 3027 826 3078 opere
847 3014 927 3064 cui
947 3013 1025 3063 tit.
1050 3012 1304 3077 maloque
1326 3015 1465 3063 inter
1493 3011 1815 3077 discipulum
1836 3015 1888 3063 et
1913 3016 2231 3078 maqutrum
2264 3013 2427 3078 (apud
2450 3013 2674 3065 Goidasti
2698 3018 2774 3065 De
2789 3026 2894 3063 mo·

682 3093 906 3146 marchia
939 3095 1062 3144 tom.
1084 3095 1147 3143 11.
1169 3105 1280 3157 pag.
1306 3099 1396 3144 396
1413 3105 1552 3157 seqq.
1575 3093 1594 3156 )
1621 3096 1678 3143 in
1710 3095 1824 3144 octo
1854 3096 2222 3159 quaestionum
2251 3093 2533 3145 decisiones
2562 3107 2723 3158 super
2752 3096 2891 3158 pote·

675 3176 816 3225 state
833 3176 1033 3225 Summi
1056 3171 1327 3236 Pontificts
1354 3173 1372 3236 (
1396 3173 1489 3224 loc.
1514 3174 1598 3224 eit.
1621 3187 1731 3237 pag.
1755 3179 1845 3224 ³18
1877 3187 2014 3237 seqq.
2039 3173 2057 3236 )
2086 3176 2135 3225 et
2166 3174 2216 3223 in
2244 3175 2397 3224 altera
2425 3177 2503 3223 De
2533 3173 2895 3224 iurisdictione

678 3256 1008 3318 mperatum
1030 3256 1086 3304 in
1111 3257 1285 3305 causis
1313 3253 1813 3305 matrimonialibus.
1839 3257 1893 3303 ln
1915 3254 2008 3304 hoc
2027 3253 2283 3318 posteriori
2316 3255 2528 3304 tractatu
2561 3254 2895 3305 demonstrare

680 3333 853 3384 aititur
868 3371 883 3395 ,
905 3336 1123 3396 spectare
1141 3333 1205 3384 ad
1225 3334 1568 3398 imperatorem
1583 3371 1599 3397 ,
1631 3335 1803 3399 utpote
1822 3347 2150 3385 successorem
2170 3335 2222 3384 in
2241 3334 2429 3384 iuribus
2451 3335 2641 3399 imperii
2662 3339 2890 3395 romani,

678 3411 1064 3476 dispensationes
1082 3411 1346 3463 concedere
1367 3412 1416 3461 in
1440 3412 1634 3463 casibus
1656 3412 2145 3476 consanguineitatis,
2166 3414 2396 3476 quamvis
2415 3413 2683 3464 contrarias
2705 3413 2895 3476 legibus

675 3489 962 3553 pontificum
982 3492 1032 3540 et
1046 3490 1290 3541 ecclesiae.
1311 3493 1364 3541 in
1378 3490 1551 3541 eodem
1572 3493 1780 3541 tractatu
1803 3491 2018 3542 affirmat
2038 3505 2209 3541 causas
2228 3490 2508 3555 spirituales
2526 3494 2576 3542 et
2591 3495 2895 3543 sacramenta

674 3570 845 3635 aliqua
881 3570 1070 3621 ratione
1103 3570 1346 3633 pertinere
1378 3569 1442 3620 ad
1475 3570 1632 3634 regias
1655 3573 1706 3621 et
1727 3571 2002 3635 imperiales
2033 3572 2403 3634 attributiones,
2436 3572 2719 3636 praesertim
2740 3573 2792 3622 in
2813 3573 2895 3636 iis,

678 3662 807 3714 quae
829 3651 1051 3714 spectant
1070 3650 1134 3700 ad
1153 3653 1372 3714 tempora
1388 3688 1403 3713 ,
1430 3650 1494 3701 ad
1520 3651 1707 3702 cultum
1727 3688 1742 3713 ,
1762 3650 1826 3701 ad
1849 3651 2096 3701 ministros
2116 3652 2210 3702 etc.
2233 3653 2539 3716 Quapropter
2560 3652 2644 3715 qui
2678 3653 2890 3717 primum

680 3728 939 3781 constituit
970 3729 1324 3794 separationem
1344 3729 1619 3781 absolutam
1641 3730 1850 3781 duarum
1873 3732 2168 3795 potestatum
2182 3768 2197 3793 ,
2223 3731 2388 3781 intulit
2416 3731 2786 3796 dependentiam
2808 3746 2892 3796 po·

678 3810 867 3862 testatis
895 3809 1163 3874 spiritualis
1183 3823 1212 3860 a
1239 3811 1478 3874 potestate
1503 3810 1760 3874 temporali
1805 3823 1959 3874 usque
1989 3809 2051 3860 ad
2086 3810 2327 3860 iudicium
2355 3813 2404 3861 et
2433 3810 2805 3876 depositionem,
2831 3824 2891 3861 ex

671 3892 812 3955 parte
838 3889 1178 3954 imperatoris,
1212 3890 1462 3942 Pontificis
1495 3890 1694 3951 summi,
1731 3891 1818 3954 qui
1846 3891 2100 3941 haereseos
2130 3891 2267 3940 iuxta
2298 3891 2460 3955 ipsum
2491 3891 2640 3943 fuerit
2659 3905 2786 3943 reus.
2807 3891 2885 3941 Cf.

677 3967 967 4019 nominatim
1003 3969 1210 4033 Dialo9.
1235 3983 1284 4033 p.
1308 3971 1397 4021 111.
1418 3983 1463 4021 c.
1496 3974 1568 4022 17.
1586 3984 1697 4035 pag.
1719 3974 1808 4021 9⁴7
1841 3983 1979 4034 seqq.
2008 3969 2154 4026 Quod
2176 3970 2378 4033 quidem
2405 3971 2701 4035 principium
2727 3971 2893 4023 evolu-

677 4050 784 4098 tum
802 4048 942 4112 piene
962 4048 1057 4100 ruit
1074 4062 1106 4099 a
1121 4051 1339 4101 marsilio
1368 4051 1603 4102 Patavino
1626 4053 1678 4100 in
1699 4064 1781 4115 op.
1806 4049 2063 4112 Defensor
2082 4055 2251 4116 pacis.
2276 4049 2402 4103 lbid.
2428 4055 2546 4103 tom.
2570 4054 2634 4103 11.

822 4129 895 4177 En
926 4130 1260 4193 promptuaria
1288 4144 1349 4181 ex
1377 4130 1556 4196 quibus
1578 4131 1756 4182 deinde
1777 4130 2031 4197 regalistae
2051 4145 2220 4183 omnes
2239 4135 2290 4182 et
2310 4133 2624 4197 separatistae
2643 4132 2890 4185 doctrinas

671 4219 785 4258 suas
818 4207 1100 4260 hauserunt.

818 4289 972 4339 Porro
1003 4290 1169 4340 omnia
1198 4291 1319 4344 haec
1347 4305 1497 4357 opera
1521 4305 1635 4344 cum
1658 4291 1762 4344 suis
1785 4292 2066 4343 auctoribus
2093 4292 2364 4358 proscripta
2394 4296 2579 4345 suntet
2603 4294 2654 4345 in
2679 4293 2889 4345 indicem

674 4367 950 4418 consectum
971 4368 1107 4418 iussu
1127 4369 1322 4422 concilii
1344 4371 1595 4422 tridentini
1621 4371 1788 4423 relata.
