3276 5083
637 424 675 493 2
1035 449 1155 498 un.
1199 451 1246 501 1.
1288 450 1460 499 sacr.
1507 453 1552 499 1.
1599 450 1679 500 ns
1718 452 1980 503 uranu.
2028 428 2458 502 stemum‘ross

632 565 874 662 agendi
930 567 1251 641 rationem
1295 569 1786 668 praemittimus
1810 628 1824 655 ,
1879 571 2041 669 quia
2088 569 2330 643 exinde
2363 568 2476 641 lux
2511 564 2862 664 affulgehit

629 681 716 752 ad
752 698 1040 756 mentem
1065 698 1327 781 patrum
1355 684 1599 757 melius
1622 685 2726 787 assequendam‚quotiescumque
2747 710 2864 757 eo-

629 823 775 868 rum
800 796 1001 871 effata
1027 814 1144 870 aut
1165 796 1410 884 dubia,
1458 815 1573 871 aut
1613 825 1747 872 non
1787 800 1953 873 satis
1996 799 2362 873 decretoria
2393 796 2477 871 ad
2525 823 2660 870 rem
2701 823 2866 871 con-

631 912 987 986 ficiendam
1048 914 1381 987 videntur.
1441 912 1704 987 Certum
1765 914 2097 1014 siquidem
2134 933 2270 1000 est,
2313 930 2539 1013 patres
2602 913 2862 988 locutos

630 1026 842 1100 fuisse
879 1028 1062 1100 iuxta
1097 1028 1502 1113 doctrinam,
1546 1054 1726 1127 quae
1766 1028 2056 1129 singulis
2101 1029 2429 1104 aetatibus
2466 1030 2536 1099 in
2572 1028 2862 1102 ecclesia

626 1141 915 1238 vigebat.
958 1141 1028 1212 Si
1067 1139 1347 1240 proinde
1379 1159 1559 1216 certo
1591 1143 1967 1217 constiterit
1997 1143 2083 1217 de
2119 1143 2253 1216 fide
2276 1202 2290 1230 ,
2332 1169 2537 1243 quam
2571 1143 2860 1218 ecclesia

626 1256 804 1329 circa
860 1258 1261 1331 sacramenti
1326 1258 1733 1331 matrimonii
1800 1256 2144 1333 veritatem
2215 1258 2654 1358 profitebatur
2684 1315 2704 1346 ,
2775 1284 2858 1333 eo

627 1372 783 1468 ipso
816 1371 1151 1445 constabit
1183 1372 1271 1446 de
1302 1397 1620 1470 germano
1666 1396 1872 1447 sensu
1917 1366 2180 1471 patrum
2226 1371 2862 1448 ecclesiasticorum-

624 1512 763 1584 que
794 1486 1195 1586 scriptorum
1238 1485 1323 1560 iis
1362 1486 1432 1559 in
1472 1484 1638 1560 locis
1663 1544 1680 1573 ,
1715 1486 1785 1558 in
1809 1486 2062 1586 quibus
2099 1486 2187 1559 de
2229 1487 2651 1560 matrimonio
2684 1487 2860 1559 chri-

626 1601 846 1675 stiano
878 1602 1221 1675 disserunt
1245 1601 1430 1674 iuxta
1459 1617 1797 1701 receptam
1835 1600 2162 1676 ecclesiae
2196 1600 2590 1676 doctrinam.
2623 1600 2853 1675 Canon

627 1717 754 1790 iste
802 1716 1299 1792 ecclesiasticae
1341 1716 1910 1816 interpretationis
1969 1716 2217 1792 nedum
2266 1716 2671 1814 theologice,
2731 1717 2852 1789 sed

622 1833 823 1904 etiam
857 1832 1087 1905 critice
1129 1847 1471 1930 spectatus
1497 1831 1668 1905 adeo
1692 1849 1921 1905 certus
1951 1849 2087 1918 est,
2117 1849 2193 1903 ut
2226 1829 2391 1906 nulli
2429 1831 2519 1904 sit
2552 1830 2850 1929 ambagi‚

624 1963 741 2020 aut
785 1946 1192 2021 contentioni
1244 1946 1600 2021 obnoxius.
1865 1942 1872 1947 ’

770 2063 909 2135 Iam
957 2082 1116 2136 vero
1153 2061 1507 2136 ecclesiam
1551 2062 1794 2161 quovis
1855 2076 2155 2161 tempore
2193 2061 2640 2135 christianum
2694 2088 2855 2137 con-

624 2177 881 2276 iugium
948 2176 1048 2251 uti
1118 2192 1612 2250 sacramentum
1682 2203 1724 2249 a
1793 2176 2060 2250 Christo
2127 2176 2411 2250 Domino
2476 2176 2852 2250 institutum

623 2293 950 2368 habuisse
1010 2308 1217 2394 atque
1274 2293 1649 2393 professam
1684 2318 1871 2378 esse,
1916 2299 2178 2392 praeter
2234 2292 2370 2365 duo
2430 2292 2858 2391 oecumenica

620 2409 938 2496 concilia,
982 2408 1417 2482 tridentinum
1469 2425 1537 2481 et
1592 2406 2056 2492 florentinum,
2115 2432 2292 2505 quae
2339 2422 2569 2507 aperte
2620 2408 2853 2479 matri-

621 2524 920 2598 monium
978 2522 1214 2597 eodem
1266 2524 1335 2594 in
1385 2548 1596 2597 censu
1654 2550 1734 2597 ac
1797 2549 1913 2596 sex
1966 2521 2100 2595 alia
2162 2539 2582 2597 sacramenta
2641 2548 2860 2598 novae

621 2639 791 2736 legis
823 2637 974 2711 sine
1007 2634 1150 2711 ullo
1181 2636 1575 2710 discrimine
1608 2653 2000 2737 pomerum,
2034 2654 2270 2711 testem
2297 2636 2631 2710 hahemus
2665 2635 2852 2708 aliud

619 2751 1125 2827 oecumenicum
1174 2750 1482 2824 anterius
1533 2751 1928 2838 concilium,
1975 2775 2218 2852 nempe
2283 2750 2708 2848 lugdunense
2758 2751 2853 2822 11„

620 2869 690 2939 in
738 2891 880 2966 quo
924 2867 1213 2966 primum
1251 2892 1384 2964 pax
1422 2864 1744 2939 solemnis
1795 2865 1964 2938 inita
2003 2882 2107 2939 est
2143 2866 2319 2939 inter
2372 2866 2620 2938 latinos
2665 2890 2859 2961 grae·-

618 3006 871 3080 cosque
919 2978 1049 3053 suh
1096 2978 1167 3052 h.
1225 2979 1540 3077 Gregorio
1585 2980 1670 3050 X.
1728 2980 1804 3050 In
1857 2979 2061 3052 huius
2110 2980 2291 3052 enim
2350 2978 2620 3052 concilii
2679 2979 2859 3052 actia

616 3094 1018 3168 exhihentur
1064 3094 1324 3167 litterae
1372 3092 1720 3166 Michaelis
1772 3092 2144 3190 Palaeologi
2203 3118 2592 3190 groecorum
2639 3094 2856 3192 impe-⁴

620 3211 858 3285 ratoris
917 3210 1002 3283 ad
1063 3211 1131 3282 h.
1169 3208 1559 3307 Gregorium
1623 3210 1858 3295 datae,
1921 3209 2172 3309 quihus
2232 3234 2356 3281 suo
2404 3226 2474 3281 et
2527 3207 2864 3283 ecclesiae

619 3352 899 3425 graecae
932 3327 1205 3400 nomine
1240 3325 1397 3399 fidei
1437 3325 1925 3425 professionem
1956 3326 2203 3397 emittit
2236 3326 2616 3425 imperator.
2652 3327 2856 3398 Porro

618 3443 688 3513 in
741 3442 871 3516 hac
925 3441 1085 3514 fidei
1129 3441 1588 3542 professione,
1629 3466 1783 3514 cum
1821 3440 1905 3512 ad
1943 3457 2359 3514 sacramenta
2392 3455 2667 3512 ventum
2707 3457 2843 3522 est,

616 3555 787 3629 haec
835 3554 1178 3653 leguntur:
1226 3584 1262 3623 α
1295 3555 1502 3628 Tenet
1549 3554 1753 3628 etiam
1801 3570 1870 3629 et
1915 3553 2111 3628 docet
2157 3553 2391 3627 eadem
2448 3569 2686 3626 sancta
2745 3579 2858 3628 ro·-

614 3694 814 3744 mana
846 3670 1135 3745 ecclesia
1188 3670 1343 3766 (cui
1378 3695 1455 3743 se
1487 3670 1903 3744 conformare
1952 3670 2333 3769 profitetur)
2390 3685 2652 3768 septem
2698 3694 2856 3744 esse

614 3783 1068 3874 ecclesiastica
1120 3801 1570 3872 sacramenta,
1623 3807 1833 3857 unum
1873 3784 2131 3858 scilicet
2169 3782 2543 3883 baptisma.
2579 3841 2593 3855 .
2625 3842 2639 3856 .
2666 3783 2849 3856 aliud

614 3917 721 3974 est
756 3919 1248 3976 sacramentum
1283 3900 1813 3975 confirmationis
1848 3959 1861 3972 .
1906 3959 1918 3971 .
1963 3958 1976 3970 .
2013 3899 2195 3974 aliud
2241 3915 2345 3972 est
2404 3897 2841 3997 poenitentia,

614 4016 798 4089 aliud
848 4016 1258 4091 eucharistia
1277 4074 1292 4103 ‚
1361 4014 1547 4090 aliud
1599 4033 2087 4090 sacramentum
2155 4014 2417 4089 ordinis
2436 4071 2452 4102 ,
2519 4012 2708 4086 aliud
2754 4028 2850 4086 ost

619 4132 1140 4214 matrimonium,
1183 4131 1368 4205 aliud
1409 4143 1703 4206 extrema
1736 4131 1965 4205 unctio
2005 4132 2134 4224 (2).
2175 4160 2211 4199 »
2252 4128 2397 4204 Hae
2454 4128 2713 4202 litterae
2761 4127 2854 4201 le·

762 4316 833 4380 (2)
861 4323 1006 4368 sacr.
1022 4319 1208 4369 concil.
1234 4318 1354 4368 coll.
1379 4322 1550 4368 venet.
1581 4322 1713 4368 1780.
1732 4320 1852 4367 tom.
1871 4320 2044 4366 xxiv.
2066 4316 2159 4366 col.
2178 4316 2562 4368 7t.celebratum
2586 4317 2660 4366 cst
2683 4297 2860 4365 autcm'

621 4399 713 4447 hoc
742 4397 1007 4450 concilium
1043 4410 1122 4448 an.
1164 4401 1300 4450 1374.
