3276 5083
765 452 901 502 car.
948 453 1041 501 ιιι.
1085 454 1164 502 na
1207 454 1467 505 mrum.
1513 454 1736 506 civius
1787 457 1966 508 raes.
2011 459 2150 507 Λιιτ.
2196 458 2290 509 ιιι.
2501 440 2639 509 313

570 572 638 641 Si
692 586 1042 668 propterea
1097 571 1364 670 publica
1422 598 1500 644 ac
1551 573 1953 648 universalis
2015 578 2246 676 opinio
2293 576 2461 651 adeo
2510 605 2651 653 ma-

427 685 666 759 nifeste
716 712 791 759 se
841 687 1172 785 proditae
1207 687 1439 784 patefit
1486 704 1718 761 contra
1769 689 2100 764 eiusmodi
2151 691 2378 765 civilia
2420 695 2651 767 coniu-

422 801 570 896 gia,
612 827 833 874 nonne
870 826 1173 874 summae
1207 819 1310 874 est
1345 802 1839 901 imprudentiae
1862 863 1878 892 ,
1919 806 2162 879 addam
2198 824 2266 881 et
2298 808 2651 909 impuden-

426 915 558 988 tiae
592 916 1082 1015 perfrictaeque
1117 917 1355 990 frontis
1398 917 1570 991 velle
1608 919 1828 1018 ipsam
1863 921 2110 995 adoriri
2137 949 2215 997 ac
2241 925 2652 1024 provocare?

422 1030 653 1103 Nonne
681 1029 850 1104 haec
886 1030 1133 1129 agendi
1172 1033 1340 1105 ratio
1374 1032 1845 1132 quadantenus
1888 1036 2223 1111 insaniam
2252 1063 2332 1111 ac
2356 1038 2648 1113 furorem

423 1145 708 1243 sapit,et
729 1172 1016 1243 prorsus
1043 1147 1460 1247 antipolitiea
1486 1148 1632 1221 est?
1656 1149 1793 1222 Nec
1812 1154 2082 1236 coneris,
2119 1152 2337 1252 inquit
2353 1154 2653 1255 Scriptu-

324 1296 329 1301 1
421 1284 527 1347 ra,
571 1275 795 1332 contra
827 1263 1029 1333 ictum
1060 1263 1259 1361 fluvii
1301 1264 1477 1358 (14).
1510 1264 1858 1362 Siquidem
1898 1266 2041 1338 fieri
2079 1269 2351 1343 omnino
2387 1270 2643 1369 nequit,

420 1391 494 1448 ut
541 1401 623 1448 ea
674 1376 1083 1476 praevaleat,
1141 1403 1222 1450 ac
1271 1377 1403 1451 sibi
1454 1405 1588 1452 non
1640 1398 1939 1454 accersat
1989 1383 2280 1456 ruinam.

566 1489 923 1563 Moliantur
973 1492 1264 1565 tamdem
1316 1519 1395 1566 ac
1446 1493 1696 1567 faciant
1745 1497 2080 1596 quidquid
2132 1498 2315 1572 lubet
2352 1500 2645 1600 pseudo-

424 1602 721 1702 politici,
793 1630 1162 1704 numquam
1211 1631 1292 1680 eo
1343 1609 1764 1705 pervenient,
1822 1627 1896 1684 ut
1947 1610 2124 1686 hanc
2172 1629 2588 1688 constantem
2622 1673 2638 1703 ,

419 1734 717 1792 tenacem
748 1720 1154 1820 ,firmamque
1188 1723 1573 1821 opinionem
1599 1724 2012 1813 convellant,
2044 1727 2338 1816 vincant,
2382 1745 2500 1803 aut
2532 1757 2650 1804 su-

423 1851 679 1932 perent.
730 1835 912 1908 Haec
948 1837 1169 1911 inuret
1201 1864 1467 1939 semper
1500 1866 1587 1913 ac
1615 1840 1859 1938 iugiter
1892 1842 2380 1942 reprobationis
2416 1863 2644 1920 notam

423 1949 804 2023 istiusmodi
841 1950 1012 2048 legi,
1054 1969 1256 2052 atque
1290 1953 1542 2028 idcirco
1578 1955 2117 2054 imprudentibus
2161 1959 2462 2032 eiusdem
2500 1960 2648 2034 fau-

422 2061 681 2136 toribus
708 2088 787 2137 ac
812 2066 1308 2162 promotoribus
1333 2067 1403 2138 in
1431 2093 1651 2140 seram
1686 2096 1906 2169 usque
1941 2073 2423 2169 posteritatem.
2467 2073 2642 2149 Certi

422 2175 491 2246 hi
541 2201 695 2250 esse
738 2195 1026 2277 possunt
1073 2179 1159 2252 de
1211 2181 1483 2278 proprio
1534 2183 1804 2256 nomine
1856 2183 1924 2255 in
1974 2184 2292 2265 infamiae
2341 2186 2494 2260 albo
2545 2188 2649 2261 in-

419 2290 696 2389 scripto.

569 2405 843 2492 Quarto.
896 2408 1245 2483 Praeterea
1294 2410 1627 2484 eiusmodi
1664 2411 1771 2511 ¹0¹,
1805 2438 1886 2485 ex
1920 2439 2002 2487 eo
2035 2414 2236 2488 etiam
2271 2415 2490 2515 capite
2523 2442 2644 2488 an-

417 2521 742 2622 tipolitica
787 2524 1119 2621 detegitur
1143 2584 1159 2614 ,
1201 2525 1383 2626 quod
1419 2527 1531 2600 via
1565 2527 1655 2600 sit
1689 2529 1773 2601 ad
1811 2528 2156 2602 infandam
2211 2556 2472 2604 morum
2498 2557 2645 2605 cor-

417 2638 827 2739 ruptionem,
886 2665 1018 2713 non
1073 2642 1499 2739 personalem
1548 2642 1784 2730 modo,
1839 2670 2070 2720 verum
2120 2644 2319 2718 etiam
2378 2646 2645 2721 univer-

413 2752 651 2827 salem.
686 2754 761 2828 ld
806 2755 989 2829 enim
1040 2757 1424 2831 necessario
1472 2759 1811 2857 continget
1848 2759 1976 2833 sub
2019 2759 2286 2836 diverso
2330 2779 2640 2863 respectu

418 2884 557 2939 tum
607 2869 931 2944 indirecte
965 2928 981 2958 ,
1041 2887 1182 2943 tum
1233 2872 1505 2945 directe.

564 2982 892 3056 Indirecte
923 2985 1029 3057 lex
1065 2987 1196 3058 ista
1222 2986 1522 3060 moribus
1565 2988 1856 3086 publicis
1893 3009 2291 3066 nocumento
2324 3010 2460 3080 est,
2501 3019 2644 3069 eos-

419 3121 552 3193 que
609 3097 863 3170 emollit
903 3116 971 3172 et
1011 3117 1324 3187 enervat,
1391 3119 1725 3200 quatenus
1795 3105 2090 3203 seiungit
2152 3108 2539 3204 coniugium
2599 3134 2639 3181 a

421 3210 741 3308 religione
762 3271 778 3299 ‚
812 3240 987 3312 quae
1012 3214 1156 3288 sola
1197 3242 1355 3288 vera
1397 3218 1598 3290 tutrix
1623 3235 1752 3306 est,
1783 3221 2157 3321 efficaxque
2199 3240 2424 3297 custos
2481 3223 2638 3297 fide-

418 3326 627 3418 litatis
663 3328 1038 3426 coniugalis
1074 3355 1153 3402 ac
1189 3329 1587 3405 honestatis.
1622 3332 1692 3402 Si
1719 3333 1899 3407 Deus
1936 3335 2246 3432 coniugio
2280 3361 2413 3408 non
2449 3361 2642 3436 prae-

417 3440 628 3526 sidet,
686 3442 746 3514 si
799 3443 1002 3515 immo
1051 3441 1137 3515 ab
1188 3443 1318 3516 hac
1368 3446 1837 3521 coniunctione
1886 3447 2290 3536 excluditur,
2335 3465 2534 3548 prout
2569 3449 2644 3523 fit

419 3555 487 3625 in
539 3557 960 3631 matrimonio
1010 3585 1190 3631 mere
1241 3559 1460 3646 civili,
1519 3562 1815 3659 profecto
1858 3565 2270 3662 praesumpti
2322 3565 2641 3661 coniuges

419 3671 489 3740 in
532 3670 852 3768 periculis
888 3699 966 3745 ac
1010 3673 1491 3747 tentationibus
1543 3677 1887 3750 constituti
1939 3703 2070 3752 non
2122 3703 2197 3756 se
2246 3677 2643 3752 coercebunt

417 3811 458 3857 a
501 3788 1193 3881 transgressionibus,
1237 3816 1413 3889 quae
1448 3789 1616 3864 illud
1653 3791 1948 3866 foedant.
1992 3793 2204 3891 quue
2251 3810 2641 3890 argumento

413 3900 595 3999 quod
645 3900 891 3975 dicitur
941 3929 979 3974 a
1034 3904 1277 3977 minori
1328 3904 1415 3977 ad
1468 3906 1687 3978 maius
1739 3906 2209 3993 confirmatum
2268 3932 2423 3979 nam
2477 3909 2536 3982 si
2589 3910 2635 3981 ii

416 4015 588 4112 ipsi,
650 4015 766 4114 qui
820 4033 1049 4090 mutuo
1101 4018 1283 4117 apud
1335 4018 1544 4092 altare
1580 4020 2032 4117 promiserunt
2081 4046 2160 4093 ac
2211 4021 2512 4094 iurarunt
2544 4023 2641 4095 in-

412 4127 794 4203 violabilem
841 4129 1266 4219 fidelitatem,
1310 4149 1529 4206 tamen
1565 4132 1700 4206 heu
1728 4159 1932 4233 saepe
1959 4134 2161 4209 nimis
2189 4134 2372 4210 illam
2400 4137 2637 4210 infrin-

413 4262 611 4338 gunt,
651 4246 1180 4347 turpissimeque
1213 4274 1361 4321 eam
1398 4249 1704 4335 foedant,
1747 4249 2069 4348 quidnam
2098 4252 2224 4325 erit
2257 4252 2343 4327 de
2367 4252 2479 4339 iis,
2520 4252 2636 4350 qui

559 4413 663 4476 (14)
693 4415 829 4465 Eecl.
857 4418 943 4477 lv,
966 4423 1047 4466 ³2.
