3276 5083
578 420 715 512 clii.
744 461 830 511 iv.
857 460 935 509 m:
962 458 1196 508 Ancon.
1226 456 1341 507 rao
1377 454 1533 507 Laut
1560 457 1641 506 nr.
1676 457 1863 506 inira.
1886 455 2014 505 civ.
2047 456 2186 505 mr.
2215 458 2259 505 1.
2418 434 2553 505 355

348 583 574 653 minus
619 578 865 650 malum
922 574 1330 677 permitteret
1381 601 1499 647 seu
1549 573 1858 647 toleraret
1907 573 2421 647 concubinatum
2472 576 2557 647 ad

346 693 732 770 evitandum
759 693 977 765 maius
1006 691 1282 764 malum.
1308 690 1392 762 At
1416 691 1572 789 quis
1600 716 1732 764 non
1774 690 2189 763 horresceret
2222 689 2308 762 ad
2345 688 2559 764 solam

346 809 880 883 enunciationem
932 806 1101 904 legis
1152 806 1238 878 de
1289 805 1720 877 concubinatu
1753 804 1992 877 civili?
2033 805 2240 877 Nemo
2278 819 2454 878 certo
2488 805 2560 876 in

346 925 635 999 comitiis
665 923 1041 1023 subalpinis
1066 922 1342 996 auderet
1375 920 1706 995 eiusmodi
1745 919 1957 1017 legem
1993 946 2363 1021 proponere
2401 947 2560 994 san-

347 1040 654 1113 ciendam
687 1040 864 1134 (20).

490 1155 699 1252 Igitur
723 1211 739 1240 ,
797 1169 869 1225 ut
919 1153 1051 1226 iam
1119 1165 1584 1249 argumentum
1620 1151 1752 1224 hoc
1792 1149 2263 1236 absolvamus,
2325 1174 2563 1249 perpe-

348 1292 485 1341 ram
525 1284 708 1341 tanta
742 1292 894 1340 cum
947 1266 1364 1340 contentione
1414 1264 1703 1338 adducta
1753 1279 1857 1337 est
1889 1290 1930 1336 a
1964 1262 2136 1361 legis
2188 1262 2562 1338 fautoribus

349 1382 615 1454 libertas
673 1380 1097 1453 conscientiae
1148 1379 1232 1451 ad
1283 1405 1431 1451 eam
1484 1376 2050 1450 cohonestandam
2088 1434 2104 1464 ,
2169 1377 2363 1450 cuius
2412 1403 2561 1475 ger-

348 1523 618 1570 manum
670 1521 944 1569 sensum
997 1521 1082 1567 ne
1134 1509 1584 1590 cognoverunt
1623 1491 1922 1592 quidem.

491 1612 756 1698 Quinto.
812 1611 1097 1683 Demum
1150 1608 1666 1706 expendendum
1721 1620 2019 1679 remanet
2066 1631 2146 1680 ex
2198 1606 2285 1680 iis
2318 1664 2334 1693 ,
2389 1631 2565 1706 quae

346 1727 821 1826 proposuimus
847 1782 862 1811 ,
905 1725 1060 1797 data
1112 1724 1313 1797 etiam
1366 1722 1537 1796 salsa
1581 1749 1661 1796 ac
1695 1744 1974 1795 erronea
2024 1718 2581 1795 adversariorum

346 1857 725 1915 nostrorum
771 1839 1096 1912 libertatis
1132 1838 1583 1911 conscientiae
1620 1836 2132 1933 significatione,
2166 1863 2253 1909 an
2277 1863 2357 1909 ea
2382 1862 2564 1910 com-

346 1955 504 2052 poni
541 1970 836 2052 nequeat
876 1979 1027 2026 cum
1073 1952 1222 2048 lege
1246 2008 1261 2036 ,
1303 1977 1477 2049 quae
1511 1949 1762 2047 obliget
1793 1950 1880 2023 ad
1917 1950 2321 2023 servandum
2363 1952 2562 2023 ritum

348 2067 738 2162 religiosum
793 2067 862 2137 in
914 2065 1168 2162 nuptiis
1219 2062 1590 2136 ineundis?
1640 2063 2148 2161 Respondemus
2193 2064 2362 2135 nihil
2413 2091 2566 2139 esse

349 2180 467 2254 tali
519 2180 1004 2278 compositione
1053 2178 1341 2251 facilius.
1392 2177 1461 2247 Si
1513 2178 1694 2249 enim
1749 2202 1969 2250 sermo
2019 2178 2109 2250 sit
2157 2176 2244 2250 de
2293 2179 2566 2253 acatho-

348 2295 501 2368 licis
527 2353 543 2383 ,
591 2296 758 2368 satis
803 2294 930 2368 erit
977 2294 1334 2367 decernere
1377 2307 1451 2365 ut
1494 2292 1628 2391 ipsi
1674 2292 1870 2363 ritum
1916 2317 2118 2364 suum
2159 2308 2426 2366 servent
2459 2318 2566 2368 co—

352 2435 495 2482 ram
547 2410 875 2482 ministris
929 2409 1116 2496 suis,
1159 2423 1353 2509 prout
1388 2407 1711 2480 hactenus
1767 2405 1986 2481 facere
2033 2423 2558 2497 consueverunt,

349 2543 706 2626 actumque
760 2552 957 2598 suum
1021 2525 1089 2596 in
1152 2523 1345 2597 libris
1403 2522 1909 2620 magistratuum
1962 2521 2259 2595 civilium
2326 2523 2565 2597 inscri-

348 2640 528 2713 bant.
591 2641 785 2726 Quod
852 2641 910 2713 si
981 2656 1218 2737 agatur
1265 2639 1351 2711 de
1401 2636 1788 2725 catholicis,
1848 2637 2016 2709 nihil
2072 2638 2349 2738 impedit
2398 2665 2566 2738 quo-

348 2756 572 2828 minus
609 2770 942 2829 statuatur
972 2769 1048 2826 ut
1087 2768 1465 2826 contractus
1500 2752 1720 2826 civilis
1758 2751 2012 2825 nullius
2055 2751 2317 2826 roboris
2354 2754 2445 2827 sit
2475 2753 2564 2826 ad

351 2869 629 2944 effectus
671 2869 902 2943 civiles
938 2896 1019 2941 ex
1045 2895 1275 2943 eorum
1311 2867 1625 2964 coniugio
1650 2865 2078 2953 obtinendos,
2121 2868 2252 2940 nisi
2290 2869 2358 2940 in
2394 2868 2565 2942 facie

350 2983 675 3055 ecclesiae
706 2998 897 3055 aetus
943 2982 1294 3078 religiosus
1334 2981 1705 3054 celebratus
1734 2980 1962 3067 fuerit,
1998 2982 2564 3080 quemadmodum

353 3099 422 3168 in
453 3096 858 3194 quibusdam
896 3083 1243 3196 guberniis
1278 3096 1529 3170 obtinet
1561 3099 1738 3192 (21).
1773 3095 1956 3167 Nihil
2002 3097 2250 3194 pariter
2284 3096 2565 3196 impedit

351 3212 743 3310 quominus,
787 3210 1125 3284 nonnullis
1172 3211 1445 3284 casibus
1493 3212 1791 3310 exceptis
1815 3269 1830 3299 ,
1871 3211 2173 3309 episcopi
2226 3211 2559 3310 parochos

350 3342 636 3424 cogant,
686 3341 1040 3426 antequam
1093 3326 1349 3423 nuptiis
1402 3326 1725 3399 assistant
1778 3352 1854 3399 ae
1902 3325 2307 3397 benedicant
2338 3384 2354 3412 ,
2408 3342 2481 3399 ut
2523 3352 2564 3398 a

495 3524 594 3587 (20)
626 3525 702 3574 Cf.
719 3525 966 3587 egregium
988 3524 1291 3588 opusculum
1320 3526 1404 3574 cit.
1430 3523 1580 3574 Belle
1605 3524 1740 3588 lcyqi
1768 3523 1917 3574 civili
1939 3523 2032 3574 che
2052 3523 2380 3588 riquardum
2404 3524 2447 3574 tl
2468 3537 2571 3574 ma·

355 3607 599 3653 trimonio
618 3603 971 3664 decri-sciant,
1008 3605 1060 3653 in
1097 3619 1196 3667 quo
1229 3606 1330 3653 tota
1361 3604 1481 3653 baec
1513 3603 1704 3654 theoria
1738 3601 1843 3653 fuse
1881 3603 2150 3666 evolvitur,
2174 3606 2224 3653 et
2254 3617 2314 3653 ex
2348 3617 2448 3667 quo
2475 3618 2568 3654 nos

349 3694 505 3745 pauca
526 3682 645 3732 llaec
664 3681 1009 3734 delibavimus.
1034 3683 1209 3748 Accepi
1231 3683 1365 3747 qnod
1388 3683 1494 3733 eins
1512 3685 1686 3732 auctor
1711 3682 1778 3732 sit
1803 3682 1866 3732 cl.
1889 3687 1944 3732 Α.
1958 3683 2196 3733 Rosmini.

497 3762 598 3825 (21)
631 3764 698 3813 Ut
725 3762 774 3811 in
810 3776 957 3826 regno
982 3763 1294 3828 neapolitano
1317 3763 1367 3812 in
1389 3763 1529 3813 cuius
1564 3761 1734 3812 codice
1757 3775 1866 3825 cap.
1887 3764 1976 3812 111.
1997 3762 2151 3825 chlt
2174 3764 2278 3813 aeli
2299 3761 2359 3812 dt
2385 3765 2566 3813 mati-t·

351 3847 523 3892 monio
548 3843 617 3892 ita
646 3843 904 3892 statuitur:
935 3863 958 3885 α
978 3843 1032 3892 11
1054 3846 1391 3892 matrimonio
1420 3842 1508 3892 nel
1530 3856 1691 3906 reqno
1718 3841 1857 3892 delle
1878 3841 1982 3892 due
2001 3842 2176 3893 Sicilie
2199 3856 2296 3891 non
2315 3843 2357 3892 si
2381 3843 2479 3907 pno
2505 3843 2572 3894 le·

349 3923 704 3986 gittimamente
725 3921 970 3972 celebrare
983 3960 998 3984 ,
1026 3925 1116 3973 che
1135 3923 1185 3973 in
1206 3924 1359 3973 faccia
1377 3922 1507 3973 della
1524 3925 1717 3986 chiesa,
1738 3922 1951 3973 secondo
1969 3922 2015 3973 le
2037 3923 2195 3972 forme
2213 3923 2465 3986 presel-itte
2487 3923 2567 3974 dal

351 4003 559 4054 concilio
576 4002 629 4054 di
647 4003 845 4053 Trento.
860 4003 938 4052 Gli
960 4004 1050 4054 atti
1072 4003 1203 4054 (lello
1222 4006 1353 4055 stato
1373 4004 1521 4054 civile
1539 4018 1662 4053 sono
1686 4003 2080 4054 essenzialmente
2111 4003 2396 4065 necessarii,
2419 4018 2448 4053 e
2469 4017 2571 4068 pre·

350 4084 527 4133 cedere
546 4083 770 4133 debbono
792 4083 841 4133 la
860 4082 1188 4133 celebratione
1210 4084 1290 4133 del
1312 4084 1622 4134 matrimonio
1635 4118 1652 4143 ,
1671 4083 1846 4146 perche
1867 4083 1902 4132 il
1929 4083 2241 4132 matrimonio
2263 4083 2479 4147 produce
2500 4084 2568 4148 gli

350 4164 501 4214 motti
519 4164 681 4224 civili,
707 4166 847 4213 tanto
867 4163 1096 4226 rignardo
1117 4164 1166 4211 ai
1186 4163 1377 4226 coniugi
1399 4200 1414 4224 ,
1437 4164 1529 4214 che
1550 4164 1595 4213 ai
1618 4163 1671 4216 di
1702 4163 1809 4213 loro
1837 4163 1987 4226 ligii.»
2012 4162 2195 4213 Codice
2211 4175 2309 4227 per
2335 4162 2393 4214 lo'
2408 4177 2567 4226 reone

351 4241 488 4292 delle
519 4245 622 4295 due
648 4245 842 4294 Sicilie.
864 4244 1037 4307 Napoli
1069 4251 1200 4294 1829.
1222 4256 1328 4301 par.
1352 4247 1389 4292 l.
1408 4246 1562 4307 Leqqi
1580 4243 1731 4294 civili
1757 4244 1848 4293 lib.
1869 4246 1908 4292 l.
1930 4256 2038 4306 cap.
2060 4250 2105 4295 3.
2129 4256 2237 4307 pag.
2266 4251 2339 4295 15.
2363 4246 2566 4294 Verum·

353 4325 534 4384 umen,
545 4327 600 4373 ut
618 4323 781 4386 pauno
799 4325 911 4373 ante
925 4321 1287 4384 adnotavimus,
1304 4322 1433 4371 liand
1454 4322 1579 4373 levia
1594 4322 1840 4373 interdum
1857 4335 1916 4372 ex
1934 4323 2219 4375 necessitate
2230 4326 2371 4375 nctus
2383 4322 2569 4388 praevii

355 4399 512 4449 civilis
533 4402 846 4452 celebrationi
873 4400 1172 4452 matrimonii
1195 4400 1505 4451 incommoda
1526 4401 1784 4464 provenire
1808 4401 1982 4452 solent.

2425 4480 2468 4522 a*
