3276 5083
522 388 525 389 ν
630 342 769 412 396
1016 363 1143 411 un.
1183 362 1228 411 ι.
1274 361 1448 410 sacr.
1493 361 1756 411 Atrum.
1801 361 1881 410 ns
1932 360 2199 410 nunu.
2241 360 2457 411 crvm.

625 478 1152 566 vindicaverint;
1203 479 1514 553 Christus
1563 504 1721 551 vero
1772 478 2127 578 potestatis
2180 477 2536 575 religiosae
2583 478 2890 579 deposi-

629 596 869 669 tarium
922 593 1142 668 solum
1195 594 1647 667 sacerdotium
1698 619 1899 666 suum
1951 593 2130 666 fecit.
2181 595 2316 667 Nec
2363 595 2823 668 omittendum
2848 656 2868 683 ,

628 736 761 784 non
822 710 1136 784 obstante
1186 709 1302 782 illa
1351 709 1708 808 utriusque
1766 709 2121 807 potestatis
2183 709 2626 807 permixtione
2669 768 2686 798 ,
2761 728 2886 786 ta·

629 852 785 899 men
839 826 1280 925 imperatores
1334 850 1647 897 romanos
1675 881 1691 911 ,
1748 839 1822 896 ut
1871 840 2069 897 antea
2117 824 2541 899 ostendimus
2567 883 2582 913 ,
2629 826 2886 899 matri-

628 941 952 1015 monialia
1005 941 1272 1037 negotia
1324 939 1756 1038 pontificibus
1807 939 2283 1013 demandasse.

782 1057 870 1128 11.
926 1055 1152 1128 Altera
1198 1054 1485 1128 assertio
1523 1080 1659 1127 non
1694 1081 1775 1127 ex
1813 1080 2022 1127 sanae
2061 1054 2437 1152 theologiae
2475 1055 2694 1143 fonte,
2738 1057 2877 1129 sed

633 1198 712 1247 ex
764 1171 1222 1273 promptuario
1273 1170 1724 1271 Nepomuceni
1786 1171 2000 1270 Nuytz
2062 1169 2472 1245 arcessenda
2522 1189 2675 1258 est,
2748 1174 2881 1272 qui

632 1314 782 1363 eam
834 1314 876 1360 a
926 1287 1220 1362 Launoio
1247 1344 1262 1374 ,
1319 1288 1657 1361 Launoius
1700 1287 1788 1359 ab
1836 1302 2146 1387 apostata
2192 1289 2294 1361 De
2334 1288 2642 1362 Dominis
2677 1346 2695 1378 ,
2754 1290 2886 1364 hic

632 1431 790 1480 vero
816 1430 1086 1478 rursum
1120 1404 1208 1477 ab
1245 1405 1708 1478 schismaticis
1738 1404 2081 1478 Occhamo
2116 1420 2184 1477 et
2218 1403 2516 1479 Mai-silio
2544 1406 2881 1480 Patavina

635 1538 982 1596 mutuatus
1008 1538 1137 1594 est.
1161 1522 1504 1608 Doctrina,
1539 1548 1677 1621 qua
1702 1521 2028 1594 asseritur
2049 1522 2436 1619 qualitatem
2457 1522 2869 1620 religiosam,

636 1664 879 1736 nempe
932 1652 1424 1710 sacramentum
1479 1638 1918 1735 supervenire
1966 1652 2033 1710 et
2073 1638 2392 1711 accedere
2441 1638 2877 1713 matrimonio

638 1750 818 1825 civili
873 1751 1012 1824 iam
1065 1751 1132 1822 in
1185 1777 1310 1824 sua
1355 1751 1652 1824 essentia
1694 1752 2093 1840 constituto,
2138 1767 2241 1826 est
2274 1778 2410 1825 una
2443 1778 2524 1825 ex
2560 1752 2877 1827 thesibus

638 1894 680 1941 a
732 1868 849 1941 Pio
899 1867 1012 1939 lx,
1055 1866 1401 1953 confictis,
1460 1866 1764 1967 adeoque
1824 1886 1929 1942 est
1979 1869 2151 1941 falsa
2182 1927 2199 1956 ,
2271 1885 2339 1942 et
2395 1868 2618 1942 aliena
2669 1895 2708 1941 a
2757 1895 2880 1943 ca-

635 1981 883 2057 tholica
922 1982 1227 2057 doctrina
1252 2039 1268 2068 ,
1311 1982 1493 2056 iuxta
1535 2009 1740 2083 quam
1767 2041 1782 2071 ,
1824 1983 1920 2057 uti
1965 1983 2383 2058 ostendimus
2408 2042 2424 2071 ,
2456 1983 2869 2057 matrimonii

635 2119 1125 2175 sacramentum
1178 2101 1249 2172 in
1302 2099 1453 2199 ipso
1514 2116 1856 2174 contractu
1909 2115 1975 2173 et
2026 2125 2146 2199 per
2211 2116 2623 2174 contractum
2693 2099 2877 2172 inter

635 2240 965 2317 personas
1011 2215 1346 2313 legitimas
1396 2215 1763 2313 perficitur.
1823 2215 2218 2288 Contractus
2270 2240 2469 2314 porro
2517 2214 2870 2312 legitimus

638 2331 874 2405 haberi
925 2332 1194 2430 nequit,
1236 2330 1354 2403 uhi
1398 2330 1831 2404 tridentinum
1867 2329 2280 2430 publicatum
2326 2346 2466 2418 est,
2502 2332 2670 2430 quin
2703 2356 2868 2405 con-

637 2473 882 2521 sensus
949 2446 1258 2520 eliciatur
1310 2446 1505 2546 juxta
1560 2446 1843 2519 formam
1897 2445 1983 2519 ab
2033 2446 2267 2520 eodem
2320 2446 2609 2521 concilio
2667 2473 2863 2547 prae-

635 2564 978 2663 scriptam.
1022 2565 1204 2638 Haec
1240 2563 1345 2637 est
1376 2590 1696 2661 germana
1729 2563 2062 2638 catholica
2096 2565 2426 2638 doctrina.
2462 2565 2866 2639 Contractus.

635 2681 915 2780 proinde
958 2681 1179 2754 civilis
1221 2680 1472 2754 nullius
1505 2680 1755 2755 valoris
1794 2699 1899 2755 est
1949 2683 2017 2753 in
2067 2681 2520 2755 conscientiae
2564 2681 2748 2769 foro,
2801 2697 2866 2754 et

634 2794 748 2894 qui
799 2820 878 2868 eo
930 2794 1074 2868 solo
1121 2809 1399 2867 utuntur
1442 2795 1779 2868 fornicarii
1843 2811 2022 2868 sunt.

779 2911 899 2983 111.
926 2910 1147 2985 Tertia
1180 2911 1464 2984 assertio
1501 2910 1735 2983 nititur
1765 2911 1938 2984 falsa
1972 2911 2373 3011 hypothesi,
2408 2910 2593 3011 quod
2620 2936 2863 3011 nempe

634 3027 975 3127 principes
1009 3027 1299 3112 ethnici,
1332 3042 1398 3100 et
1426 3027 1742 3100 haeretici
1771 3028 1878 3099 ius
1914 3026 2281 3127 aliquando
2319 3026 2711 3115 habuerint,
2751 3043 2870 3100 aut

633 3140 929 3216 habeant
978 3169 1184 3242 supra
1240 3143 1578 3214 vinculum
1626 3143 1997 3239 coniuqale,
2057 3140 2239 3242 quod
2289 3158 2590 3216 oratores
2642 3141 2859 3216 nostri

634 3274 951 3357 perpetuo
1002 3283 1154 3331 cum
1206 3257 1558 3331 effectibus
1598 3256 1911 3330 civilibus
1951 3256 2407 3345 confundunt,
2444 3284 2596 3331 cum
2633 3274 2857 3331 tamen

634 3372 919 3446 nimium
970 3372 1242 3446 distent.
1301 3372 1595 3444 Dubium
1640 3370 1877 3445 saltem
1930 3387 2033 3444 est
2081 3397 2242 3443 num
2295 3389 2581 3446 rectores
2645 3398 2862 3474 popu-

636 3487 884 3576 lorum,
935 3489 1343 3589 quicumque
1392 3488 1663 3561 demum
1710 3487 1757 3558 ii
1797 3488 2076 3574 fuerint,
2123 3503 2240 3561 aut
2281 3489 2460 3574 sint,
2519 3486 2858 3574 infidelcS,

637 3602 953 3676 haeretici
978 3661 993 3692 ,
1034 3601 1377 3690 catholici,
1412 3601 1621 3674 ullam
1660 3600 2017 3675 habuerint
2042 3628 2365 3702 umquam
2387 3660 2402 3691 ,
2435 3618 2550 3675 aut
2574 3601 2868 3675 habeant

635 3735 1032 3817 potestatem
1069 3719 1137 3791 in
1174 3719 1674 3793 matrimonium
1715 3718 1784 3790 in
1831 3744 1907 3792 se
1940 3733 2312 3817 spectatum
2357 3718 2641 3819 eiusque
2690 3717 2866 3790 duas

636 3836 1040 3936 praecipuas
1090 3835 1574 3935 proprietates3
1633 3835 1754 3908 sed
1809 3850 1945 3909 tota
1997 3836 2298 3933 ipsorum
2350 3834 2715 3908 auctoritas
2751 3859 2866 3907 co-

638 3967 932 4025 arctatur
980 3951 1066 4026 ad
1118 3952 1398 4025 effectus
1459 3951 1869 4025 extrinsecos
1922 3976 2001 4025 ac
2051 3977 2230 4023 mere
2282 3949 2540 4024 civiles.
2599 3950 2866 4024 Etenim

638 4067 822 4140 Deus
861 4068 1010 4167 ipse
1051 4082 1190 4154 est,
1232 4068 1350 4167 qui
1403 4068 1471 4138 in
1523 4066 1841 4167 paradiso
1892 4083 2396 4166 protoparentes
2449 4066 2874 4140 matrimonio

639 4183 1017 4271 coniunxit,
1049 4200 1114 4256 et
1139 4183 1398 4284 primus
1438 4182 1952 4284 praeoccupavit
1975 4208 2471 4283 quamcumque
2504 4181 2874 4279 legislatio-

646 4325 797 4373 nem
828 4300 1195 4375 humanam
1221 4359 1236 4387 ,
1282 4325 1458 4399 quae
1490 4300 1559 4371 in
1597 4314 1939 4399 posterum
1970 4298 2113 4372 fieri
2140 4314 2413 4396 posset,
2444 4297 2778 4397 duasque,
2802 4313 2878 4367 ut
