3276 5083
663 415 799 486 128
1041 436 1163 487 m.
1206 436 1252 486 1.
1292 433 1464 486 sacr.
1506 436 1552 485 ι.
1595 435 1676 486 na
1726 434 1986 487 ιιιτιιιιι.
2028 434 2449 487 samnitum.

665 570 802 641 tur,
839 569 908 627 ct
936 578 1154 652 neque
1203 570 1696 627 sacramentum
1744 569 1918 626 erat:
1975 552 2152 627 unde
2203 554 2317 652 qui
2371 553 2468 627 ita
2511 554 2877 629 cohabita-

662 686 807 743 rent
854 668 1186 757 fornicarii
1235 685 1460 742 essent
1482 725 1499 756 ,
1554 694 1635 741 eo
1681 668 1859 768 quod
1911 668 2312 741 matrimonii
2364 685 2866 744 sacramentum

660 811 743 858 ex
788 784 1037 859 Christi
1086 784 1423 859 voluntate
1469 784 1648 858 inter
1692 782 2093 857 christianos
2160 804 2482 883 sequatur
2543 784 2871 859 rationem

660 918 1067 976 contractus.
2162 974 2166 979 .

811 1018 877 1087 4.
934 1017 1031 1089 De
1058 1016 1192 1090 illis
1218 1041 1415 1116 porro
1440 1014 1862 1112 coniugibus,
1896 1013 2013 1113 qui
2039 1039 2120 1086 ex
2146 1012 2538 1087 infidelitate
2560 1016 2872 1089 conversi

662 1130 748 1203 ad
786 1130 984 1203 fidem
1018 1130 1449 1204 christianam
1499 1129 1908 1228 baptismum
1959 1127 2339 1226 suscipiunt
2386 1127 2654 1202 diversa
2685 1129 2872 1227 viget

665 1244 840 1317 inter
860 1243 1219 1342 theologos
1254 1241 1621 1329 sententia;
1663 1257 1823 1316 sunt
1853 1241 2066 1330 enim,
2106 1240 2222 1341 qui
2262 1257 2537 1314 censent
2567 1268 2647 1315 ex
2681 1268 2870 1317 mero

664 1373 1003 1431 contractu
1028 1357 1114 1430 ad
1139 1373 1385 1431 statum
1422 1355 1825 1430 sacramenti
1861 1353 2125 1429 illorum
2160 1353 2550 1451 coniugium
2584 1356 2875 1432 transire

665 1473 736 1545 in
785 1473 937 1570 ipsa
983 1471 1296 1571 baptismi
1362 1470 1786 1570 susceptione
1836 1468 1922 1543 ob
1972 1468 2365 1568 implicitam
2418 1469 2690 1558 saltem,
2723 1465 2874 1550 *seu

665 1588 930 1660 tacitam
979 1611 1210 1670 eorum
1255 1585 1663 1661 voluntatem
1721 1586 1899 1680 (40).
1950 1582 2080 1656 Alii
2128 1609 2287 1661 vero
2343 1583 2750 1660 arbitrantur
2799 1586 2872 1660 id

666 1701 809 1774 fieri
858 1728 981 1801 per
1026 1701 1559 1777 ratihabitionem
1578 1757 1608 1790 .,
1672 1727 1875 1802 quam
1937 1716 2212 1788 vocant,
2268 1701 2522 1799 proprii
2574 1701 2865 1798 coniugii

667 1815 943 1889 insacia
974 1815 1318 1890 ecclesiae.
1365 1815 1573 1890 Nobis
1608 1814 1790 1914 prior
1839 1814 2165 1889 sententia
2214 1814 2429 1911 magis
2476 1814 2753 1902 arridet,
2784 1841 2872 1889 eo

665 1930 847 2031 quod
880 1957 1096 2031 neque
1126 1930 1397 2031 ubique,
1430 1956 1650 2030 neque
1683 1955 1947 2028 semper
1979 1929 2308 2003 eiusmodi
2338 1929 2723 2005 ratihabitio
2745 1955 2870 2005 seu

665 2072 1038 2122 consensus
1064 2046 1399 2121 renovatio
1423 2059 1721 2121 servetur
1739 2100 1756 2131 ,
1788 2043 1922 2120 imo
1952 2042 2284 2120 interdum
2310 2042 2507 2120 iustis
2534 2043 2621 2119 de
2641 2044 2880 2120 causis·

667 2162 1099 2236 interdicatur
1126 2164 1303 2259 (41).

812 2281 882 2352 ὃ.
936 2278 1188 2352 Eadem
1222 2276 1359 2352 sere
1390 2275 1780 2377 opinionum
1815 2273 2264 2374 discrepantia
2296 2274 2477 2371 viget
2505 2274 2730 2374 quoad
2756 2301 2875 2352 eos

666 2394 1024 2492 coniuges,
1080 2419 1365 2493 quorum
1411 2390 1578 2466 alter
1613 2391 1701 2464 ad
1736 2389 2166 2464 christianam
2202 2388 2402 2462 fidem
2435 2389 2870 2478 convertitur,

665 2511 828 2583 dum
889 2509 1057 2583 alter
1117 2507 1352 2584 saltem
1415 2508 1502 2582 ad
1566 2523 1830 2607 tempus
1881 2505 1952 2578 in
2001 2531 2127 2580 sua
2175 2520 2400 2583 manet
2447 2504 2862 2580 infidelitate.

668 2624 981 2697 Nonnulli
1030 2624 1209 2697 enim
1257 2624 1642 2699 existimant
1703 2621 1997 2697 nondum
2057 2619 2290 2696 haberi
2350 2638 2869 2710 sacramentum,

669 2737 992 2838 quamdiu
1038 2737 1348 2811 alteruter
1389 2735 1633 2811 coniux
1676 2733 1969 2811 infidelis
2003 2750 2143 2823 est,
2183 2733 2346 2834 quia
2388 2751 2879 2813 sacramentum

669 2866 774 2924 est
805 2850 1255 2938 individuum
1297 2858 1497 2951 atque
1545 2849 1676 2925 hoc
1725 2849 1794 2922 in
1843 2875 2009 2924 casu
2057 2866 2403 2923 versamur
2432 2864 2619 2922 extra
2651 2847 2875 2948 hypo-

669 2964 913 3040 thesim
978 2967 1062 3041 de
1127 2966 1438 3063 coniugio
1512 2963 1812 3041 fidelium
1873 2963 1962 3036 ad
2026 2962 2422 3039 sacramenti
2481 2962 2875 3060 dignitatem

668 3098 920 3157 evecto.
952 3081 1081 3155 Alii
1115 3081 1521 3156 contendunt
1553 3105 1757 3180 posse
1791 3078 2024 3153 haberi
2060 3093 2553 3153 sacramentum
2578 3093 2875 3176 exparte

668 3197 851 3274 illius
871 3256 887 3287 ,
942 3200 1060 3299 qui
1108 3199 1194 3272 ad
1244 3198 1443 3273 fidem
1493 3196 1925 3273 convertitur.
1968 3193 2099 3269 Alii
2133 3195 2422 3277 demumr
2453 3209 2610 3269 tunc
2654 3191 2877 3292 solum

810 3432 911 3495 (40)
942 3431 1019 3483 Cf.
1042 3431 1257 3482 Sanctia
1277 3434 1354 3483 De
1370 3433 1602 3482 matrim.
1621 3429 1789 3481 lih.11.
1813 3428 1939 3494 disp.
1955 3433 2017 3480 x.
2038 3440 2090 3479 n.
2114 3433 2160 3480 t».
2177 3440 2292 3479 cum
2315 3428 2444 3480 aliis.

810 3513 912 3577 (41)
938 3514 995 3563 ln
1029 3511 1278 3562 nonnuliis
1316 3510 1620 3562 dioecesibus
1657 3510 1738 3561 hic
1778 3522 1886 3561 mos
1923 3508 2166 3560 introduci
2206 3508 2392 3573 caepit,
2417 3508 2475 3559 ut
2500 3506 2730 3572 coniuges
2764 3509 2876 3572 poet

666 3593 945 3657 susceptum
972 3590 1267 3656 baptismum
1288 3592 1523 3641 renovent
1541 3601 1829 3640 consensum
1849 3602 1992 3639 suum
2014 3601 2178 3639 coram
2197 3587 2475 3651 sacerdote,
2497 3600 2669 3638 verum
2690 3582 2895 3651 passim'

670 3686 768 3723 non
792 3672 848 3723 tit
870 3673 919 3723 in
942 3671 1185 3736 plerisque
1198 3670 1318 3722 locis
1332 3708 1348 3733 ,
1369 3672 1419 3721 et
1436 3670 1637 3734 merito;
1661 3682 1775 3720 nam
1797 3682 1859 3721 cx
1878 3667 2204 3719 declaratione
2227 3667 2495 3719 innocentii
2516 3667 2880 3731 Latini-umque

666 3751 952 3814 pontificum
973 3765 1060 3815 per
1079 3750 1372 3814 baptismum
1396 3748 1711 3799 remittuntur
1731 3751 1954 3813 peccata,
1978 3760 2075 3798 non
2096 3747 2355 3798 solvuntur
2375 3746 2628 3810 coniugia,
2655 3745 2880 3809 adeoque

669 3829 792 3879 haec
816 3832 1141 3893 perseverant.
1164 3827 1385 3879 induunt
1413 3830 1575 3878 autem
1603 3827 1893 3878 sacramenti
1920 3825 2204 3890 dignItatem
2223 3838 2283 3875 ex
2303 3837 2540 3876 consensu
2563 3824 2669 3875 aive
2686 3823 2878 3887 verbis,

666 3907 771 3959 sive
796 3908 1023 3973 nutibus,
1042 3913 1148 3960 aive
1165 3907 1312 3959 etiam
1333 3907 1438 3972 ipso
1457 3906 1671 3970 coniugii
1692 3920 1803 3957 uait.
1825 3908 2012 3957 Horum
2032 3905 2265 3968 placitum
2286 3905 2441 3968 magis
2458 3903 2601 3954 nobis
2624 3903 2877 3967 probatur.

667 3987 811 4048 Quod
843 4001 962 4039 vero
988 3990 1161 4040 attinet
1179 3987 1241 4040 ad
1261 3987 1494 4052 placitum
1515 3987 1712 4038 iliorum
1733 3986 2097 4049 theologorum,
2119 3984 2206 4048 qui
2228 3987 2484 4035 autumant
2509 3983 2878 4035 matrimonium

669 4069 819 4121 semel
859 4071 952 4121 rite
998 4070 1175 4121 initum
1215 4069 1266 4119 in
1308 4069 1497 4120 ratione
1538 4069 1818 4118 contractus
1856 4079 2122 4130 numquam
2162 4065 2225 4117 ad
2267 4064 2550 4129 dignitatem
2588 4064 2880 4114 sacramenti

669 4150 808 4203 evehi
848 4164 992 4214 ponae
1013 4189 1028 4215 ,
1075 4152 1147 4202 uti
1184 4153 1433 4214 vasquez,
1468 4149 1702 4213 Pontius,
1738 4147 2009 4211 Toumely,
2032 4145 2218 4207 collat,
2247 4146 2478 4209 Biiluart,
2515 4144 2882 4208 Lagadaeinon,
2943 4168 2954 4175 -

670 4231 792 4282 mihi
814 4230 1044 4281 videntur
1068 4231 1275 4282 intirmis
1296 4230 1388 4282 niti
1412 4228 1767 4291 fundamentis,
1797 4228 1872 4278 uti
1906 4240 2020 4277 cum
2052 4226 2376 4278 communiori
2413 4225 2636 4275 doctrina
2668 4221 2885 4274 mandit

668 4312 885 4366 Sanchcz
909 4311 997 4363 lib.
1029 4313 1092 4363 11.
1126 4314 1202 4362 De
1237 4312 1399 4362 matr.
1435 4310 1566 4373 disp.
1609 4313 1693 4360 lx.
1732 4308 1810 4359 ci.
1845 4307 2092 4361 Benedici.
2124 4311 2251 4359 xlv.
2295 4310 2372 4359 De
2408 4305 2599 4372 modo
2633 4305 2720 4357 iu».
2744 4306 2882 4355 Vni.

666 4407 777 4459 cap.
801 4396 936 4448 xm.
963 4405 1013 4443 u.
1037 4400 1082 4444 8.
1105 4393 1286 4443 Verum
1307 4390 1371 4444 dc
1393 4390 1488 4442 hoc
1510 4390 1560 4441 in
1583 4388 1670 4441 iib.
1691 4391 1755 4440 11.
1781 4402 1840 4440 ex
1865 4388 2084 4453 professo
2110 4389 2345 4441 dicemus.
