3276 5083
649 424 787 496 386
1035 446 1157 498 m.
1200 445 1247 497 1.
1290 446 1462 497 secr.
1506 446 1770 498 uram.
1812 446 1892 497 nr
1929 446 2194 500 nram.
2231 446 2450 499 cmm.

791 565 928 637 Nec
977 565 1222 639 minori
1264 546 1699 639 'vehementia
1723 566 1730 571 ’
1753 592 1891 639 rem
1943 567 2122 640 hanc
2173 567 2394 665 ipsam
2447 562 2883 665 persequitur

643 679 731 753 cl.
773 681 1016 754 Sauzet
1050 680 1118 752 in
1155 679 1481 780 opusculo
1517 707 1725 781 saepe
1759 709 1801 756 a
1836 681 2033 756 nobis
2069 681 2375 768 laudato,
2416 680 2599 781 quod
2634 679 2874 755 eodem

645 822 822 869 anno
868 794 1189 893 vulgavit
1215 798 1312 869 De
1359 800 1773 871 matrimonio
1824 798 2016 870 civili
2063 823 2142 870 ac
2189 797 2494 895 reliqioso
2513 826 2535 881 ;
2588 794 2704 868 vir
2754 823 2880 871 su-

644 936 873 1012 premo
907 911 1282 986 ministerio
1317 911 1589 1011 publico
1626 914 1897 987 functus
1922 969 1938 1000 ,
1981 913 2101 1012 qui
2138 912 2421 1011 proinde
2454 911 2707 1011 optime
2739 911 2873 984 bu-

645 1025 754 1097 ius
805 1023 976 1123 legis
1039 1025 1318 1099 effectus
1369 1026 1439 1097 in
1493 1026 1728 1099 Galliis
1798 1040 2097 1100 noverat.
2166 1028 2306 1099 lam
2358 1052 2517 1100 vero
2550 1085 2565 1113 ‚
2624 1025 2739 1099 hic
2795 1027 2869 1098 in

643 1138 930 1239 epistola
980 1140 1134 1238 ipsa
1175 1143 1663 1242 nuncupatoria
1697 1142 2158 1241 imprudentes
2197 1142 2495 1242 appellat
2528 1158 2740 1241 atque
2764 1168 2874 1216 re-

646 1254 991 1353 trogrados
1043 1281 1161 1329 eos
1184 1314 1200 1343 ,
1258 1257 1377 1355 qui
1429 1258 1656 1331 adhuc
1691 1284 1766 1330 se
1800 1258 2110 1355 religioni
2163 1257 2535 1333 catholicae
2584 1258 2875 1332 hostiles

644 1370 1016 1470 praebent,
1075 1370 1488 1473 eosdemque
1537 1374 2044 1448 anachronismi
2088 1400 2258 1448 sane
2291 1373 2688 1473 deplorandi
2725 1400 2878 1448 reos

644 1502 861 1561 vocat.
914 1486 1235 1560 Patefacit
1278 1488 1701 1562 imminentia
1736 1489 1946 1578 mala,
1979 1515 2154 1589 quae
2179 1516 2260 1563 ex
2287 1490 2417 1562 hoc
2443 1514 2661 1562 rerum
2689 1504 2877 1563 statu

644 1600 1026 1701 subalpinis
1062 1628 1142 1675 ex
1176 1602 1646 1676 communibus
1692 1603 2039 1702 religionis
2075 1619 2428 1703 statusque
2463 1601 2720 1702 politici
2757 1602 2879 1676 ad—

643 1718 964 1791 versariis
1017 1718 1386 1792 obventura
1420 1734 1616 1804 sunt;
1659 1719 1954 1792 ostendit
1999 1718 2363 1792 arctissimi
2415 1718 2703 1792 foederis
2756 1744 2878 1790 ne-

643 1832 1027 1907 cessitatem
1079 1833 1330 1907 clerum
1381 1834 1555 1907 inter
1607 1860 1686 1907 ac
1738 1834 1937 1908 civile
1997 1834 2293 1932 regimen
2330 1893 2345 1921 ,
2400 1850 2475 1906 ut
2530 1833 2661 1908 hoc
2710 1832 2877 1906 sub-

644 1950 885 2023 sistere
934 1951 1191 2049 possit,
1249 1950 1359 2023 cui
1411 1949 1687 2053 quidem
1743 1950 1992 2025 foederi
2029 1966 2094 2025 et
2136 1949 2593 2025 coniunctioni
2646 1948 2875 2023 obsta-

644 2252 847 2317 uqieusc
875 2253 930 2304 la
958 2254 1185 2304 revision
1206 2253 1283 2304 du
1309 2256 1434 2304 titre
1457 2251 1531 2303 du
1552 2258 1789 2317 mariaye
1807 2252 1942 2303 dans
1967 2250 2014 2302 le
2034 2249 2158 2301 code
2177 2248 2333 2311 civil,
2354 2250 2405 2299 et
2427 2245 2717 2298 l’abolttion
2734 2243 2798 2296 dc
2818 2244 2877 2295 la

640 2335 782 2384 mort
814 2334 987 2384 civile.
1017 2333 1261 2385 Marseille
1283 2333 1327 2382 le
1348 2340 1429 2384 so.
1450 2332 1548 2382 Mai
1573 2340 1710 2383 1853.
1728 2335 1785 2382 111
1820 2332 1977 2395 prima
1998 2328 2353 2393 subscriptione
2369 2327 2467 2377 iam
2488 2324 2875 2376 numerabantur

643 2415 850 2464 nomina
864 2415 1088 2464 virorum
1110 2427 1173 2463 ex
1192 2413 1328 2463 omni
1351 2412 1636 2463 conditione
1654 2415 1705 2463 et
1721 2411 1876 2475 gradu
1888 2447 1903 2472 ‚
1920 2411 2008 2475 qui
2028 2410 2248 2461 libellum
2264 2408 2535 2472 supplicem
2554 2405 2739 2456 dabant
2756 2406 2868 2456 722.

797 2496 987 2545 Interea
1009 2494 1190 2544 iuverit
1208 2494 1331 2544 haec
1346 2493 1510 2544 verbis
1527 2492 1817 2544 confirmare
1837 2494 1886 2541 et
1904 2491 2195 2540 auctoritate
2210 2489 2407 2539 illorum
2426 2487 2510 2552 qui
2535 2500 2564 2536 a
2587 2486 2743 2535 multo
2758 2488 2876 2534 tem·

644 2587 766 2639 pore
786 2588 986 2639 operam
1006 2574 1246 2624 dederunt
1266 2575 1373 2638 piae
1393 2574 1693 2625 institutioni
1714 2574 1776 2624 de
1796 2572 2122 2623 matrimoniis
2140 2570 2368 2621 civilibus
2387 2582 2475 2633 per
2498 2568 2779 2632 religiosum
2805 2566 2874 2615 ri·

640 2659 750 2704 tum
772 2653 1150 2705 cohonestandis
1169 2691 1185 2716 ,
1214 2653 1398 2716 quique
1420 2656 1677 2717 propterea
1697 2655 1814 2703 sunt
1834 2651 1898 2701 ab
1916 2652 2216 2714 experientia
2236 2650 2379 2713 plane
2395 2647 2558 2699 edocti
2579 2646 2642 2697 de
2661 2659 2722 2697 eo
2738 2644 2878 2709 quod

642 2733 695 2782 in
719 2731 960 2782 eiusmodi
983 2732 1223 2792 coniugiis
1242 2731 1498 2795 contingit.
1520 2730 1809 2795 Interrogati
1828 2745 1858 2780 a
1881 2730 2098 2793 quodam
2121 2742 2236 2780 vere
2267 2727 2513 2778 catholico
2531 2728 2754 2777 senatore
2773 2726 2876 2774 tau·

640 2811 825 2862 rinensi
858 2809 921 2861 de
951 2811 1045 2860 liae
1078 2811 1393 2873 quaestione,
1432 2811 1500 2860 ita
1535 2809 1695 2861 eidem
1739 2810 2049 2873 rescripsere:
2078 2829 2103 2852 ιι
2123 2811 2255 2859 'rous
2275 2809 2343 2859 les
2365 2807 2576 2870 eveques
2607 2805 2669 2855 de
2687 2806 2875 2854 Franee

642 2901 763 2940 avec
794 2891 909 2940 tous
933 2889 1007 2939 les
1039 2889 1289 2939 ministres
1305 2889 1368 2939 de
1388 2888 1569 2940 second
1591 2890 1738 2940 ordre
1752 2927 1768 2952 ,
1793 2902 1914 2940 avec
1929 2892 2044 2939 tous
2065 2888 2134 2939 les
2153 2887 2424 2937 directeurs
2444 2885 2506 2936 de
2525 2885 2868 2946 conscienees,

643 2982 764 3020 avec
781 2971 896 3020 tous
919 2970 988 3020 les
1009 2972 1209 3019 auteurs
1229 2969 1619 3032 conscientieux,
1642 2970 1729 3033 qui
1755 2970 1843 3020 ont
1868 2969 1990 3019 ecrit
2012 2981 2099 3019 sur
2128 2966 2368 3019 l'histoire
2386 2966 2448 3017 de
2468 2968 2654 3016 France
2674 2964 2800 3014 dans
2820 2963 2874 3014 la

643 3049 845 3115 periode
869 3050 1110 3113 comprise
1128 3050 1266 3099 entre
1293 3053 1427 3100 1789.
1449 3051 1500 3099 et
1535 3057 1670 3101 1850.
1694 3050 2044 3112 conviennent,
2067 3061 2166 3111 que
2192 3048 2240 3097 la
2264 3046 2467 3109 religion
2497 3045 2778 3108 catholique
2808 3056 2874 3094 ne

639 3129 756 3182 s’est
769 3128 948 3192 iamais
969 3129 1146 3181 remise
1168 3128 1234 3179 du
1256 3141 1385 3193 coup
1402 3129 1489 3192 qui
1505 3129 1577 3180 lui
1598 3143 1629 3180 a
1646 3129 1724 3180 ete
1744 3130 1882 3194 porte
1900 3129 1982 3193 ily
2002 3142 2033 3179 a
2050 3135 2232 3180 amans
2247 3140 2337 3192 par
2356 3124 2670 3176 l'institution
2685 3123 2761 3173 du
2774 3136 2876 3173 ma·

791 3293 899 3349 Que
927 3289 1101 3354 depuis
1133 3293 1275 3342 notre
1315 3292 1529 3356 epoque‚
1557 3306 1628 3342 un
1660 3291 1864 3342 nombre
1893 3288 2228 3342 considerable
2259 3287 2322 3338 de
2352 3285 2561 3348 franceis
2586 3284 2700 3332 vive
2728 3283 2877 3332 mari·

636 3371 871 3422 talernent
892 3385 1006 3423 sans
1025 3373 1167 3424 avoir
1189 3386 1300 3435 recu
1327 3373 1374 3423 la
1396 3373 1702 3424 benediction
1725 3373 1969 3438 nuptiale,
1991 3374 2042 3422 et
2062 3371 2211 3434 qu'ils
2221 3368 2522 3419 mourraient
2538 3367 2878 3430 presquetous

643 3464 759 3503 sans
775 3452 917 3503 avoir
937 3466 1051 3515 recu
1071 3453 1143 3505 les
1160 3457 1480 3517 sacrements,
1497 3455 1540 3505 si
1560 3455 1609 3505 le
1630 3455 1816 3519 cierge,
1839 3467 1901 3505 au
1921 3452 2114 3504 dernier
2134 3451 2384 3513 moment,
2405 3450 2457 3500 et
2474 3447 2717 3512 plusieurs
2737 3447 2888 3497 amet

641 3532 936 3583 charitables
958 3545 1018 3582 ne
1035 3533 1357 3584 reunissaient
1379 3537 1500 3584 tous
1522 3535 1654 3584 leurs
1676 3535 1847 3584 efforts
1868 3546 1994 3597 pour
2016 3530 2240 3596 prevenit
2258 3543 2315 3580 ce
2335 3528 2574 3579 malbeur.

791 3613 955 3671 Qu'un
977 3613 1175 3664 homme
1188 3615 1272 3677 qui
1290 3614 1369 3663 n’a
1386 3615 1634 3664 contracte
1656 3627 1752 3677 que
1775 3613 1823 3664 le
1842 3613 1940 3664 lien
1964 3612 2079 3663 civil
2098 3611 2165 3661 du
2186 3610 2426 3672 mariage,
2447 3621 2580 3659 cesse
2598 3620 2660 3658 eu
2683 3606 2882 3670 general

639 3691 703 3743 de
723 3692 976 3756 pratiquer
999 3693 1046 3742 la
1071 3693 1273 3757 religion
1292 3733 1308 3757 ,
1329 3696 1381 3744 et
1400 3707 1468 3744 on
1489 3707 1519 3743 a
1539 3694 1797 3757 remarque
1829 3706 1926 3755 que
1955 3692 2029 3743 les
2059 3703 2323 3755 personnes
2357 3688 2564 3739 mariees
2591 3686 2879 3738 civilement

641 3771 781 3823 n'ont
798 3785 887 3836 pas
904 3771 1228 3824 elles-memes
1254 3774 1302 3823 la
1321 3773 1546 3824 moindre
1562 3773 1814 3824 constance
1834 3772 1958 3822 dans
1978 3773 2085 3822 leur
2107 3769 2366 3821 soi-disant
2382 3768 2612 3832 mariage.

789 3854 896 3910 Que
920 3852 1039 3902 c'est
1060 3852 1186 3903 dans
1199 3866 1279 3903 ces
1298 3852 1602 3916 deplorables
1628 3852 1803 3902 uniens
1815 3889 1831 3914 ,
1857 3851 2004 3915 qu’on
2020 3853 2095 3901 est
2110 3850 2277 3899 assure
2290 3848 2352 3899 de
2372 3851 2573 3898 trouver
2592 3846 2663 3897 les
2680 3845 2874 3896 ensants

643 3929 879 3981 indociles
896 3933 948 3981 et
964 3930 1211 3994 libet-tine,
1232 3931 1320 3982 des
1335 3931 1529 3982 enrants
1547 3932 1633 3995 qui
1656 3931 1880 3994 ignorent
1896 3929 2125 3993 jusqu’au
2142 3928 2278 3992 signe
2299 3927 2362 3978 de
2380 3927 2429 3977 la
2447 3927 2602 3977 croix.
2619 3926 2674 3976 Si
2693 3926 2774 3976 les>
2788 3937 2875 3988 pa·

644 4011 777 4060 rents
799 4011 983 4062 etaient
1006 4011 1095 4063 des
1116 4012 1295 4063 maries
1316 4012 1485 4074 civils,
1510 4011 1581 4061 les
1602 4011 1793 4061 ensants
1815 4023 1878 4061 ne
1898 4010 2170 4073 rougissent
2189 4022 2277 4072 pas
2296 4007 2449 4058 d’etre
2475 4006 2539 4057 de
2559 4006 2700 4071 peres
2728 4006 2872 4055 natu·

643 4089 758 4151 rels,
772 4094 822 4139 et
844 4090 879 4140 il
900 4092 1025 4142 n’est
1043 4105 1132 4156 pas
1154 4105 1260 4143 rare
1277 4091 1341 4142 de
1360 4094 1560 4141 trouver
1574 4091 1702 4158 trois
1725 4089 2035 4153 generations
2052 4088 2348 4139 successives
2365 4087 2609 4137 d’enrants
2638 4084 2872 4136 naturels.

790 4170 831 4220 ll
862 4171 1049 4222 semble
1079 4186 1177 4236 que
1212 4173 1410 4236 lorsque
1429 4185 1526 4221 une
1544 4172 1732 4222 tamilla
1753 4171 1828 4221 est
1846 4170 2077 4234 marquee
2103 4182 2164 4219 au
2185 4169 2320 4219 front
2339 4168 2403 4218 de
2431 4168 2559 4218 cette
2578 4165 2749 4228 tache,
2780 4177 2877 4215 son

641 4249 759 4301 chet
783 4251 1036 4301 reconneit
1065 4251 1318 4302 lui-meme
1338 4251 1517 4315 qu·eue
1537 4253 1613 4302 est
1630 4264 1694 4302 en
1712 4249 1894 4301 debors
1915 4250 1979 4299 de
1999 4251 2136 4300 toute
2155 4248 2224 4298 loi
2245 4247 2458 4308 morale,
2482 4248 2533 4296 et
2553 4244 2875 4309 impuinsante

638 4330 668 4378 ‘a
686 4343 747 4380 en
774 4333 1034 4394 supportet
1055 4331 1102 4382 le
1121 4330 1294 4382 stein.»

788 4412 859 4461 Ex
886 4413 1079 4462 senato
1105 4411 1195 4463 del
1221 4423 1381 4475 rcqno
1402 4423 1512 4476 pag.
1548 4415 1652 4463 187.
1675 4411 1888 4463 Tol-nata
1918 4410 1996 4462 dei
2027 4416 2098 4460 15.
2126 4408 2344 4460 Dicemb.
2374 4413 2512 4458 ¹852.
