3276 5083
526 435 673 486 cn.
716 432 763 482 Ι.
809 433 951 482 ΛΒΤ.
988 434 1069 483 11.·
1097 434 1176 483 DE
1210 435 1516 487 veturus
1546 435 1812 484 sacam.
1839 434 1922 485 Ex
1948 433 2410 489 nocmfficnol..
2519 409 2610 483 33

378 550 451 624 in
479 554 629 627 suis
654 551 1165 625 Commentariis
1190 552 1392 623 inlv.
1420 552 1714 625 Sentent.
1762 551 2026 626 dist..1.
2069 570 2136 625 et
2183 555 2251 625 2.
2293 552 2409 625 ubi
2457 560 2616 626 cum‘

375 666 665 766 reliquis
711 665 1132 740 scholasticis
1154 684 1423 766 septem
1459 692 1670 740 novae
1702 666 1871 764 legis
1907 685 2321 740 sacramenta
2346 695 2389 741 a
2413 667 2608 741 Chri-—

381 798 493 856 sto
529 783 825 855 instituta
861 781 1075 855 fuisse
1107 781 1335 869 docet,
1378 781 1962 880 differentiamque
1997 782 2170 857 inter
2195 799 2611 856 sacramenta

384 898 629 970 veteris
655 922 733 969 ac
758 921 971 969 novae
998 896 1166 992 legis
1192 898 1261 968 in
1289 922 1368 969 eo
1392 897 1731 970 constituit
1751 954 1768 983 ‚
1809 896 1990 995 quod
2014 895 2132 969 illa
2153 899 2441 994 qratiam
2464 924 2613 994 pro?

381 1014 741 1094 mitterent,
772 1011 903 1083 ista
930 1035 1088 1083 vero
1114 1012 1480 1083 contineant
1510 1026 1574 1083 et
1607 1013 1981 1109 conserant;
2022 1010 2144 1084 sed
2180 1011 2609 1109 potissimum

378 1148 463 1198 ex
495 1126 609 1212 iis,
649 1152 830 1225 quae
879 1124 1083 1198 habet
1124 1125 1193 1196 in
1243 1125 1400 1199 dist.
1439 1127 1552 1197 26.
1586 1151 1766 1225 quae
1788 1141 1893 1199 est
1915 1125 2002 1198 de
2026 1127 2473 1200 matrimonio.
2499 1127 2614 1197 Si-

378 1238 656 1338 quidem
678 1255 943 1338 quaest.
965 1241 1031 1310 4.
1054 1240 1483 1338 insequentes
1510 1239 1978 1314 conclusiones
1993 1240 2359 1313 constituit:
2390 1242 2425 1310 1
2443 1299 2457 1312 .
2473 1240 2614 1313 «De

382 1354 643 1427 ratione
689 1355 1089 1429 sacramenti
1141 1381 1273 1428 non
1324 1371 1483 1429 sunt
1530 1355 1664 1428 nisi
1717 1355 1886 1442 duo,
1943 1354 2197 1428 scilicet
2222 1412 2239 1441 ‚
2288 1355 2471 1454 quod
2523 1357 2613 1429 sit

383 1467 651 1565 signum
678 1525 695 1555 ‚
736 1484 803 1541 et
834 1468 1018 1566 quod
1067 1469 1158 1542 sit
1196 1495 1396 1542 causa
1441 1471 1742 1567 qratiae:
1797 1485 2157 1568 utrumque
2205 1486 2429 1543 autem
2480 1496 2611 1543 non

377 1584 775 1682 aequivoce,
831 1609 964 1657 non
1013 1583 1467 1681 metaphorice
1489 1642 1505 1671 ,
1547 1584 1670 1658 sed
1706 1584 1972 1683 proprie
2020 1584 2333 1657 convenit
2382 1585 2615 1657 matri-

371 1699 641 1774 monios.
680 1757 693 1769 .
729 1756 744 1768 .
769 1723 939 1795 ergo⁴
962 1714 1067 1771 est
1097 1724 1252 1771 vere
1276 1714 1342 1772 et
1369 1688 1636 1798 proprie
1678 1716 2166 1772 sacramentum
2188 1757 2204 1787 ,
2237 1700 2415 1773 sicut
2441 1699 2606 1784 alia,

372 1812 529 1886 licet
551 1839 690 1886 non
717 1839 935 1911 aeque
960 1814 1326 1912 perfectum
1358 1817 1426 1909 (9
1438 1817 1536 1910 4).
1575 1815 1861 1888 luristae
1886 1829 2109 1889 autem
2134 1830 2203 1888 et
2226 1816 2344 1914 qui
2371 1831 2617 1912 negant

375 1929 878 2001 matrimonium
913 1929 1211 2002 conferre
1235 1930 1518 2026 gratiam
1544 1955 1677 2002 non
1706 1946 1996 2029 possunt
2014 1930 2359 2004 adstruere
2383 1932 2615 2007 matri-

370 2043 672 2116 monium
707 2068 862 2115 esse
897 2059 1381 2117 sacramentum
1419 2070 1630 2117 novae
1664 2043 1857 2141 legis.
1890 2076 1924 2113 n
1958 2046 2036 2116 In
2070 2044 2498 2127 conclusione
2535 2047 2604 2116 2.

374 2156 648 2230 duabus
678 2154 933 2256 -probat
980 2158 1350 2232 rationibus
1397 2159 1897 2233 matrimonium
1947 2185 2098 2232 esse
2146 2185 2301 2232 vere
2349 2174 2418 2230 et
2458 2184 2636 2256 pro—²

380 2271 531 2369 prie
555 2288 1040 2345 sacramentum
1067 2299 1277 2346 novae
1310 2272 1516 2369 legis;
1552 2276 1619 2343 1.
1648 2273 1773 2358 sic,
1797 2271 2057 2344 «Omne
2084 2272 2474 2358 remedium,
2509 2274 2614 2344 inf—

380 2385 564 2483 quit,
607 2387 1067 2484 praestitutum
1117 2403 1343 2460 contra
1393 2402 1737 2484 peccatum
1774 2400 1878 2457 est
1912 2400 2442 2459 sacramentum:
2493 2388 2644 2461 sed

375 2502 875 2576 matrimonium
893 2518 998 2577 est
1016 2504 1086 2575 in
1106 2501 1473 2577 remedium
1494 2501 1964 2601 praestitutum
1983 2516 2211 2576 contra
2235 2516 2608 2600 peccatum,

374 2617 1007 2717 dicente-Apostolo
1049 2619 1103 2688 1.
1147 2618 1233 2690 ad
1258 2617 1425 2690 Cor.
1474 2618 1540 2689 7.
1575 2618 1852 2714 Propter
1884 2618 2375 2714 fornicationem
2420 2644 2614 2702 anas-

376 2735 651 2830 quisque
681 2759 871 2805 suam
902 2758 1173 2806 uxorem
1199 2734 1461 2818 habeat;
1502 2753 1660 2829 ergo
1694 2748 1799 2806 est
1824 2747 2339 2826 sacramentum.
2378 2734 2603 2806 2.‹sic.

379 2846 449 2917 Si
496 2847 1015 2920 matrimonium·
1052 2873 1183 2920 non
1222 2863 1402 2921 esset
1436 2862 1928 2922 sacramentum
1952 2904 1968 2931 ‚
2027 2872 2233 2919 causa
2284 2848 2646 2923 matt-imo·-

383 2963 481 3033 nii
533 2978 717 3035 esset
764 2988 931 3060 pure
975 2962 1342 3061 corporalis
1391 2978 1456 3034 et
1496 2962 1856 3060 pertineret
1901 2961 1986 3033 ad
2022 2961 2616 3034 iudicem-secula-

384 3101 522 3147 rem
571 3091 640 3149 et
687 3101 822 3148 non
870 3073 1422 3149 ecclesiasticum.
1467 3075 1595 3148 Sed
1638 3074 1802 3147 illud
1856 3089 1960 3147 est
2003 3090 2234 3147 contra
2257 3100 2606 3160 ¹canones;

382 3191 535 3265 ideo
582 3209 712 3264 etc.
760 3222 795 3259 n

519 3304 784 3378 Deinde
817 3305 1032 3378 reiicit
1067 3304 1533 3377 nonnullorum
1567 3303 2104 3401 explanationem
2143 3327 2385 3375 sensus
2421 3303 2607 3375 vocis

384 3420 654 3491 remedii
672 3419 760 3493 ad
786 3420 969 3519 quod
996 3420 1375 3492 institutum
1394 3418 1705 3492 dicebant
1729 3419 2250 3504 matrimonium,
2277 3416 2604 3491 scribens:

393 3564 429 3602 α
462 3534 635 3620 Quia
695 3536 860 3609 illud
893 3594 911 3624 ,
977 3535 1158 3636 quod
1224 3535 1509 3609 confert*
1543 3534 1913 3608 remedium
1976 3551 2206 3608 contra
2235 3583 2242 3592 -
2269 3548 2614 3631 peccatum

380 3652 669 3747 qratiam
700 3650 1102 3723 *adiutricem
1151 3649 1530 3748 conserendo
1564 3678 1649 3725 em
1684 3676 1866 3748 opere
1917 3664 2195 3748 operato,
2241 3664 2346 3722 est
2393 3674 2620 3722 sacra·
2667 3645 2672 3648 ’

382 3781 725 3851 mentum3
766 3791 923 3850 cum¹
970 3763 1628 3837 hae0.sit.definiti0
1679 3765 1869 3837 eius:
1901 3764 2061 3838 .hoc
2110 3762 2618 3861 competit-ma-

383 3880 734 3954 trimonio:
780 3881 941 3980 quia
975 3906 1226 3954 non-ex
1261 3895 1498 3952 natura
1523 3895 1740 3962 «actus
1793 3880 2052 3954 confert
2098 3878 2381 3975 gratiam
2406 3937 2422 3964 ,
2468 3878 2689 3952 licet.-

382 3994 550 4068 alias
617 3995 934 4095 praebeat
992 3995 1399 4079 remedium;
1459 3991 1717 4066 scilicet
1763 4020 1844 4078 ex
1908 3993 2138 4066 divina
2183 3994 2617 4067 institutione

531 4218 634 4280 (94)
666 4215 805 4268 Istud
839 4228 944 4266 non
975 4229 1135 4281 aeque
1164 4215 1466 4281 perfectum
1497 4227 1596 4263 non
1628 4213 1836 4264 retertur
1862 4213 1926 4264 ad
1953 4216 2313 4265 sacramentum
2342 4214 2392 4262 iu
2424 4226 2509 4273 se,
2537 4211 2624 4262 sed

382 4295 448 4345 ad
485 4296 803 4360 dignitatem,
844 4297 1123 4359 comparate
1152 4296 1217 4347 ad
1243 4296 1356 4348 ‘alia
1395 4295 1726 4356 mamona,
1760 4306 1887 4357 quae
1929 4295 2084 4346 tinem
2124 4293 2416 4345 nobiliorem
2443 4290 2624 4340 habent

382 4376 437 4426 in
470 4377 630 4439 gratia
667 4390 817 4441 quam
858 4375 1155 4439 producunt.
2472 4453 2511 4519 3
