3276 5083
665 490 805 540 cn.
838 490 904 537 v.
936 489 1078 538 ΑΜ.
1114 490 1203 539 1v.
1238 488 1474 539 Ancum.
1510 488 1856 548 urmusoua
1893 488 2071 541 saur.
2117 491 2317 541 arma.
2476 470 2614 542 173

382 614 562 683 riam
579 664 600 694 ,
643 608 1136 683 sacerdotemve
1167 610 1542 680 ministrum
1575 609 1975 682 sacramenti
2011 609 2417 683 matrimonii
2441 610 2623 685 dixe-

386 727 520 812 rit,
563 722 683 797 sed
716 723 1005 796 contenti
1041 723 1407 796 universim
1449 723 1717 796 fuerunt
1750 721 1990 796 docere
2011 781 2027 810 ‚
2068 748 2188 823 per
2219 749 2619 798 consensum

387 837 621 912 verbis
678 837 764 909 de
823 839 1155 938 praesenti
1209 838 1709 911 matrimonium
1760 837 2027 912 confici.
2087 838 2263 937 Ergo
2319 838 2619 914 defectus

390 954 632 1026 horum
680 951 1153 1026 vocabulorum
1190 953 1359 1025 ratio
1393 979 1545 1026 esse
1579 978 1713 1026 non
1748 953 1985 1052 potuit,
2027 953 2114 1027 ob
2147 979 2353 1053 quam
2390 968 2621 1053 patres

385 1068 713 1142 materiae
745 1083 812 1140 et
844 1068 1098 1142 formae
1135 1093 1269 1140 non
1305 1068 1732 1141 meminerint
1767 1068 1836 1140 in
1872 1094 1978 1155 re,
2021 1095 2157 1169 qua
2195 1068 2283 1141 de
2322 1069 2613 1167 agimus.

384 1183 488 1257 Eo
529 1182 639 1255 vel
692 1184 912 1279 magis
934 1240 950 1269 ‚
1007 1182 1189 1281 quod
1240 1182 1577 1282 potuerint
1623 1182 2156 1256 benedictionem
2205 1183 2475 1256 verbum
2504 1208 2629 1257 vo-

389 1302 546 1371 care
581 1353 597 1382 ,
659 1322 1078 1393 ‚consensum
1141 1296 1518 1368 elenzentum
1553 1297 2132 1397 sacerdotemque
2168 1299 2561 1370 ,ministrum
2596 1353 2617 1382 ,

389 1409 578 1510 quod
625 1410 876 1509 pariter
918 1416 1287 1509 numquam
1330 1410 1651 1483 fecerunt.
1695 1409 1853 1484 Ideo
1895 1436 2053 1484 vero
2103 1435 2235 1484 non
2285 1410 2619 1497 fecerunt,

391 1524 558 1624 quia
612 1539 1024 1624 compertum
1075 1525 1377 1624 patribus
1420 1540 1596 1613 erat,
1645 1541 1841 1625 prout
1886 1541 2293 1625 compertum
2343 1525 2469 1598 fuit
2517 1551 2626 1599 ve-

391 1638 514 1711 luti
549 1665 670 1739 per
701 1638 1126 1713 traditionem
1177 1639 1538 1739 quamdam
1590 1640 2048 1727 scholasticis,
2105 1640 2446 1714 Christum
2482 1666 2625 1713 ma-

388 1755 777 1829 trimonium
812 1755 1064 1854 ipsum,
1107 1753 1287 1854 quod
1322 1770 1518 1828 antea
1553 1755 1932 1843 obtinebat,
1967 1755 2270 1829 evexisse
2303 1781 2423 1855 pro
2458 1754 2623 1828 fide·

387 1868 569 1944 libus
622 1870 770 1943 suis
810 1869 896 1943 ad
939 1871 1337 1944 sacramenti
1389 1869 1778 1967 dignitatem
1831 1868 2211 1942 adiiciendo
2261 1868 2623 1942 contractui

389 1983 728 2082 coniugali
757 1983 1039 2081 gratiam
1068 2010 1282 2071 suam,
1315 2010 1452 2084 qua
1484 1999 1679 2057 antea
1705 1984 1982 2083 nuptiae
2007 1983 2363 2056 destitutae
2398 1997 2617 2068 erant;

398 2099 573 2173 ritus
608 2114 853 2184 autem,
888 2097 1137 2198 quibus
1172 2097 1558 2172 solemniter
1581 2097 2040 2171 celebrabatur
2065 2098 2134 2168 in
2163 2096 2449 2170 ecclesia
2475 2122 2626 2170 con-

398 2213 662 2309 iugium
686 2269 703 2299 ,
746 2212 1043 2285 adiectos
1079 2211 1166 2285 ab
1215 2210 1501 2284 ecclesia
1557 2211 1771 2283 fuisse
1813 2211 1900 2283 ad
1944 2209 2117 2281 fines
2174 2207 2575 2282 obtinendos
2600 2263 2616 2293 ,

395 2352 574 2425 quos
624 2327 815 2399 toties
863 2325 1554 2400 commemoravimus.
1961 2387 1964 2391 .

543 2438 738 2526 Quod
790 2441 848 2514 si
899 2440 1122 2537 exigui
1147 2497 1186 2526 ‚.
1218 2439 1423 2513 immo
1462 2465 1621 2512 vero
1673 2437 1925 2512 nullius
1987 2436 2306 2537 ponderis
2364 2463 2445 2510 ac
2503 2462 2623 2509 va·

390 2556 554 2630 loris
605 2572 803 2644 sunt,
875 2582 1051 2656 quae
1116 2572 1257 2629 tum
1301 2582 1342 2628 a
1389 2549 1573 2629 Cano
1598 2613 1614 2642 ‚
1672 2563 1811 2628 tu'm
1864 2582 1904 2628 a
1953 2553 2281 2651 theologis
2340 2551 2623 2652 reliquis

391 2671 596 2746 allata
632 2688 799 2746 sunt
846 2688 1239 2770 argumenta
1289 2674 1434 2747 sive
1482 2698 1563 2744 ex
1612 2671 1851 2745 Bibliis
1877 2730 1893 2758 ,
1950 2672 2095 2745 sive
2138 2697 2218 2744 ex
2271 2669 2578 2771 patribus
2600 2726 2617 2755 ‚

392 2787 602 2863 multo
642 2789 861 2887 magis
896 2789 1057 2863 talia
1092 2804 1249 2863 sunt
1279 2788 1651 2875 censenda,
1699 2813 1875 2889 quae
1908 2814 1987 2860 ex
2027 2786 2395 2861 rationibus
2447 2786 2625 2859 theo-

391 2901 629 3000 logicis
700 2918 1044 3002 urgentur.
1119 2905 1254 2977 Nos
1321 2929 1404 2976 ea
1466 2902 1920 3002 expendentes
1985 2900 2557 3001 deprehendimus
2603 2959 2618 2985 ‚

395 3034 512 3091 aut
541 3017 841 3106 fallacia,
900 3034 1013 3091 aut
1061 3018 1265 3105 falso,
1323 3034 1397 3090 ut
1445 3018 1673 3105 aiunt,
1733 3017 2083 3116 supposito
2122 3017 2376 3089 innixa.
2413 3017 2483 3087 Si
2520 3042 2626 3088 re-

395 3132 723 3220 colantur,
763 3137 939 3232 quae
972 3133 1395 3233 reposuimus
1429 3130 1760 3204 eiusmodi
1798 3130 2208 3227 argumentis
2229 3187 2244 3216 ‚
2277 3129 2470 3202 facile
2495 3129 2627 3201 sibi

395 3248 692 3347 quisque
732 3246 802 3319 id
838 3247 1307 3346 persuadebit,
1348 3246 1530 3346 quod
1569 3246 1683 3319 hic
1718 3245 2166 3331 affirmamus,
2200 3245 2365 3342 quin
2393 3242 2628 3315 eadem

398 3363 698 3461 repetere
741 3361 1133 3435 debeamus.

544 3476 666 3549 Ast
705 3475 864 3549 talia
898 3503 983 3549 ne
1016 3476 1265 3576 pariter
1313 3491 1509 3548 erunt
1557 3473 1899 3548 censenda
1922 3531 1937 3560 ,
1980 3499 2155 3572 quae
2204 3472 2630 3546 adducuntur

399 3615 524 3690 pro
560 3592 839 3691 antiqua
873 3592 1177 3665 doctrina
1209 3590 1297 3663 de
1331 3590 1882 3664 contrahentibus
1923 3589 2222 3686 coniugii
2275 3587 2629 3661 christiani

398 3706 776 3780 ministris?
799 3709 1007 3782 Nemo
1042 3732 1250 3781 sanus
1287 3707 1582 3805 profecto
1617 3706 1688 3778 id
1724 3706 2004 3792 dixerit,
2036 3705 2095 3778 si
2132 3715 2379 3777 attento
2405 3703 2632 3778 animo

398 3836 662 3922 reputet
709 3823 906 3896 istam
938 3823 1335 3896 sententiam
1362 3847 1496 3895 non
1522 3823 1705 3895 omni
1737 3822 1936 3922 plane
1961 3834 2353 3917 argumento
2384 3816 2634 3892 biblico

396 3935 715 4023 destitui,
757 3934 939 4036 quod
991 3936 1186 4010 nobis
1237 3936 1536 4035 suppetit
1579 3962 1660 4008 ex
1706 3932 2022 4035 Apostolo
2058 3933 2310 4033 Ephes.
2352 3934 2427 4002 V.
2486 3932 2628 4006 Etsi

395 4050 579 4123 enim
614 4051 853 4124 demus
890 4050 1336 4150 apodicticum
1365 4049 1530 4122 illud
1564 4049 2018 4123 testimonium
2055 4073 2187 4121 non
2220 4073 2407 4133 esse,
2440 4046 2632 4126 ,haud

398 4166 492 4238 ita
526 4181 750 4239 tamen
787 4165 1127 4238 infirmum
1149 4180 1256 4239 est
1278 4223 1293 4251 ,
1331 4180 1405 4238 ut
1429 4165 1662 4262 seponi
1703 4164 1954 4264 possit3
1998 4178 2063 4235 et
2098 4189 2261 4237 sane
2293 4187 2481 4236 conc.
2517 4162 2634 4236 tri·

398 4278 752 4353 dentinum
806 4280 978 4353 satis
1029 4297 1255 4379 aperte
1290 4279 1389 4351 illi
1427 4279 1736 4351 innititur
1783 4278 2202 4365 testimonio,
2237 4294 2311 4351 ut
2335 4276 2637 4352 adstruat

398 4396 684 4489 gratiam
719 4421 761 4469 a
794 4394 1062 4469 Christo
1101 4395 1385 4469 Domino
1427 4395 1757 4470 adiectam
1810 4394 2023 4469 fuisse
2068 4393 2386 4490 coniugio
2438 4405 2635 4464 natu-

2510 4535 2539 4578 α
