3276 5083
733 470 869 518 cn».
913 469 981 517 11.
1023 468 1102 517 ns
1137 466 1325 517 111111.
1360 468 1486 517 mv.
1520 466 1687 517 omo.
1722 467 1795 515 01·
1831 467 2049 515 1110011.
2082 465 2220 513 aar.
2256 464 2301 511 1.
2482 440 2615 509 265

422 586 679 659 Tullius
704 584 794 657 de
815 583 1105 658 Caecilia
1129 583 1390 657 Metella
1412 642 1429 671 ,
1461 610 1634 682 quae
1667 584 2098 656 constituerat
2132 595 2395 678 neptem
2432 605 2620 651 suam

425 702 684 776 tradere
748 700 984 772 marito
1007 756 1022 784 ,
1088 699 1321 771 scribit
1363 728 1375 768 :
1434 730 1469 767 «
1505 699 1728 770 Exivit
1783 699 1852 768 in
1913 695 2248 796 quoddam
2312 694 2624 766 sacellum

425 814 669 888 ominis
693 811 1001 912 capiendi
1023 837 1250 897 causa,
1271 811 1449 909 quod
1468 813 1613 910 fieri
1624 837 1795 882 more
1820 824 2104 882 veterum
2126 808 2370 880 solebat
2390 808 2451 901 (1
2466 808 2533 898 6)
2553 834 2617 874 .»

426 931 504 1000 In
553 926 983 1026 sarcophagis
1027 926 1197 1023 ipsis
1244 924 1861 1025 repraesentabatur
1900 924 2137 1020 genius
2192 920 2577 1019 nuptiarum
2600 975 2616 1001 ,

425 1042 878 1140 HymenaeuS,
900 1039 1018 1137 qui
1046 1063 1329 1137 sponsos
1357 1039 1808 1123 coniunxerat,
1830 1052 2102 1133 gestans
2129 1035 2340 1107 facem
2370 1032 2625 1131 nuptia-

429 1156 556 1229 lem
584 1213 600 1242 ,
658 1153 1037 1255 symbolum
1088 1154 1380 1250 coniugii
1425 1156 1599 1248 (17).
1643 1154 1923 1224 Demum
1968 1152 2037 1222 in
2080 1149 2368 1222 nummis
2414 1149 2625 1247 impe—

426 1269 704 1341 rialibus
756 1270 1008 1367 passim
1060 1269 1343 1340 occurrit
1390 1268 1650 1364 effigies
1700 1267 1972 1340 lunonis
2022 1264 2363 1363 pronubae
2398 1263 2483 1336 ad
2519 1274 2625 1363 ‘ce-

426 1381 747 1455 lebranda
795 1383 1103 1478 coniugia
1152 1382 1619 1481 imperatorum
1653 1383 1827 1477 (18).
2460 1385 2465 1391 '

570 1496 802 1594 ltaque
854 1494 1024 1565 nihil
1072 1496 1353 1580 certina,
1408 1494 1947 1592 exploratiusque
1997 1492 2206 1577 nihil,
2260 1519 2463 1590 quam
2512 1517 2625 1564 ve-

423 1624 597 1681 teres
651 1609 915 1708 nuptias
968 1609 1208 1705 iugiter
1254 1608 1456 1681 veluti
1500 1635 1637 1681 rem
1682 1633 1940 1680 sacram
1975 1633 2053 1678 ac
2089 1606 2469 1702 religiosam
2512 1605 2625 1677 ha-

427 1721 681 1795 buisse.
742 1724 950 1796 Immo
997 1749 1155 1796 vero
1203 1750 1333 1796 non
1383 1722 1583 1796 modo
1633 1722 2041 1820 exploratum
2100 1736 2204 1793 est
2261 1745 2626 1817 numquam

426 1837 857 1910 consuevisse
905 1853 1159 1910 veteres
1203 1838 1510 1933 coniugia
1561 1864 1601 1909 a
1653 1836 1972 1931 religione
2012 1833 2369 1932 aliquando
2415 1832 2626 1906 divel-

423 1949 556 2023 lere
579 2007 595 2036 ,
656 1950 820 2048 quin
870 1946 1095 2048 potius
1148 1950 1329 2023 omni
1382 1950 1932 2048 superstitionum
1967 1973 2205 2044 genere
2253 1946 2628 2019 curaverint

421 2089 500 2134 ea
526 2063 765 2136 ritibus
800 2062 1131 2159 religiosis
1165 2065 1547 2136 consociare
1569 2120 1584 2148 ,
1629 2089 1750 2135 nec
1787 2062 1917 2134 nisi
1954 2061 2293 2159 improbos
2320 2087 2625 2160 quosque

426 2175 575 2248 illos
613 2176 949 2273 negligere
984 2175 1215 2250 solitos
1251 2177 1483 2250 fuisse.
1526 2179 1623 2248 Ex
1659 2202 1792 2276 quo
1827 2201 2107 2275 pronum
2144 2191 2248 2247 est
2279 2174 2617 2270 colligere,

422 2290 517 2361 uti
572 2289 796 2388 paullo
840 2305 993 2360 ante
1042 2290 1544 2374 adnotavimus,
1591 2290 1928 2387 principes
1964 2315 2043 2361 ac
2076 2288 2505 2383 magistratus
2543 2313 2626 2360 ne

421 2406 751 2502 cogitasse
794 2403 1066 2503 quidem
1111 2404 1195 2477 de
1239 2404 1588 2477 connubiis
1640 2431 1819 2478 mere
1868 2402 2178 2477 civilibus
2220 2404 2623 2499 coniungen-

560 2627 660 2690 (16)
695 2631 769 2679 De
795 2629 1019 2679 divinat.
1053 2629 1087 2678 l.
1118 2635 1157 2679 1.
1183 2642 1227 2678 0.
1250 2634 1297 2678 6.
1320 2627 1432 2677 vid.
1456 2629 1634 2678 Museo
1671 2627 2004 2701 Worslrjano.
2033 2627 2216 2677 Milano
2256 2629 2389 2678 18³4.
2420 2627 2541 2676 tom.
2566 2632 2625 2679 x.

421 2720 528 2770 pag.
557 2716 638 2759 ss.
1153 2756 1157 2761 .

559 2788 660 2850 (17)
690 2788 768 2838 cs.
797 2788 940 2837 Ennii
964 2787 1159 2845 Quirini
1176 2786 1397 2838 visconti
1424 2789 1516 2849 op.
1540 2786 1695 2837 classe
1717 2787 1875 2848 prima
1902 2787 2001 2836 vol.
2026 2789 2109 2835 vl.
2140 2786 2188 2835 11
2214 2798 2388 2836 musco
2408 2786 2631 2836 Pio-Cle·

416 2869 663 2918 mantino.
685 2868 869 2917 milano
896 2875 1030 2918 1822.
1051 2867 1215 2930 tavola
1233 2869 1340 2917 XII.
1363 2880 1472 2930 pag.
1490 2874 1550 2917 68
1572 2879 1710 2929 seqq.
1734 2865 1861 2915 ibid.
1880 2869 1984 2915 not.
2007 2874 2055 2915 2.
2077 2866 2276 2927 legitur,
2299 2865 2434 2928 quod
2455 2865 2632 2916 similis

421 2943 578 3006 imago
616 2946 881 3008 Hymenaei
922 2947 1190 3010 reperiatur
1226 2947 1279 2995 in
1316 2960 1490 3009 magno
1526 2946 1825 3007 sarcophago
1848 2982 1862 3005 ‚
1903 2944 1954 2992 in
1985 2958 2084 3006 quo
2125 2945 2465 2995 describuntur
2506 2946 2630 2994 ritus

419 3023 685 3084 nuptiales,
709 3024 921 3088 reposito
944 3025 995 3073 in
1012 3039 1054 3075 s.
1078 3025 1338 3075 Laurentio
1361 3027 1498 3075 extra
1516 3038 1702 3074 muros.

541 3092 664 3162 ’(18)
694 3101 805 3150 Vid.
825 3103 1005 3166 Philip.
1029 3103 1193 3153 Aurei.
1223 3103 1443 3153 Visconti
1467 3103 1518 3152 ll
1536 3115 1713 3152 museo
1741 3102 2105 3152 chiaramonei
2138 3101 2385 3151 descritto
2410 3100 2476 3152 cd
2502 3101 2624 3152 illu·

416 3179 605 3228 stralo.
630 3180 814 3229 Milano
841 3187 971 3232 1820.
999 3195 1048 3244 p.
1071 3189 1148 3232 51.

561 3257 704 3314 Quod
739 3259 912 3308 attinet
952 3260 1015 3309 ad
1055 3262 1261 3322 populos
1297 3261 1510 3324 reliquos
1540 3262 1803 3311 orientales
1837 3263 1886 3309 et
1916 3258 2258 3309 occidentales.
2293 3259 2367 3309 Cf.
2390 3262 2460 3308 10.
2484 3261 2623 3322 Bapt.

418 3335 662 3386 casalium
684 3340 759 3388 De
779 3341 893 3388 ritu
913 3342 1225 3402 nuptiarum
1250 3353 1314 3389 ac
1339 3340 1403 3391 dc
1423 3342 1536 3390 mu
1562 3340 1867 3391 connubiali
1900 3343 2160 3399 veterum,
2192 3338 2325 3401 quod
2344 3351 2469 3401 opus
2494 3352 2625 3401 repe·

417 3411 540 3462 ritur
557 3414 605 3462 in
623 3414 878 3466 Thesauro
892 3417 1124 3466 Gronovii
1141 3420 1261 3467 tom.
1278 3419 1386 3466 vn.
1399 3416 1666 3466 Barnabain
1682 3419 1979 3467 Brissonium
1999 3421 2068 3466 De
2091 3416 2281 3466 ritibus
2300 3419 2623 3480 nuptiarum,

414 3504 637 3542 recusum
656 3493 706 3543 in
723 3497 858 3544 tomo
874 3498 1003 3545 vili.
1021 3497 1234 3546 Graevii.
1254 3499 1456 3559 Gaspar.
1475 3496 1793 3559 calmet-,qui
1816 3500 1890 3546 Dc
1905 3497 2096 3546 ritibus
2115 3495 2443 3559 nuptiallbus
2462 3497 2627 3545 omnis

415 3572 617 3633 ueneris
642 3574 695 3621 ct
725 3575 953 3623 nationis
975 3576 1075 3638 egit
1104 3575 1190 3625 lib.
1214 3578 1255 3625 1.
1281 3575 1508 3626 sunaus
1534 3575 1896 3636 ecclesiastici,
1920 3575 2052 3624 Frid.
2076 3576 2168 3626 1111.
2195 3577 2541 3625 Rottmannum
2575 3574 2626 3623 in

421 3648 624 3699 situati
673 3654 1096 3714 nuptui-§entium
1137 3657 1432 3716 yet-monice
1472 3654 1608 3704 edito
1648 3656 1845 3704 Bremae
1882 3658 2017 3704 1713.
2063 3656 2197 3716 Gaya
2241 3654 2290 3702 in
2326 3652 2412 3702 lib.
2452 3652 2624 3715 gallico

418 3727 735 3777 ceremonias
758 3731 1020 3792 nuptiales
1041 3731 1105 3782 dc
1129 3736 1296 3783 toules
1320 3732 1393 3782 les
1412 3736 1635 3782 viations.
1660 3734 1822 3796 Hagae
1841 3733 2059 3782 comitae
2085 3740 2194 3782 1581
2208 3769 2217 3781 .
2231 3734 2300 3780 Ex
2322 3732 2399 3780 his
2421 3730 2627 3794 aliisque

409 3819 506 3856 non
530 3807 699 3870 paucis
725 3821 932 3871 quorum
971 3811 1168 3874 longum
1198 3813 1474 3875 catalogum
1490 3814 1648 3862 texuit
1668 3815 1707 3862 1.
1724 3818 1780 3863 Α.
1797 3811 2046 3862 Fabricius
2061 3813 2111 3860 in
2129 3824 2219 3861 sua
2234 3809 2627 3874 Biblioqrapkta

411 3889 735 3950 antiquaria.
759 3888 1022 3951 Hamburgi
1067 3894 1199 3941 1760.
1230 3905 1336 3954 cap.
1361 3895 1465 3940 xx.
1489 3891 1755 3953 comperies
1791 3889 1973 3952 ubique
2014 3890 2229 3952 gentium
2267 3891 2536 3951 receptum,
2572 3891 2630 3940 ut

413 3965 611 4028 nuptiae
639 3965 736 4014 ritu
772 3978 910 4014 sacro
938 3969 1211 4017 constanter
1245 3972 1658 4018 consecrarentur.
1694 3971 1753 4016 Et
1789 3969 1907 4017 haec
1942 3966 2139 4031 quidem
2176 3979 2290 4015 cum
2321 3967 2526 4016 solemni
2552 3981 2625 4018 ra·

413 4044 544 4092 tione
579 4044 804 4107 coniugia
824 4044 1212 4109 celebrabantur;
1234 4060 1346 4097 nam
1367 4046 1429 4097 de
1449 4046 1774 4096 mattimoniis
1809 4045 2122 4097 clandestinis
2139 4083 2154 4108 ,
2183 4045 2244 4095 de
2275 4046 2455 4108 quibus
2474 4059 2629 4110 nuper

411 4122 599 4184 aliquid
636 4123 853 4173 diximus
871 4162 885 4185 ,
915 4126 1022 4174 tum
1054 4127 1186 4188 apud
1227 4141 1478 4189 romanos,
1509 4129 1615 4176 tum
1647 4126 1780 4189 apud
1801 4126 1921 4176 alias
1941 4127 2132 4187 gentes,
2157 4138 2254 4175 11011
2276 4125 2505 4189 estquod
2529 4126 2625 4175 dis·

411 4213 643 4252 seramus.
663 4202 720 4252 ld
744 4202 895 4252 fixum
927 4206 1136 4265 maneat,
1171 4205 1299 4267 apud
1337 4209 1522 4255 veteres
1555 4205 1864 4254 matrimonia
1887 4204 2032 4254 fuisse
2052 4204 2127 4255 vel
2148 4204 2290 4267 plane
2307 4205 2624 4262 clandestina.

410 4278 489 4328 vel
507 4280 732 4343 religioso
750 4280 846 4331 ritu
868 4284 1177 4344 consecrata,
1194 4295 1458 4346 numquam
1477 4295 1592 4334 vero
1614 4295 1744 4332 111010
1764 4280 1953 4345 civilia,
1968 4281 2094 4333 idest
2112 4297 2277 4334 coram
2300 4284 2503 4348 profano
2525 4296 2625 4331 ma·

412 4356 614 4418 gistratu
643 4359 780 4410 inita.
