3276 5083
687 411 774 505 9'8
1087 457 1210 507 m.
1255 456 1300 506 ι.
1345 456 1516 507 sacr.
1560 456 1605 506 ι.
1654 455 1732 504 ns
1768 451 2028 505 nrum.
2074 453 2502 505 sicuusnro.

681 600 870 658 zare,
928 574 1040 646 sed
1089 574 1539 672 evavtqeliza're
1559 630 1576 658 ,
1636 572 1883 647 rectius
1932 586 2072 657 est,
2129 587 2205 644 ut
2252 571 2573 670 mysteria
2622 571 2745 645 Dei
2793 574 2902 646 in-

683 685 1062 784 telligantur
1128 687 1284 761 fidei
1354 703 1619 761 nostrae
1681 686 1992 786 dogmata
2049 709 2089 790 a
2147 685 2286 758 Deo
2347 683 2656 758 revelata.
2713 685 2902 772 Quae

682 802 954 902 quidem
990 805 1301 902 mysteria
1334 802 1669 888 dicuntur,
1701 801 1862 902 quia
1899 814 2151 874 secreta
2187 814 2377 886 sunt,
2417 816 2491 873 ut
2525 799 2781 901 absque
2805 828 2903 875 re-

680 916 1011 991 velatione
1057 918 1367 1018 cognosci
1421 934 1781 1016 nequeant.
1814 918 2032 989 ..Non
2066 931 2287 988 tamen
2313 914 2399 987 ab
2423 914 2533 988 his
2560 917 2902 1016 mysteriis

681 1047 1094 1106 sacramenta
1145 1058 1354 1106 novae
1403 1032 1571 1129 legis
1625 1058 2056 1130 separamus,
2112 1031 2231 1104 sed
2283 1029 2532 1130 pariter
2580 1029 2708 1102 sub
2760 1031 2849 1103 iis
2876 1089 2893 1116 ‚

679 1162 752 1219 ut
776 1149 968 1245 signa
995 1145 1367 1246 corporalia
1392 1146 1646 1243 gratiae
1670 1145 2040 1244 spiritualis
2068 1143 2367 1217 efficacia
2400 1142 2905 1242 comprehendi-

679 1288 854 1336 mus.
879 1262 1177 1349 Quorum
1219 1260 1501 1362 proinde
1532 1260 1949 1359 dispensatio
1986 1260 2070 1333 ad
2108 1258 2380 1334 eosdem
2415 1258 2664 1333 Christi
2697 1260 2904 1332 mini-

678 1391 851 1451 stros
903 1378 1256 1476 pertinet.»

823 1490 990 1563 Cum
1054 1491 1255 1587 igitur
1319 1505 1536 1564 textus
1601 1488 2155 1576 fundamentalis,
2211 1490 2344 1562 imo
2393 1490 2633 1561 unicus
2694 1488 2898 1561 huius

678 1605 1043 1677 sententiae
1084 1604 1329 1677 directe
1365 1630 1495 1678 non
1532 1605 1809 1701 attingat
1857 1620 2421 1677 sacramentorum
2472 1602 2901 1676 administra-

679 1718 958 1804 tionem,
995 1718 1116 1792 sed
1142 1718 1592 1816 evangelicam
1631 1719 2227 1818 praedicationem,
2268 1732 2448 1817 patet
2479 1717 2663 1791 haud
2696 1744 2898 1817 posse

677 1833 839 1905 Cani
890 1849 1246 1908 sectatores
1297 1833 1394 1906 illi
1438 1834 1606 1907 adeo
1657 1834 1938 1907 fidenter
1987 1834 2220 1919 inniti,
2259 1848 2333 1906 ut
2367 1858 2519 1905 eum
2557 1849 2899 1933 opponant

654 1953 1015 2047 'tamquam
1050 1950 1487 2049 praecipuum
1533 1949 1843 2022 contrarii
1896 1939 2122 2049 placiti
2173 1948 2644 2036 sectatoribus,
2702 1966 2899 2048 prout

674 2063 806 2162 ipsi
842 2064 1113 2137 faciunt.
1148 2064 1446 2138 Attamen
1486 2081 1747 2162 praeter
1779 2065 1932 2151 hoc,
1973 2064 2228 2137 nullum
2263 2065 2435 2163 ipsis
2463 2064 2757 2163 suppetit
2787 2063 2896 2136 bi-

673 2177 922 2252 blicum
972 2179 1421 2253 testimonium
1445 2237 1461 2265 ,
1518 2178 1697 2278 quod
1746 2179 2102 2279 proferant.

824 2294 1156 2381 Quoniam
1190 2321 1379 2382 vero,
1421 2294 1517 2367 uti
1557 2293 1859 2368 nonnulli
1897 2295 2285 2393 interpretes
2321 2293 2887 2380 animadvertunt,

677 2410 762 2482 ab
791 2412 919 2484 hac
944 2410 1307 2485 universali
1345 2409 1801 2510 propositione
1836 2435 1970 2483 non
2005 2408 2447 2483 excluduntur
2470 2408 2556 2481 ab
2581 2408 2897 2509 Apostolo

675 2523 873 2597 etiam
916 2538 1332 2597 sacramenta
1355 2581 1370 2610 ‚
1414 2522 1565 2597 ideo
1616 2538 1683 2596 et
1729 2522 1816 2596 ad
1871 2522 1997 2597 hoc
2046 2522 2215 2622 ipsis
2264 2521 2683 2623 eripiendum
2732 2521 2897 2596 effu-

669 2637 851 2733 gium
884 2694 901 2723 ,
973 2636 1372 2710 adnotamus
1422 2636 1539 2709 illa
1588 2662 1719 2710 non
1772 2634 2037 2709 excludi
2089 2638 2501 2710 sacramenta
2526 2694 2543 2724 ,
2608 2663 2892 2736 quorum

669 2750 1155 2824 administratio
1203 2750 1546 2848 Evangelii
1599 2749 2039 2849 praeconibus
2103 2751 2483 2825 concredita
2540 2768 2664 2825 est.
2725 2752 2893 2825 Cum

668 2863 947 2961 proinde
998 2864 1300 2962 quaestio
1357 2865 1645 2962 agitatur
1694 2892 1852 2937 num
1903 2865 2194 2964 coniugii
2256 2865 2605 2939 christiani
2669 2891 2891 2939 sacra-

667 2993 965 3050 mentum
1018 3005 1096 3051 ex
1149 2978 1284 3052 illis
1322 2981 1433 3066 sit,
1475 3006 1761 3079 quorum
1812 2978 2297 3054 administratio
2342 2981 2428 3054 iis
2476 2996 2580 3054 est
2625 2982 2891 3054 deman-

666 3093 858 3180 data,
917 3091 1118 3193 plane
1167 3096 1597 3195 consequitur
1645 3094 1808 3167 Cani
1861 3095 2230 3169 sententiae
2278 3110 2593 3195 patronos
2634 3123 2714 3169 ex
2758 3096 2887 3170 hoc

664 3224 844 3281 textu
898 3209 1067 3281 nihil
1117 3210 1439 3309 proficere
1470 3269 1487 3298 ,
1547 3210 1678 3284 nisi
1729 3226 2077 3285 assumant
2124 3211 2304 3310 quod
2357 3227 2460 3285 est
2512 3213 2578 3283 in
2632 3227 2890 3285 contro-

661 3323 881 3398 versia
933 3325 1248 3423 positum.
1285 3326 1495 3399 Tanto
1547 3326 1764 3422 magis
1816 3325 1995 3424 quod
2045 3326 2536 3426 propositiones
2582 3327 2825 3398 aientes
2857 3383 2875 3409 ‚

662 3453 734 3510 ut
784 3437 1146 3538 loquuntur
1195 3436 1387 3534 logici
1418 3496 1433 3526 ,
1476 3464 1597 3511 seu
1634 3437 1962 3537 positivae
1996 3455 2060 3511 et
2094 3439 2532 3527 affirmantes,
2574 3466 2709 3514 non
2746 3441 2887 3513 sint

661 3552 1112 3641 universales,
1170 3568 1366 3652 prout
1415 3566 1738 3649 negantes
1790 3567 1992 3651 atque
2040 3553 2492 3627 excludentes.

806 3666 1080 3741 Accedit
1125 3668 1305 3766 quod
1358 3666 1560 3741 lateat
1619 3667 2077 3765 aequivocatio
2131 3668 2197 3739 in
2249 3694 2411 3743 voce
2461 3667 2888 3767 dispensatio-

659 3783 786 3865 πίε,
824 3806 947 3853 seu
974 3781 1573 3855 administrationis
1616 3798 2214 3869 sacramentorum,
2267 3809 2466 3880 quam
2519 3785 2696 3855 sumi
2749 3799 2889 3855 tum

658 3894 876 3991 possit
895 3922 1016 3994 pro
1037 3909 1599 3970 sacramentorum
1620 3895 2032 3995 confectione,
2053 3912 2190 3969 tum
2220 3921 2341 3996 pro
2369 3895 2750 3969 eorumdem
2771 3894 2886 3967 ad-

654 4008 1162 4084 ministrationis
1191 4010 1534 4108 regimine;
1561 4011 1764 4108 priori
1785 4036 2017 4096 sensu,
2044 4011 2162 4109 qui
2180 4026 2596 4084 sacramenta
2616 4009 2884 4109 dispen—

656 4148 805 4195 sare
842 4122 1185 4211 dicuntur,
1237 4141 1394 4198 sunt
1444 4125 1584 4197 veri
1638 4124 1968 4197 ministri:
2031 4125 2380 4224 posteriori
2423 4150 2581 4198 vero
2623 4151 2753 4197 non
2799 4125 2884 4198 si-

652 4237 1053 4335 gnificantur
1079 4239 1210 4310 nisi
1239 4241 1622 4313 corumdem
1651 4239 2096 4314 moderatores
2120 4299 2134 4327 ‚
2169 4241 2286 4339 qui
2317 4267 2555 4340 nempe
2582 4267 2684 4327 ea,
2708 4267 2881 4339 quac

652 4352 736 4426 ad
767 4354 1053 4427 validam
1093 4353 1588 4452 legitimamque
1626 4372 2187 4431 sacramentorum
2238 4356 2879 4429 administrationem
