3276 5083
688 361 828 433 344
1082 384 1206 435 m.
1248 383 1294 433 ι.
1337 382 1510 433 secr.
1552 383 1812 432 arem.
1846 382 1926 430 ns
1961 380 2225 431 nrm.
2249 379 2463 430 clvm.

680 503 767 576 ab
815 500 1144 576 ecclesiae
1194 500 1527 574 ministris
1562 557 1577 586 ,
1636 525 1890 598 eosque
1945 513 2223 584 vexant,
2282 496 2810 598 deturbantque
2868 528 2965 574 ex

679 618 952 717 proprio
1004 643 1138 717 quo
1199 618 1567 714 funguntur
1632 614 1895 700 offici03
1957 630 2114 687 sunt
2163 613 2211 683 ii
2264 612 2449 711 ipsi,
2507 614 2622 712 qui
2678 614 2959 688 sinum

677 760 758 808 ac
803 734 1070 807 viscera
1118 731 1352 804 matris
1404 756 1568 804 suae
1589 787 1605 816 ‚
1665 729 1992 803 ecclesiae
2042 727 2299 803 scilicet
2331 726 2715 802 catholicae
2739 788 2760 817 ,
2815 757 2958 830 per

676 849 827 923 dies
863 846 1165 945 singulos
1200 846 1591 946 discerpunt
1615 903 1631 934 ‚
1673 872 1753 919 ac
1785 846 2031 919 misere
2063 843 2399 930 lacerant,
2432 870 2514 918 eo
2539 845 2739 943 quod
2772 872 2951 919 eam

677 979 955 1039 cernant
1002 962 1211 1063 impia
1261 962 1431 1036 haec
1475 989 1600 1037 sua
1633 961 1981 1035 molimina
2029 975 2448 1035 aversantem
2476 1019 2493 1048 ‚
2532 986 2616 1034 ac
2647 960 2948 1035 bellum

676 1097 864 1156 atrox
913 1079 1244 1154 intentant
1306 1078 1633 1153 adversus
1687 1105 1853 1153 rom.
1909 1078 2293 1178 pontificem
2326 1135 2344 1165 ‚
2414 1103 2616 1177 quem
2680 1078 2943 1152 modis

676 1193 991 1270 omnibus
1039 1211 1157 1269 aut
1203 1222 1324 1295 per
1374 1221 1449 1270 se
1496 1209 1618 1269 aut
1666 1221 1788 1294 per
1836 1194 2179 1294 improbos
2231 1219 2538 1294 quosque
2605 1192 2940 1293 publicis

676 1310 924 1385 libellis
949 1370 966 1400 ‚
1007 1312 1451 1411 caenosisque
1501 1309 2051 1411 ephemeridibus
2096 1310 2311 1409 pretio
2353 1308 2710 1383 conductis
2758 1333 2936 1408 pro-

679 1427 1036 1515 scindunt;
1094 1443 1253 1502 sunt
1304 1427 1351 1500 ii
1402 1427 1582 1528 ipsi,
1640 1427 1757 1527 qui
1793 1454 1836 1500 a
1870 1425 2056 1500 nulla
2107 1452 2178 1499 re
2226 1425 2445 1521 magis
2486 1424 2883 1498 abhorrent
2909 1483 2927 1511 ‚

675 1570 878 1643 quam
913 1571 956 1618 a
989 1570 1151 1618 vera
1192 1544 1498 1618 libertate
1538 1543 1991 1644 conscientiae
2016 1599 2033 1629 ‚
2073 1567 2277 1640 quam
2313 1538 2470 1614 odio
2506 1565 2748 1614 revera
2789 1541 2924 1613 ha-

674 1660 835 1733 bent
883 1675 950 1732 et
996 1658 1465 1732 abominantur
1497 1661 1675 1753 (12).

817 1774 992 1847 Dum
1026 1773 1309 1873 proinde
1341 1772 1540 1847 audis
1577 1772 1957 1846 istiusmodi
1994 1771 2308 1845 homines
2350 1771 2642 1847 clamare
2691 1770 2917 1845 liber-

675 1904 878 1963 tatem
926 1888 1378 1962 conscientiae
1403 1945 1418 1974 ‚
1472 1913 1623 1961 eam
1675 1888 1958 1960 summis
2010 1885 2327 1961 laudibus
2376 1911 2456 1960 ac
2508 1886 2907 1985 praeconiis

675 2003 989 2079 extollere
1014 2061 1031 2092 ,
1099 2028 1178 2078 ac
1232 2003 1438 2078 veluti
1487 2019 1790 2103 optatum
1839 2003 2092 2077 bonum
2157 2003 2430 2076 tandem
2480 2002 2908 2102 acquisitum

820 2182 922 2245 (12)
954 2182 1184 2247 Apposite
1216 2182 1302 2233 cit.
1325 2182 1510 2233 carillo
1542 2182 1663 2234 haee
1682 2182 1744 2232 de
1761 2182 1988 2233 libertate
2023 2182 2352 2233 conscientiae
2386 2182 2666 2231 nostrorum
2695 2179 2916 2244 pseudo·

672 2261 988 2324 politicorum
1023 2261 1158 2311 idolo
1186 2261 1359 2312 habet:
1383 2281 1409 2305 ι
1426 2261 1640 2312 Liberi&
1664 2261 1723 2312 dl
1744 2264 2029 2312 coscienza.
2054 2264 2094 2311 Ε
2115 2260 2194 2311 nel
2228 2273 2346 2309 vero
2362 2296 2377 2322 ,
2399 2259 2637 2324 gual-date
2656 2259 2723 2323 gli
2746 2258 2917 2311 autori

675 2340 807 2393 della
831 2355 996 2392 nuova
1021 2341 1256 2392 infernale
1274 2341 1521 2405 dottam,
1543 2342 1592 2392 nl
1611 2341 1783 2392 labbro
1801 2340 1861 2392 ed
1881 2341 1979 2392 alla
1993 2353 2167 2391 mano:
2188 2341 2236 2391 la
2258 2353 2381 2392 voce
2398 2340 2428 2391 e
2445 2339 2496 2390 di
2519 2340 2809 2404 Giaccbbe‚
2831 2352 2911 2390 mn

673 2421 723 2471 la
752 2434 899 2472 mano
921 2422 950 2471 e
971 2421 1023 2471 di
1044 2423 1188 2472 Esau.
1208 2447 1225 2460 ·
1242 2422 1457 2473 libert&
1486 2422 1547 2473 di
1577 2423 1880 2472 coscicnza!
1903 2412 1942 2470 E
1964 2424 2139 2484 questo
2157 2420 2194 2471 il
2213 2421 2321 2471 loro
2346 2420 2526 2484 credo,
2551 2421 2600 2471 la
2621 2421 2730 2472 loro
2762 2421 2908 2482 rede,

671 2500 721 2552 la
741 2502 850 2554 loro
872 2501 1123 2566 religione.
1136 2504 1218 2553 Ma
1241 2502 1389 2554 diteci
1415 2501 1674 2567 adunque,
1700 2502 1889 2553 nomini
1911 2500 2042 2553 dalle
2062 2501 2231 2566 parole
2250 2500 2428 2553 melate
2441 2539 2457 2565 ,
2478 2515 2507 2552 e
2526 2501 2661 2552 dalla
2679 2513 2837 2553 mano
2857 2500 2906 2550 cli

671 2583 802 2634 ferro
816 2620 832 2644 ‚
852 2583 1094 2634 moderati
1113 2583 1243 2634 delle
1261 2587 1404 2634 cento
1421 2584 1657 2648 politicbe
1676 2596 1704 2633 e
1721 2583 1851 2634 delle
1874 2586 2018 2634 cento
2041 2583 2243 2647 morali,
2265 2582 2433 2634 diteciz
2458 2573 2497 2632 i:
2515 2583 2647 2634 forse
2667 2596 2753 2646 per
2771 2584 2906 2635 favo·

671 2662 769 2713 rire
793 2664 842 2712 la
861 2662 1038 2713 liberte
1059 2662 1185 2713 delle
1204 2664 1475 2725 coactante,
1497 2664 1586 2714 che
1607 2664 1692 2714 voi
1710 2664 1847 2726 laici,
1869 2677 1898 2714 e
1916 2663 2080 2713 niente
2101 2663 2185 2727 piu
2208 2663 2299 2713 che
2317 2664 2457 2726 laici,
2473 2663 2758 2727 qualunque
2787 2677 2905 2715 som·

669 2742 792 2792 mita
821 2742 1077 2805 occuplnte
1109 2742 1240 2793 nella
1273 2743 1524 2805 gerarchia
1558 2743 1732 2807 civile,
1769 2743 2026 2794 stracciate
2054 2743 2227 2792 canoni
2251 2755 2280 2793 e
2297 2742 2610 2806 concordati,
2652 2744 2903 2808 imponete

667 2823 699 2872 a
715 2822 931 2873 cattolici
950 2823 997 2873 le
1020 2825 1184 2873 vostre
1221 2822 1347 2886 leggi
1378 2823 1769 2882 anticattoliche,
1796 2825 2043 2886 strappate
2062 2822 2159 2873 alle
2180 2823 2343 2887 greggi
2364 2823 2381 2872 i
2400 2825 2627 2886 vescovi,
2647 2823 2899 2890 gl’impri·

668 2902 892 2965 gionate‚
922 2901 958 2951 li
980 2903 1245 2965 spogiiate,
1269 2902 1305 2952 li
1332 2903 1544 2953 cacciate
1564 2903 1615 2952 in
1638 2903 1778 2953 csilio
1801 2903 1970 2967 poveri
1992 2915 2021 2953 e
2041 2903 2310 2965 raminghi,
2347 2902 2423 2953 sol
2463 2903 2641 2967 perche
2676 2903 2897 2955 cattolici

670 2981 723 3032 dl
744 2982 995 3033 coscienza
1015 2995 1044 3032 e
1065 2982 1114 3032 di
1140 2986 1316 3045 opere?
1337 2982 1563 3032 cacciate
1581 2981 1746 3032 ordini
1768 2982 2002 3045 religiosi,
2026 2995 2053 3032 e
2072 2995 2134 3032 ne
2156 2982 2379 3033 divorate
2396 2982 2444 3033 le
2463 2982 2708 3046 proprietii
2726 2996 2895 3034 consa·

662 3063 797 3113 crate
814 3061 948 3112 dalla
968 3063 1127 3125 legge,
1150 3061 1283 3112 dalla
1302 3063 1503 3126 natura,
1529 3062 1663 3112 dalle
1681 3062 1916 3128 religione
1943 3087 1962 3100 ·
1979 3061 2282 3126 Stravolgete
2302 3075 2453 3126 opere
2473 3063 2572 3126 pie,
2594 3075 2625 3112 e
2643 3063 2895 3126 profante

670 3142 722 3193 la
749 3155 889 3194 sacra
908 3143 1111 3194 volunta
1128 3142 1465 3206 de'testatori;
1487 3156 1515 3192 e
1536 3142 1617 3194 sul
1638 3146 1805 3194 vostro
1827 3144 2070 3208 campio,
2094 3156 2123 3194 e
2141 3145 2272 3194 sotto
2296 3142 2471 3207 regida
2490 3144 2660 3193 vostra
2696 3143 2892 3195 lasciate

666 3221 759 3271 che
779 3222 930 3285 clero,
953 3223 1150 3272 vescovi
1172 3236 1199 3273 e
1220 3236 1370 3286 papa,
1393 3235 1422 3273 e
1441 3221 1605 3274 chiesa
1643 3221 1872 3272 cattolica
1890 3235 1919 3273 e
1940 3221 2146 3286 religion
2168 3221 2300 3272 dello
2324 3224 2454 3272 stato
2481 3222 2618 3272 sieno
2640 3221 2889 3273 trascinali

667 3300 747 3351 nel
770 3300 914 3365 sango
946 3300 1014 3352 da
1046 3315 1145 3351 una
1175 3301 1318 3353 turba
1352 3301 1551 3352 incivile
1578 3301 1641 3352 ed
1672 3301 1987 3365 impudente,
2022 3302 2114 3351 che
2147 3301 2379 3351 disonora
2397 3301 2416 3350 i
2436 3302 2665 3363 goveni,
2686 3315 2717 3351 e
2738 3301 2890 3352 ricon-

666 3378 910 3432 durrebbe
938 3381 1060 3431 l'eta
1097 3381 1173 3431 de'
1190 3382 1417 3432 barbari?
1431 3407 1448 3418 ·
1467 3380 1681 3432 Liberi&
1706 3380 1763 3431 di
1784 3382 2088 3432 coscienza!
2119 3381 2193 3431 Eli
2215 3394 2281 3430 no
2301 3399 2313 3429 ι
2337 3380 2490 3431 ditela
2510 3379 2684 3430 liberta
2711 3380 2886 3430 rivolu-

664 3459 902 3524 zionaria,
940 3461 1113 3511 liberta
1151 3461 1363 3512 tiranna.
1397 3461 1503 3512 Elia
1525 3461 1568 3511 si
1591 3464 1742 3511 vania
1764 3462 1810 3511 la
1834 3460 2139 3511 mandataria
2166 3460 2243 3511 del
2283 3461 2492 3524 popolo,
2516 3474 2545 3510 e
2569 3460 2888 3511 brutalmente

667 3539 859 3604 flagella
880 3541 931 3591 la
950 3541 1204 3591 coscienza
1229 3555 1257 3591 e
1279 3542 1328 3592 la
1347 3540 1521 3591 liberta
1551 3541 1631 3592 del
1661 3543 1860 3606 popolo.
1883 3566 1901 3579 ·
1919 3543 1970 3592 Si
1998 3554 2138 3592 serve
2163 3541 2243 3591 del
2275 3542 2677 3604 protestantismo
2697 3554 2786 3603 per
2806 3539 2889 3590 mi·

665 3621 833 3673 nareil
843 3621 1188 3685 cattolicismo,
1203 3635 1232 3672 e
1246 3622 1374 3672 colle
1391 3622 1516 3686 leggi
1533 3635 1562 3673 e
1579 3622 1706 3673 colle
1718 3635 1915 3686 compre
1931 3624 2043 3672 voci
2059 3621 2140 3672 del
2160 3622 2243 3685 piu
2259 3635 2438 3672 osceno
2451 3620 2765 3685 giornalismo
2783 3620 2888 3670 ban·

665 3702 802 3754 disce
813 3716 988 3767 guerra
1002 3704 1207 3754 mortale
1225 3702 1287 3753 ad
1310 3704 1423 3767 ogni
1442 3705 1577 3753 culto
1594 3704 1822 3767 positivo.
1844 3705 2034 3753 intanto
2054 3704 2243 3753 mentre
2255 3702 2367 3765 ogni
2383 3702 2559 3752 liberta
2569 3701 2692 3752 cade
2707 3703 2836 3752 sotto
2851 3699 2885 3750 il

665 3782 967 3846 despotismo
987 3782 1117 3834 della
1143 3782 1470 3845 rivoluzione,
1494 3782 1584 3832 che
1605 3781 1853 3832 domanda
1883 3783 1930 3832 la
1950 3782 2124 3832 liberta
2145 3781 2225 3832 del
2246 3782 2410 3843 culto,
2431 3793 2518 3845 per
2544 3793 2691 3831 avere
2712 3781 2888 3831 lioenn

665 3862 719 3913 di
741 3863 917 3914 ridersi
938 3864 992 3914 di
1013 3864 1126 3928 ogni
1151 3863 1306 3914 culto.
1332 3888 1349 3901 ·
1366 3863 1622 3913 Domanda
1645 3863 1692 3912 la
1715 3862 1886 3913 liberta
1916 3862 2118 3925 politice
2137 3874 2224 3925 per
2242 3875 2362 3912 aver
2379 3861 2566 3911 licenza
2587 3860 2639 3912 di
2668 3874 2766 3911 non
2788 3872 2887 3921 sog·

658 3943 846 4006 giacere
868 3958 897 3993 a
915 3957 1093 3994 nessun
1115 3944 1409 4007 reggimento
1431 3943 1650 4007 politico.
1672 3942 1956 3992 ·D0manda
1974 3943 2021 3992 la
2043 3941 2215 3992 liberta
2239 3941 2289 3991 di
2311 3942 2562 3991 coscienza
2595 3954 2680 4005 per
2702 3940 2890 3990 manife-

661 4025 793 4074 stare
812 4024 858 4073 al
878 4024 1087 4087 mondo,
1118 4024 1210 4074 che
1239 4022 1464 4074 debbono
1493 4024 1773 4073 finalmente
1794 4024 1951 4086 perire
1975 4023 2011 4073 il
2030 4023 2212 4072 dovere
2231 4035 2258 4072 e
2279 4022 2328 4072 la
2349 4022 2614 4072 coscienza.
2643 4026 2685 4070 A
2708 4022 2892 4070 costoro

663 4107 742 4154 sta
758 4103 881 4154 bene
892 4141 907 4166 ,
924 4105 1015 4154 che
1036 4105 1077 4154 si
1101 4104 1186 4154 dia
1201 4117 1267 4154 un
1288 4105 1604 4154 matrimonio
1623 4104 1771 4153 civile
1784 4141 1801 4164 ‚
1820 4103 1949 4153 ossis
1969 4103 2172 4166 profano
2188 4117 2217 4152 e
2231 4102 2424 4153 brutale
2441 4114 2526 4166 per
2546 4101 2821 4164 isciogliere
2833 4098 2893 4147 da

664 4184 778 4248 ogni
803 4184 1012 4247 reliquia
1030 4184 1083 4233 di
1105 4184 1274 4235 diritto
1293 4185 1463 4235 divino
1483 4185 1528 4234 le
1546 4184 1652 4235 loro
1674 4184 1916 4235 rilasciate
1935 4183 2199 4232 coscienze.
2218 4186 2280 4233 Se
2305 4184 2401 4233 talc
2425 4183 2453 4232 e
2477 4182 2744 4245 l'acquisto
2765 4179 2886 4231 della

664 4265 834 4315 civilia
857 4264 1117 4326 moderna,
1139 4266 1340 4316 anzichc
1361 4268 1594 4317 ricercare
1616 4264 1870 4328 proseliti,
1898 4263 2092 4314 sarebbe
2115 4264 2290 4327 meglio
2317 4277 2346 4313 a
2373 4262 2577 4326 coprirsi
2596 4262 2648 4311 dl
2678 4274 2885 4319 rossem,

612 4415 615 4420 ι
661 4360 691 4395 e
721 4346 925 4398 rientrar
946 4344 1074 4397 nelle
1090 4346 1336 4396 tenebre.»
1357 4348 1663 4398 Istituzioni
1701 4344 1837 4396 delle
1871 4344 2004 4407 ἱεραὶ
2035 4344 2186 4395 civili
2210 4343 2267 4395 di
2299 4343 2494 4409 Napoca
2528 4354 2641 4408 pag.
2673 4347 2885 4395 3311431.

3131 2474 3168 4136 ι
