3276 5083
670 346 803 416 436
1051 367 1171 423 m.
1216 367 1260 415 ι.
1303 365 1476 417 sacr.
1518 365 1778 417 Atrans.
1822 366 1901 415 ns
1951 365 2213 419 ιιωιιι.
2255 364 2470 416 c1v1u.

664 482 833 555 licae
866 507 955 554 an
989 481 1222 555 deceat
1268 506 1346 553 ac
1395 480 1710 579 expediat
1759 480 2046 554 tribuere
2095 479 2372 553 effectus
2420 478 2662 552 civiles
2711 502 2898 553 con-

666 596 974 693 iugibus,
1030 595 1149 694 qui
1201 594 1453 691 degunt
1501 594 1570 666 in
1621 594 2091 668 concubinatu.

808 711 978 783 Ante
1026 708 1383 783 concilium
1436 708 1868 782 tridentinum
1918 708 2228 805 coniugia
2275 706 2695 781 clandestina
2741 733 2897 781 non

664 823 1261 910 contrahebantur,
1318 840 1393 897 ut
1441 823 1754 922 opinatur
1802 822 2266 909 adversarius,
2315 823 2498 896 iuxta
2544 823 2732 920 leges
2783 824 2896 896 ci-

664 939 857 1013 viles.
916 938 1295 1011 Absurdum
1346 939 1600 1038 quippe
1651 953 1754 1011 est
1802 937 2026 1010 dicere
2074 938 2159 1010 ad
2220 962 2521 1011 normam
2570 935 2888 1010 civilium

665 1054 886 1150 legum
935 1051 1338 1125 celebratum
1388 1051 1600 1125 fuisse
1649 1051 2068 1148 coniugium,
2128 1049 2309 1150 quod
2359 1049 2892 1124 contrahebatur

666 1183 954 1252 secreto,
1013 1191 1092 1239 ac
1142 1166 1291 1238 sine
1336 1163 1496 1238 ullis
1542 1164 1858 1251 testibus;
1908 1180 1975 1238 et
2018 1163 2148 1238 hac
2180 1164 2266 1237 de
2299 1189 2504 1238 causa
2553 1180 2646 1238 tot
2710 1167 2893 1239 orie-

664 1281 905 1354 bantur
926 1338 942 1367 ,
985 1296 1060 1353 ut
1089 1278 1408 1366 vidimus,
1443 1277 1763 1353 scandala
1796 1295 1860 1352 et
1895 1278 2315 1351 incommoda
2347 1276 2596 1377 quibus
2631 1278 2885 1366 fiebat,

666 1412 739 1469 ut
788 1421 921 1469 non
973 1395 1168 1495 pauci
1221 1394 1509 1494 separati
1545 1419 1584 1466 a
1618 1420 1775 1468 vera
1817 1393 2135 1490 coniuge,
2185 1419 2338 1467 cum
2382 1391 2516 1481 alia
2555 1395 2893 1492 coniuge-

666 1527 892 1584 rentur
926 1511 993 1582 in
1029 1510 1198 1584 facie
1232 1508 1559 1583 ecclesiae
1592 1535 1672 1583 ac
1707 1509 1776 1579 in
1813 1525 2132 1609 perpetuo
2165 1507 2495 1581 adulterio
2530 1508 2882 1596 viverent,

664 1640 738 1696 ut
762 1622 1028 1697 silentio
1060 1638 1465 1721 praeteream
1500 1623 1811 1723 nuspiam
1852 1622 1990 1695 sere
2031 1638 2191 1696 tunc
2217 1621 2534 1721 temporis
2565 1621 2757 1719 leges
2790 1625 2892 1697 ci-

663 1738 835 1812 viles
868 1738 953 1811 de
987 1737 1234 1836 quibus
1276 1738 1525 1835 agitur,
1574 1737 1905 1834 viguisse,
1954 1764 2035 1810 ac
2077 1738 2399 1811 rationem
2432 1737 2886 1812 contrahendi

665 1854 981 1950 coniugia
1012 1851 1464 1926 clandestina
1530 1853 1820 1925 maxime
1879 1852 2091 1926 fuisse
2157 1852 2467 1926 idoneam
2531 1852 2617 1927 ad
2689 1853 2888 1951 leges

667 1968 898 2043 civiles
948 1967 1343 2043 eludendas.

811 2084 1095 2184 Insuper
1151 2085 1435 2158 assumit
1490 2083 1918 2157 adversarius
1977 2100 2052 2157 ut
2103 2099 2388 2172 certum,
2453 2082 2637 2183 quod
2689 2085 2884 2157 iuxta

665 2198 1061 2274 catholicam
1119 2198 1488 2272 doctrinam
1546 2214 1651 2270 est
1699 2224 1976 2298 prorsus
2035 2198 2311 2272 falsum:
2370 2197 2630 2271 scilicet
2675 2224 2885 2272 assu-

666 2315 789 2389 mit
820 2314 1160 2412 coniugiis
1209 2313 1344 2387 illis
1389 2312 1827 2388 clandestinis
1873 2313 2174 2387 defuisse
2217 2314 2617 2388 sacramenti
2651 2314 2880 2410 digni-

668 2446 900 2518 tatem;
942 2444 1012 2503 at
1056 2455 1245 2516 vem,
1299 2429 1396 2502 uti
1439 2429 1896 2515 ostendimuS,
1936 2427 2223 2504 ecclesia
2266 2428 2383 2501 illa
2425 2428 2662 2503 habuit
2703 2444 2876 2501 tam-

665 2571 868 2644 quam
918 2570 1075 2618 vera
1135 2560 1577 2617 sacramenta.
1634 2543 1747 2616 Sic
1793 2544 1994 2617 etiam
2045 2541 2288 2616 falsum
2338 2559 2443 2618 est
2491 2544 2674 2643 quod
2724 2545 2876 2643 ipse

667 2685 930 2732 rursum
981 2658 1308 2745 affirmat,
1366 2657 1720 2733 ecclesiam
1769 2685 1852 2731 ea
1900 2685 2033 2734 non
2084 2656 2408 2732 habuisse
2464 2675 2540 2732 ut
2595 2658 2868 2746 illicita,

665 2771 1021 2845 inhonesta
1045 2796 1125 2845 ac
1154 2772 1403 2871 turpia3
1460 2770 1797 2870 siquidem
1848 2771 2203 2847 concilium
2246 2771 2682 2845 tridentinum
2715 2798 2875 2846 con-

664 2883 939 2958 trarium
988 2884 1185 2985 plane
1233 2899 1512 2961 testatur
1533 2942 1549 2973 ,
1604 2885 1767 2960 dum
1816 2885 2160 2987 profitetur
2190 2886 2567 2971 ‚ecclesiam
2616 2886 2737 2960 Dei
2786 2914 2875 2961 ex

660 3000 1038 3074 iustissimis
1103 3004 1318 3077 causis
1366 3000 1492 3075 illa
1549 3027 1795 3101 semper
1852 3000 2230 3075 detestatam
2283 3027 2415 3075 cese
2472 3017 2664 3102 atquc
2716 3029 2873 3102 pro-

666 3116 972 3189 hibuisse.
2687 3197 2690 3198 a

805 3230 1151 3307 Absonum
1204 3259 1400 3333 porro
1449 3250 1552 3307 est
1585 3249 1655 3306 et
1694 3259 2043 3307 erroneum
2093 3232 2275 3333 quod
2318 3233 2568 3308 adiecit
2613 3249 2863 3318 orator,

662 3373 863 3447 posse
905 3347 1104 3421 etiam
1152 3365 1306 3449 post
1351 3348 1708 3423 concilium
1760 3348 2188 3428 tridentinum
2227 3346 2519 3446 legitime
2551 3347 2865 3422 celebrari

662 3461 1085 3537 matrimonia
1118 3519 1135 3550 ‚
1201 3463 1259 3536 si
1323 3462 1634 3563 princeps
1697 3461 2067 3537 catholicus
2133 3460 2291 3536 velit
2350 3463 2419 3534 in
2480 3487 2688 3559 regno
2743 3488 2869 3535 suo

660 3574 911 3649 formae
944 3602 985 3649 a
1019 3575 1304 3650 concilio
1339 3573 1778 3674 praestitutae
1813 3573 2015 3649 aliam
2052 3575 2447 3672 subrogare,
2491 3576 2548 3650 si
2585 3575 2760 3649 idem
2798 3575 2869 3647 fi-

662 3691 771 3763 nis
807 3690 1185 3764 obtineatur
1226 3690 1640 3789 impediendi
1684 3690 2108 3766 matrimonia
2142 3688 2595 3763 clandestina:
2637 3690 2867 3789 ecquis

654 3806 837 3878 enim
889 3807 1204 3907 princeps
1258 3806 1402 3880 sive
1452 3805 1822 3879 catholicus
1857 3805 2001 3879 sive
2033 3804 2444 3878 acatholicus
2481 3821 2699 3904 potest
2738 3803 2863 3877 sibi

656 3945 967 4019 arrogare
1033 3936 1428 4020 potestatem
1480 3947 1687 4021 supra
1737 3919 2097 3996 concilium
2146 3921 2649 3995 oecumenicum
2675 3979 2692 4006 ,
2747 3945 2864 3993 seu

656 4061 864 4134 supra
913 4035 1266 4111 ecclesiam
1317 4036 1766 4111 universalem
1791 4094 1807 4123 ,
1861 4035 2293 4136 proponendo
2336 4034 2541 4109 aliam
2586 4036 2858 4109 formam

644 4148 741 4221 ab
790 4174 871 4223 ea
920 4149 1254 4224 diversam
1304 4177 1507 4251 quam
1558 4149 1848 4226 ecclesia
1905 4150 2248 4226 constituit
2271 4149 2489 4237 ‘rQui
2548 4150 2678 4224 hoc
2741 4151 2865 4221 im-

647 4265 950 4363 prudens
1002 4264 1315 4354 blaterat,
1349 4266 1567 4365 palam
1604 4294 1678 4339 se
1713 4267 2023 4363 ignorare
2065 4266 2378 4366 patefacit
2409 4265 2584 4339 banc
2628 4265 2867 4338 doctri·
