3276 5083
619 398 712 481 u
959 450 965 457 -
1002 418 1125 471 m.
1168 418 1216 469 ι.
1257 415 1431 469 seer.
1475 419 1521 467 1.
1563 416 1646 468 nr.
1695 414 1958 469 uma.
1999 412 2426 470 siculam-o.

616 538 771 612 dem
786 534 941 637 pari
970 532 1227 612 ratione
1264 535 1691 612 commendat
1719 536 1789 608 in
1823 531 2135 635 coniugio
2153 593 2170 625 ,
2215 534 2406 637 quod
2436 557 2838 635 numquam,

616 652 734 731 aut
785 653 922 726 fere
972 676 1338 750 numquam
1386 650 1649 751 absque
1689 644 2155 725 benedictione
2217 647 2617 723 sacerdotali
2671 648 2847 723 oele-

614 766 795 843 brari
855 783 1292 842 consueverat
1312 795 1336 854 -;
1393 767 1670 840 minime
1715 791 1871 842 vero
1921 765 2052 839 sibi
2104 764 2452 865 proposuit
2497 763 2853 839 adstruere

616 880 949 958 eiusmodi
990 878 1477 957 'sacerdotalem
1529 881 2056 957 benedictionem
2099 880 2380 954 formam
2421 904 2577 953 esse
2616 905 2850 955 sacra-

615 999 843 1074 menti
872 997 1319 1086 matrimonii,
1371 996 1552 1097 quod
1588 1015 1811 1071 tamen
1846 1021 2125 1072 necesse
2166 996 2364 1082 foret,
2403 993 2469 1068 si
2503 995 2652 1093 ipse
2682 1020 2850 1068 cen-

615 1116 869 1197 suisset
891 1113 1303 1188 sacerdotem
1316 1138 1474 1187 vere
1487 1138 1642 1187 esse
1660 1111 1863 1186 huius
1883 1109 2283 1185 sacramenti
2307 1108 2683 1197 ministrum
2700 1111 2801 1205 (8)
2818 1166 2838 1180 .

762 1230 859 1303 Ne
905 1222 1128 1302 tamen
1177 1227 1517 1328 quispiam
1568 1243 1842 1325 regerat
1879 1251 2003 1300 nos
2053 1225 2184 1299 hac
2229 1223 2512 1298 ratione
2540 1224 2689 1298 vim·
2737 1224 2847 1296 in-

618 1343 792 1418 ferre
809 1341 1146 1417 Guilielmi
1162 1341 1412 1430 verbis,
1437 1341 1681 1415 iuverit
1705 1356 1913 1414 totum
1940 1365 2173 1414 eorum
2193 1354 2573 1413 contextum
2598 1364 2852 1438 expen-

617 1457 808 1532 dere:
859 1483 941 1531 ac
966 1457 1195 1555 -primo
1243 1455 1906 1531 animadvertendum
1938 1471 2076 1542 est,
2114 1454 2294 1554 quod
2328 1453 2490 1526 dum
2522 1452 2682 1554 ipse
2708 1454 2852 1529 dis-

617 1572 784 1646 serit
828 1572 916 1644 de
965 1587 1391 1645 sacramento
1436 1570 1917 1671 poenitentiae:
1966 1599 2002 1639 α
2033 1571 2109 1643 ln
2143 1569 2542 1656 confitente,
2588 1568 2844 1669 inquit,

621 1702 697 1759 ut
727 1685 1001 1761 vincula
1040 1682 1465 1785 peccatorum
1509 1686 2018 1783 disrumpantur
2058 1702 2126 1759 et
2160 1684 2339 1758 dona
2385 1683 2753 1782 gratiarum
2784 1686 2851 1759 ei

622 1801 1060 1877 restituantur
1079 1856 1095 1889 ,
1165 1800 1515 1874 benedictio
1568 1798 2037 1887 sacerdotalis,
2093 1816 2162 1875 et
2207 1798 2539 1875 absolutio
2598 1801 2782 1876 facit.
2803 1829 2845 1871 ι

622 1910 765 1989 {am
804 1910 972 1989 ⁴vero
1014 1914 1428 2014 exploratum
1475 1931 1579 1989 est
1627 1915 1697 1988 in
1746 1914 1877 1990 hoc
1924 1931 2337 1989 sacramento
2385 1916 2662 1992 formam
2713 1941 2849 1989 non

617 2029 688 2102 in
737 2026 1201 2103 benedictione
1248 2028 1683 2115 sacerdotali,
1732 2027 1854 2101 sed
1901 2028 1971 2100 in
2022 2028 2168 2102 sola
2216 2026 2648 2115 absolutione.
2680 2052 2847 2101 con-

619 2142 892 2234 sistet-03
939 2162 1233 2220 attamen
1278 2144 1672 2220 Guilielmus
1713 2146 1948 2220 eadem
1988 2145 2242 2220 ratione
2273 2146 2359 2219 de
2387 2163 2673 2246 utraque
2703 2144 2851 2220 dis-

618 2256 783 2336 serit
803 2318 820 2350 ,
859 2278 926 2337 et
955 2278 1333 2362 utramque,
1380 2261 1913 2336 benedictionem
1948 2260 2205 2336 scilicet
2229 2279 2295 2336 et
2317 2258 2806 2335 absolutionem
2825 2318 2843 2349 ‚

622 2400 745 2475 per
791 2374 1085 2452 modum'
1113 2378 1320 2451 unius
1344 2377 1752 2476 coniungit,
1800 2376 2082 2475 perinde
2116 2402 2199 2451 ac
2236 2376 2297 2450 si
2338 2374 2573 2451 essent
2612 2375 2853 2451 ambae

619 2488 923 2564 eiusdem
973 2490 1241 2566 virtutis
1266 2547 1283 2579 ,
1332 2491 1514 2591 quod
1556 2489 1856 2589 profecto
1894 2515 2094 2565 nemo
2131 2490 2330 2566 dicet.
2361 2490 2670 2566 Secundo
2703 2490 2850 2564 ani-

621 2601 1167 2677 madvertendum
1191 2661 1210 2690 ,
1230 2603 1457 2703 quod,
1488 2604 1651 2677 dum
1678 2603 1856 2676 idem
1891 2619 2122 2679 auctor
2146 2605 2444 2705 loquitur
2477 2604 2565 2679 de
2602 2605 2846 2680 effectu

623 2715 907 2790 aliorum
942 2734 1532 2807 sacramentorum,
1571 2717 1841 2793 diversa
1874 2734 2096 2793 utatur
2126 2719 2412 2794 formula
2431 2719 2519 2794 ab
2541 2746 2624 2794 ea
2647 2747 2850 2820 quam

770 2919 841 2984 (8)
876 2922 1011 2972 Haec
1038 2933 1167 2986 qnae
1195 2921 1407 2974 dicimus
1444 2921 1605 2974 lucem
1646 2923 1932 2973 mutuantur
1963 2935 2029 2974 ex
2068 2935 2153 2987 ee,
2184 2922 2322 2988 qaod
2348 2936 2464 2974 cum
2493 2922 2676 2987 pietate
2698 2922 2851 2974 defer·

628 3002 853 3052 vescente
875 3014 974 3051 non
993 3001 1137 3065 pauci
1157 3001 1409 3053 christiani
1431 3015 1559 3052 saec.
1582 3004 1716 3053 vni.
1739 3004 1790 3052 et
1810 3004 1897 3053 lx.
1922 3014 1951 3052 a
1973 3004 2165 3054 vetusta
2189 3016 2248 3053 ac
2276 3001 2476 3053 laudata
2504 3003 2856 3054 consuetudine

628 3079 955 3132 desciscerent
986 3081 1256 3146 nuptialem
1289 3081 1679 3134 benedictionem
1697 3094 1726 3132 a
1747 3081 1999 3134 sacerdote
2021 3081 2311 3146 exquirendi
2323 3082 2387 3134 ,in
2405 3082 2731 3136 celebratione
2741 3097 2854 3136 sno·

625 3173 736 3211 rum
755 3161 1112 3226 coniugiorum.
1136 3162 1342 3213 carolus
1359 3175 1563 3226 magnus
1586 3162 1720 3213 circs
1737 3174 1919 3214 annum
1944 3165 2259 3215 Dccbxxx.
2276 3162 2722 3214 inoccidentsllbus
2741 3176 2854 3226 par·

624 3238 761 3292 tibus
800 3243 1073 3294 restaurare
1115 3240 1318 3305 cupiens
1357 3241 1611 3304 antiquam
1652 3239 1962 3304 disciplinam
1977 3278 1994 3305 ,
2039 3242 2364 3293 annuentibus
2399 3241 2662 3306 episcopis,
2695 3240 2853 3303 legem

628 3319 774 3383 tulit,
803 3333 904 3384 qua
935 3320 1128 3371 nullum
1157 3320 1437 3384 coniugium
1456 3355 1472 3380 ,
1509 3320 1606 3371 nisi
1640 3331 1754 3370 cum
1784 3320 2009 3383 precibus
2035 3324 2087 3372 et
2113 3320 2450 3372 oblationibus
2471 3318 2858 3372 sacerdotalibus

624 3398 1220 3465 fleret,etquaecumque
1259 3399 1488 3465 coniugia
1526 3400 1670 3452 aliter
1703 3399 1834 3450 tacta
1863 3402 2056 3463 essem,
2095 3413 2155 3451 ea
2187 3413 2286 3451 non
2316 3412 2435 3451 vera
2476 3398 2736 3463 conium,
2766 3398 2856 3450 sed

627 3479 986 3543 adulterium,
1024 3478 1435 3532 concubinatum
1467 3482 1520 3531 et
1542 3478 1956 3542 fornicationem
1987 3479 2156 3531 baberi
2186 3480 2343 3531 iussit.
2369 3483 2441 3531 En
2467 3473 2617 3531 verba
2651 3478 2854 3543 capituli

622 3561 961 3612 00·chqu
987 3560 1102 3610 libri
1128 3562 1239 3612 Vll.
1264 3561 1563 3627 capitularis
1584 3560 1751 3612 caroli
1782 3561 1849 3611 Μ.
1875 3559 2067 3611 «Aliter
2099 3559 2374 3625 legitimum
2390 3599 2404 3612 .
2430 3599 2442 3612 .
2460 3573 2561 3613 non
2592 3560 2659 3611 sit
2687 3559 2854 3611 coniti·

622 3638 787 3704 gium,
822 3639 918 3698 nisi
952 3639 1018 3690 ab
1055 3639 1134 3691 bis
1168 3639 1257 3703 qui
1291 3654 1436 3706 snper
1470 3641 1629 3706 ipsam
1659 3640 1921 3691 mantuam
1952 3639 2338 3692 dominationem
2371 3639 2851 3710 babet-evidentur,

627 3721 677 3774 et
699 3731 730 3769 a
748 3719 929 3783 quibus
950 3720 1252 3783 custoditur,
1273 3734 1395 3772 uxor
1423 3725 1647 3786 petatur,
1668 3722 1720 3771 et
1740 3733 1770 3770 a
1791 3721 2070 3784 parentibus
2101 3719 2532 3785 propinquioribus
2562 3722 2848 3785 sponsetur,

623 3799 673 3852 et
711 3797 898 3861 legibus
935 3799 1164 3864 dotetur;
1205 3801 1256 3850 et
1297 3812 1387 3850 suo
1416 3803 1635 3862 tempore
1674 3798 2060 3862 sacerdotaliter,
2097 3801 2155 3850 ut
2191 3812 2299 3849 mos
2334 3801 2436 3862 est,
2476 3812 2590 3850 cum
2629 3799 2853 3864 precibus

617 3878 669 3928 ct
703 3875 1034 3930 obiaticnibus
1071 3891 1102 3929 a
1136 3879 1390 3942 sacerdote
1423 3875 1759 3930 benedicatur.
1784 3915 1796 3928 .
1819 3915 1831 3927 .
1853 3916 1865 3928 .
1891 3878 2075 3929 Taliter
2093 3878 2225 3928 enim
2250 3880 2302 3929 et
2321 3877 2533 3928 Domino
2559 3876 2849 3942 placebunt,

622 3958 673 4007 et
694 3954 823 4008 filios
844 3969 946 4007 non
968 3962 1174 4022 spurios
1200 3958 1293 4010 sed
1316 3958 1573 4022 leuitimoe
1590 3961 1751 4026 atque
1772 3957 2172 4009 haereditabiles
2194 3955 2693 4022 generabunt.»apud
2713 3956 2854 4007 Bala-

623 4035 753 4087 tium
781 4036 1118 4100 capitularia
1157 4050 1341 4103 requam
1370 4036 1711 4101 francorum.
1744 4037 1899 4088 Paris.
1939 4041 2074 4088 1687.
2106 4039 2230 4087 tom.
2254 4039 2293 4088 1.
2313 4050 2427 4101 pag.
2454 4043 2592 4088 1129.
2614 4039 2742 4088 cum
2763 4035 2852 4099 igi·

624 4117 709 4166 tur
736 4115 818 4166 lex
847 4115 969 4166 baec
999 4117 1251 4169 Guiiieimi
1271 4119 1553 4183 parisiensis
1571 4120 1731 4170 aetate
1751 4116 1912 4169 adbuc
1938 4117 2153 4181 vigeret,
2174 4118 2299 4169 ratio
2320 4118 2548 4183 apparet,
2570 4129 2724 4180 quare
2746 4116 2853 4179 ipss

625 4195 749 4249 adeo
780 4197 952 4258 urgeat
981 4197 1338 4260 susceptionem
1368 4197 1687 4251 sacerdotalis
1721 4196 2073 4249 benedictionis
2103 4197 2155 4248 in
2185 4198 2398 4263 nuptiis,
2420 4199 2472 4249 et
2497 4210 2600 4261 eos,
2634 4196 2720 4260 qui
2741 4209 2854 4247 eam

625 4277 921 4341 negligerent
936 4314 953 4340 ‚
979 4276 1306 4340 fornicarios
1337 4279 1576 4344 appellet,
1602 4290 1870 4341 eorumque
1902 4276 2081 4328 liberos
2101 4277 2309 4330 edixerit
2336 4279 2590 4344 leqitimos
2615 4289 2718 4329 non
2741 4288 2854 4327 esse

627 4355 923 4410 cemndos.
