<?xml version="1.0" encoding="UTF-8"?>
<!DOCTYPE html PUBLIC "-//W3C//DTD XHTML 1.0 Transitional//EN"
    "http://www.w3.org/TR/xhtml1/DTD/xhtml1-transitional.dtd">
<html xmlns="http://www.w3.org/1999/xhtml" xml:lang="en" lang="en">
 <head>
  <title>
</title>
<meta http-equiv="Content-Type" content="text/html;charset=utf-8" />
  <meta name='ocr-system' content='tesseract 3.04.00' />
  <meta name='ocr-capabilities' content='ocr_page ocr_carea ocr_par ocr_line ocrx_word'/>
</head>
<body>
  <div class='ocr_page' id='page_1' title='image "./dematrimoniochr04perrgoog_0251.png"; bbox 0 0 3276 5083; ppageno 0'>
   <div class='ocr_carea' id='block_1_1' title="bbox 756 446 2631 537">
    <p class='ocr_par' dir='ltr' id='par_1_1' title="bbox 756 446 2631 537">
     <span class='ocr_line' id='line_1_1' title="bbox 756 446 2631 537; baseline -0.004 -12"><span class='ocrx_word' id='word_1_1' title='bbox 756 478 894 526; x_wconf 68' lang='lat' dir='ltr'><strong>cu.</strong></span> <span class='ocrx_word' id='word_1_2' title='bbox 930 475 976 524; x_wconf 84' lang='lat'><strong>1.</strong></span> <span class='ocrx_word' id='word_1_3' title='bbox 1011 475 1091 524; x_wconf 79' lang='lat' dir='ltr'><strong>nr.</strong></span> <span class='ocrx_word' id='word_1_4' title='bbox 1125 472 1647 537; x_wconf 49' lang='lat' dir='ltr'><strong>annuamus</strong></span> <span class='ocrx_word' id='word_1_5' title='bbox 1700 471 1967 521; x_wconf 72' lang='lat' dir='ltr'><strong>mrum.</strong></span> <span class='ocrx_word' id='word_1_6' title='bbox 2014 471 2151 519; x_wconf 66' lang='lat' dir='ltr'><strong>uir.</strong></span> <span class='ocrx_word' id='word_1_7' title='bbox 2193 470 2285 518; x_wconf 84' lang='grc' dir='ltr'><strong>ιιι.</strong></span> <span class='ocrx_word' id='word_1_8' title='bbox 2495 446 2631 517; x_wconf 75' lang='lat'><strong>227</strong></span> 
     </span>
    </p>
   </div>
   <div class='ocr_carea' id='block_1_2' title="bbox 428 586 2664 4370">
    <p class='ocr_par' dir='ltr' id='par_1_2' title="bbox 428 586 2642 1727">
     <span class='ocr_line' id='line_1_2' title="bbox 428 586 2639 686; baseline -0.005 -15"><span class='ocrx_word' id='word_1_9' title='bbox 428 595 754 671; x_wconf 89' lang='lat' dir='ltr'><strong>ecclesiae</strong></span> <span class='ocrx_word' id='word_1_10' title='bbox 802 592 1131 667; x_wconf 86' lang='lat' dir='ltr'><strong>sententia</strong></span> <span class='ocrx_word' id='word_1_11' title='bbox 1190 606 1291 663; x_wconf 88' lang='lat' dir='ltr'><strong>est</strong></span> <span class='ocrx_word' id='word_1_12' title='bbox 1338 588 1632 663; x_wconf 90' lang='lat' dir='ltr'><strong>validum</strong></span> <span class='ocrx_word' id='word_1_13' title='bbox 1681 612 2044 686; x_wconf 88' lang='lat' dir='ltr'><strong>verumque</strong></span> <span class='ocrx_word' id='word_1_14' title='bbox 2089 586 2512 682; x_wconf 86' lang='lat' dir='ltr'><strong>coniugium;</strong></span> <span class='ocrx_word' id='word_1_15' title='bbox 2570 601 2639 660; x_wconf 88' lang='lat' dir='ltr'><strong>at</strong></span> 
     </span>
     <span class='ocr_line' id='line_1_3' title="bbox 430 699 2636 809; baseline -0.005 -24"><span class='ocrx_word' id='word_1_16' title='bbox 430 738 511 785; x_wconf 90' lang='lat' dir='ltr'><strong>eo</strong></span> <span class='ocrx_word' id='word_1_17' title='bbox 560 713 714 809; x_wconf 89' lang='lat' dir='ltr'><strong>ipso</strong></span> <span class='ocrx_word' id='word_1_18' title='bbox 761 724 864 782; x_wconf 89' lang='lat' dir='ltr'><strong>est</strong></span> <span class='ocrx_word' id='word_1_19' title='bbox 912 704 1416 791; x_wconf 81' lang='lat' dir='ltr'><strong>indissolubile,</strong></span> <span class='ocrx_word' id='word_1_20' title='bbox 1481 720 1547 776; x_wconf 90' lang='lat' dir='ltr'><strong>et</strong></span> <span class='ocrx_word' id='word_1_21' title='bbox 1607 702 1763 776; x_wconf 90' lang='lat' dir='ltr'><strong>licet</strong></span> <span class='ocrx_word' id='word_1_22' title='bbox 1827 727 1947 801; x_wconf 90' lang='lat' dir='ltr'><strong>per</strong></span> <span class='ocrx_word' id='word_1_23' title='bbox 2015 699 2225 797; x_wconf 88' lang='lat' dir='ltr'><strong>legale</strong></span> <span class='ocrx_word' id='word_1_24' title='bbox 2280 699 2636 774; x_wconf 89' lang='lat' dir='ltr'><strong>divortium</strong></span> 
     </span>
     <span class='ocr_line' id='line_1_4' title="bbox 432 815 2642 918; baseline -0.004 -19"><span class='ocrx_word' id='word_1_25' title='bbox 432 826 600 900; x_wconf 89' lang='lat' dir='ltr'><strong>solvi</strong></span> <span class='ocrx_word' id='word_1_26' title='bbox 640 825 936 910; x_wconf 87' lang='lat' dir='ltr'><strong>dicatur,</strong></span> <span class='ocrx_word' id='word_1_27' title='bbox 993 837 1216 893; x_wconf 90' lang='lat' dir='ltr'><strong>manet</strong></span> <span class='ocrx_word' id='word_1_28' title='bbox 1263 837 1484 892; x_wconf 90' lang='lat' dir='ltr'><strong>tamen</strong></span> <span class='ocrx_word' id='word_1_29' title='bbox 1534 818 2082 918; x_wconf 75' lang='lat' dir='ltr'><strong>impedimentum</strong></span> <span class='ocrx_word' id='word_1_30' title='bbox 2130 815 2468 913; x_wconf 81' lang='lat' dir='ltr'><strong>ligaminis</strong></span> <span class='ocrx_word' id='word_1_31' title='bbox 2499 872 2515 903; x_wconf 84' lang='lat'>‚</span> <span class='ocrx_word' id='word_1_32' title='bbox 2573 834 2642 890; x_wconf 89' lang='lat' dir='ltr'><strong>et</strong></span> 
     </span>
     <span class='ocr_line' id='line_1_5' title="bbox 433 931 2635 1035; baseline -0.005 -23"><span class='ocrx_word' id='word_1_33' title='bbox 433 937 768 1013; x_wconf 88' lang='lat' dir='ltr'><strong>secundae</strong></span> <span class='ocrx_word' id='word_1_34' title='bbox 838 935 1200 1035; x_wconf 78' lang='lat' dir='ltr'><strong>tertiaeque</strong></span> <span class='ocrx_word' id='word_1_35' title='bbox 1267 933 1539 1031; x_wconf 76' lang='lat' dir='ltr'><strong>nuptiae</strong></span> <span class='ocrx_word' id='word_1_36' title='bbox 1588 959 1629 1005; x_wconf 92' lang='lat' dir='ltr'><strong>a</strong></span> <span class='ocrx_word' id='word_1_37' title='bbox 1679 931 2096 1032; x_wconf 81' lang='lat' dir='ltr'><strong>polygamiae</strong></span> <span class='ocrx_word' id='word_1_38' title='bbox 2161 945 2317 1004; x_wconf 87' lang='lat' dir='ltr'><strong>nota</strong></span> <span class='ocrx_word' id='word_1_39' title='bbox 2368 931 2635 1028; x_wconf 88' lang='lat' dir='ltr'><strong>purgari</strong></span> 
     </span>
     <span class='ocr_line' id='line_1_6' title="bbox 432 1044 2632 1152; baseline -0.004 -26"><span class='ocrx_word' id='word_1_40' title='bbox 432 1068 791 1152; x_wconf 89' lang='lat' dir='ltr'><strong>nequeunt.</strong></span> <span class='ocrx_word' id='word_1_41' title='bbox 839 1049 966 1122; x_wconf 90' lang='lat' dir='ltr'><strong>Ubi</strong></span> <span class='ocrx_word' id='word_1_42' title='bbox 998 1075 1156 1122; x_wconf 89' lang='lat' dir='ltr'><strong>vero</strong></span> <span class='ocrx_word' id='word_1_43' title='bbox 1209 1047 1641 1121; x_wconf 90' lang='lat' dir='ltr'><strong>tridentinum</strong></span> <span class='ocrx_word' id='word_1_44' title='bbox 1701 1063 1804 1120; x_wconf 87' lang='lat' dir='ltr'><strong>est</strong></span> <span class='ocrx_word' id='word_1_45' title='bbox 1862 1044 2270 1143; x_wconf 88' lang='lat' dir='ltr'><strong>publicatum</strong></span> <span class='ocrx_word' id='word_1_46' title='bbox 2311 1070 2391 1118; x_wconf 88' lang='lat' dir='ltr'><strong>eo</strong></span> <span class='ocrx_word' id='word_1_47' title='bbox 2443 1045 2594 1144; x_wconf 91' lang='lat' dir='ltr'><strong>ipso</strong></span> <span class='ocrx_word' id='word_1_48' title='bbox 2615 1102 2632 1132; x_wconf 88' lang='lat'>,</span> 
     </span>
     <span class='ocr_line' id='line_1_7' title="bbox 432 1160 2639 1269; baseline -0.004 -27"><span class='ocrx_word' id='word_1_49' title='bbox 432 1169 610 1269; x_wconf 90' lang='lat' dir='ltr'><strong>quod</strong></span> <span class='ocrx_word' id='word_1_50' title='bbox 680 1166 1066 1264; x_wconf 87' lang='lat' dir='ltr'><strong>coniugium</strong></span> <span class='ocrx_word' id='word_1_51' title='bbox 1134 1163 1329 1238; x_wconf 87' lang='lat' dir='ltr'><strong>civile</strong></span> <span class='ocrx_word' id='word_1_52' title='bbox 1390 1188 1523 1236; x_wconf 89' lang='lat' dir='ltr'><strong>non</strong></span> <span class='ocrx_word' id='word_1_53' title='bbox 1582 1176 1687 1235; x_wconf 90' lang='lat' dir='ltr'><strong>est</strong></span> <span class='ocrx_word' id='word_1_54' title='bbox 1732 1160 2068 1247; x_wconf 91' lang='lat' dir='ltr'><strong>validum,</strong></span> <span class='ocrx_word' id='word_1_55' title='bbox 2141 1160 2301 1233; x_wconf 91' lang='lat' dir='ltr'><strong>dum</strong></span> <span class='ocrx_word' id='word_1_56' title='bbox 2370 1185 2639 1233; x_wconf 89' lang='lat' dir='ltr'><strong>succes-</strong></span> 
     </span>
     <span class='ocr_line' id='line_1_8' title="bbox 432 1275 2641 1382; baseline -0.004 -25"><span class='ocrx_word' id='word_1_57' title='bbox 432 1284 576 1357; x_wconf 89' lang='lat' dir='ltr'><strong>sive</strong></span> <span class='ocrx_word' id='word_1_58' title='bbox 621 1284 846 1382; x_wconf 87' lang='lat' dir='ltr'><strong>plnres</strong></span> <span class='ocrx_word' id='word_1_59' title='bbox 889 1282 1226 1354; x_wconf 87' lang='lat' dir='ltr'><strong>ducuntur</strong></span> <span class='ocrx_word' id='word_1_60' title='bbox 1264 1305 1536 1365; x_wconf 86' lang='lat' dir='ltr'><strong>uxores,</strong></span> <span class='ocrx_word' id='word_1_61' title='bbox 1587 1303 1815 1350; x_wconf 89' lang='lat' dir='ltr'><strong>revera</strong></span> <span class='ocrx_word' id='word_1_62' title='bbox 1852 1303 1933 1349; x_wconf 83' lang='lat' dir='ltr'><strong>ex</strong></span> <span class='ocrx_word' id='word_1_63' title='bbox 1971 1275 2294 1350; x_wconf 89' lang='lat' dir='ltr'><strong>ecclesiae</strong></span> <span class='ocrx_word' id='word_1_64' title='bbox 2340 1275 2641 1350; x_wconf 86' lang='lat' dir='ltr'><strong>doctrina</strong></span> 
     </span>
     <span class='ocr_line' id='line_1_9' title="bbox 433 1390 2641 1491; baseline -0.004 -21"><span class='ocrx_word' id='word_1_65' title='bbox 433 1398 511 1470; x_wconf 88' lang='lat' dir='ltr'><strong>fit</strong></span> <span class='ocrx_word' id='word_1_66' title='bbox 560 1398 881 1471; x_wconf 82' lang='lat' dir='ltr'><strong>transitus</strong></span> <span class='ocrx_word' id='word_1_67' title='bbox 931 1424 1012 1470; x_wconf 87' lang='lat' dir='ltr'><strong>ex</strong></span> <span class='ocrx_word' id='word_1_68' title='bbox 1056 1421 1189 1469; x_wconf 90' lang='lat' dir='ltr'><strong>uno</strong></span> <span class='ocrx_word' id='word_1_69' title='bbox 1239 1394 1308 1465; x_wconf 93' lang='lat' dir='ltr'><strong>in</strong></span> <span class='ocrx_word' id='word_1_70' title='bbox 1359 1394 1638 1467; x_wconf 89' lang='lat' dir='ltr'><strong>alterum</strong></span> <span class='ocrx_word' id='word_1_71' title='bbox 1688 1392 2225 1479; x_wconf 87' lang='lat' dir='ltr'><strong>concubinatum,</strong></span> <span class='ocrx_word' id='word_1_72' title='bbox 2265 1390 2383 1491; x_wconf 91' lang='lat' dir='ltr'><strong>qui</strong></span> <span class='ocrx_word' id='word_1_73' title='bbox 2419 1407 2641 1464; x_wconf 87' lang='lat' dir='ltr'><strong>tamen</strong></span> 
     </span>
     <span class='ocr_line' id='line_1_10' title="bbox 435 1503 2638 1611; baseline -0.004 -26"><span class='ocrx_word' id='word_1_74' title='bbox 435 1539 518 1585; x_wconf 82' lang='lat' dir='ltr'><strong>ex</strong></span> <span class='ocrx_word' id='word_1_75' title='bbox 567 1512 923 1611; x_wconf 80' lang='lat' dir='ltr'><strong>hypothesi</strong></span> <span class='ocrx_word' id='word_1_76' title='bbox 974 1509 1508 1584; x_wconf 88' lang='lat' dir='ltr'><strong>adversariorum</strong></span> <span class='ocrx_word' id='word_1_77' title='bbox 1559 1507 1646 1581; x_wconf 91' lang='lat' dir='ltr'><strong>de</strong></span> <span class='ocrx_word' id='word_1_78' title='bbox 1692 1506 2035 1582; x_wconf 86' lang='lat' dir='ltr'><strong>validitate</strong></span> <span class='ocrx_word' id='word_1_79' title='bbox 2083 1505 2299 1580; x_wconf 89' lang='lat' dir='ltr'><strong>civilis</strong></span> <span class='ocrx_word' id='word_1_80' title='bbox 2347 1503 2638 1601; x_wconf 87' lang='lat' dir='ltr'><strong>coniugii</strong></span> 
     </span>
     <span class='ocr_line' id='line_1_11' title="bbox 431 1613 2480 1727; baseline -0.005 -27"><span class='ocrx_word' id='word_1_81' title='bbox 431 1627 725 1727; x_wconf 84' lang='lat' dir='ltr'><strong>speciem</strong></span> <span class='ocrx_word' id='word_1_82' title='bbox 776 1625 977 1699; x_wconf 88' lang='lat' dir='ltr'><strong>habet</strong></span> <span class='ocrx_word' id='word_1_83' title='bbox 1025 1625 1294 1699; x_wconf 90' lang='lat' dir='ltr'><strong>omnino</strong></span> <span class='ocrx_word' id='word_1_84' title='bbox 1348 1623 1795 1723; x_wconf 79' lang='lat' dir='ltr'><strong>polygamiae.</strong></span> <span class='ocrx_word' id='word_1_85' title='bbox 2471 1613 2480 1621; x_wconf 80' lang='grc'><strong>’</strong></span> 
     </span>
    </p>

    <p class='ocr_par' dir='ltr' id='par_1_3' title="bbox 428 1735 2658 3561">
     <span class='ocr_line' id='line_1_12' title="bbox 574 1735 2643 1841; baseline -0.001 -29"><span class='ocrx_word' id='word_1_86' title='bbox 574 1740 668 1815; x_wconf 83' lang='lat' dir='ltr'><strong>Ac</strong></span> <span class='ocrx_word' id='word_1_87' title='bbox 700 1769 772 1815; x_wconf 90' lang='lat' dir='ltr'><strong>re</strong></span> <span class='ocrx_word' id='word_1_88' title='bbox 804 1740 1077 1841; x_wconf 90' lang='lat' dir='ltr'><strong>quidem</strong></span> <span class='ocrx_word' id='word_1_89' title='bbox 1122 1765 1300 1825; x_wconf 87' lang='lat' dir='ltr'><strong>vera,</strong></span> <span class='ocrx_word' id='word_1_90' title='bbox 1352 1737 1635 1812; x_wconf 89' lang='lat' dir='ltr'><strong>ecclesia</strong></span> <span class='ocrx_word' id='word_1_91' title='bbox 1685 1735 2017 1810; x_wconf 89' lang='lat' dir='ltr'><strong>eiusmodi</strong></span> <span class='ocrx_word' id='word_1_92' title='bbox 2052 1736 2348 1810; x_wconf 88' lang='lat' dir='ltr'><strong>civilium</strong></span> <span class='ocrx_word' id='word_1_93' title='bbox 2382 1736 2643 1836; x_wconf 89' lang='lat' dir='ltr'><strong>nuptia-</strong></span> 
     </span>
     <span class='ocr_line' id='line_1_13' title="bbox 433 1850 2646 1952; baseline -0.004 -21"><span class='ocrx_word' id='word_1_94' title='bbox 433 1885 578 1931; x_wconf 85' lang='lat' dir='ltr'><strong>rum</strong></span> <span class='ocrx_word' id='word_1_95' title='bbox 626 1857 880 1930; x_wconf 87' lang='lat' dir='ltr'><strong>nullam</strong></span> <span class='ocrx_word' id='word_1_96' title='bbox 930 1856 1249 1929; x_wconf 90' lang='lat' dir='ltr'><strong>rationem</strong></span> <span class='ocrx_word' id='word_1_97' title='bbox 1302 1853 1506 1926; x_wconf 89' lang='lat' dir='ltr'><strong>habet</strong></span> <span class='ocrx_word' id='word_1_98' title='bbox 1536 1910 1552 1940; x_wconf 87' lang='lat'>,</span> <span class='ocrx_word' id='word_1_99' title='bbox 1609 1878 1862 1952; x_wconf 89' lang='lat' dir='ltr'><strong>easque</strong></span> <span class='ocrx_word' id='word_1_100' title='bbox 1911 1878 2032 1925; x_wconf 91' lang='lat' dir='ltr'><strong>ceu</strong></span> <span class='ocrx_word' id='word_1_101' title='bbox 2073 1852 2345 1926; x_wconf 81' lang='lat' dir='ltr'><strong>totidem</strong></span> <span class='ocrx_word' id='word_1_102' title='bbox 2391 1850 2646 1925; x_wconf 85' lang='lat' dir='ltr'><strong>abomi-</strong></span> 
     </span>
     <span class='ocr_line' id='line_1_14' title="bbox 428 1967 2643 2069; baseline -0.002 -23"><span class='ocrx_word' id='word_1_103' title='bbox 428 1974 730 2049; x_wconf 86' lang='lat' dir='ltr'><strong>nationes</strong></span> <span class='ocrx_word' id='word_1_104' title='bbox 756 1973 1158 2057; x_wconf 59' lang='lat' dir='ltr'><strong>detestatum</strong></span> <span class='ocrx_word' id='word_1_105' title='bbox 1191 1971 1447 2043; x_wconf 92' lang='lat' dir='ltr'><strong>nullum</strong></span> <span class='ocrx_word' id='word_1_106' title='bbox 1480 1984 1827 2069; x_wconf 85' lang='lat' dir='ltr'><strong>praeterea</strong></span> <span class='ocrx_word' id='word_1_107' title='bbox 1853 1968 2006 2066; x_wconf 90' lang='lat' dir='ltr'><strong>ipsa</strong></span> <span class='ocrx_word' id='word_1_108' title='bbox 2031 1994 2351 2067; x_wconf 91' lang='lat' dir='ltr'><strong>umquam</strong></span> <span class='ocrx_word' id='word_1_109' title='bbox 2380 1969 2449 2040; x_wconf 91' lang='lat' dir='ltr'><strong>in</strong></span> <span class='ocrx_word' id='word_1_110' title='bbox 2476 1967 2643 2041; x_wconf 86' lang='lat' dir='ltr'><strong>ratis</strong></span> 
     </span>
     <span class='ocr_line' id='line_1_15' title="bbox 432 2081 2645 2184; baseline -0.004 -24"><span class='ocrx_word' id='word_1_111' title='bbox 432 2086 1047 2184; x_wconf 86' lang='lat' dir='ltr'><strong>consummatisque</strong></span> <span class='ocrx_word' id='word_1_112' title='bbox 1082 2085 1414 2182; x_wconf 83' lang='lat' dir='ltr'><strong>coniugiis</strong></span> <span class='ocrx_word' id='word_1_113' title='bbox 1450 2085 1969 2157; x_wconf 89' lang='lat' dir='ltr'><strong>christianorum</strong></span> <span class='ocrx_word' id='word_1_114' title='bbox 2002 2081 2358 2157; x_wconf 88' lang='lat' dir='ltr'><strong>divortium</strong></span> <span class='ocrx_word' id='word_1_115' title='bbox 2403 2081 2645 2156; x_wconf 87' lang='lat' dir='ltr'><strong>admit-</strong></span> 
     </span>
     <span class='ocr_line' id='line_1_16' title="bbox 436 2194 2646 2298; baseline -0.001 -24"><span class='ocrx_word' id='word_1_116' title='bbox 436 2201 554 2274; x_wconf 88' lang='lat' dir='ltr'><strong>tit:</strong></span> <span class='ocrx_word' id='word_1_117' title='bbox 613 2225 748 2298; x_wconf 90' lang='lat' dir='ltr'><strong>quo</strong></span> <span class='ocrx_word' id='word_1_118' title='bbox 802 2200 878 2272; x_wconf 84' lang='lat' dir='ltr'><strong>fit</strong></span> <span class='ocrx_word' id='word_1_119' title='bbox 924 2215 998 2271; x_wconf 90' lang='lat' dir='ltr'><strong>ut</strong></span> <span class='ocrx_word' id='word_1_120' title='bbox 1046 2225 1275 2273; x_wconf 89' lang='lat' dir='ltr'><strong>omnes</strong></span> <span class='ocrx_word' id='word_1_121' title='bbox 1345 2199 1731 2295; x_wconf 86' lang='lat' dir='ltr'><strong>illegitimas</strong></span> <span class='ocrx_word' id='word_1_122' title='bbox 1797 2214 2160 2297; x_wconf 83' lang='lat' dir='ltr'><strong>turpesque</strong></span> <span class='ocrx_word' id='word_1_123' title='bbox 2219 2196 2469 2294; x_wconf 85' lang='lat' dir='ltr'><strong>legales</strong></span> <span class='ocrx_word' id='word_1_124' title='bbox 2519 2194 2646 2271; x_wconf 88' lang='lat' dir='ltr'><strong>has</strong></span> 
     </span>
     <span class='ocr_line' id='line_1_17' title="bbox 435 2310 2651 2412; baseline -0.001 -25"><span class='ocrx_word' id='word_1_125' title='bbox 435 2314 937 2387; x_wconf 86' lang='lat' dir='ltr'><strong>coniunctiones</strong></span> <span class='ocrx_word' id='word_1_126' title='bbox 991 2329 1243 2412; x_wconf 88' lang='lat' dir='ltr'><strong>spectet</strong></span> <span class='ocrx_word' id='word_1_127' title='bbox 1289 2330 1630 2412; x_wconf 91' lang='lat' dir='ltr'><strong>tamquam</strong></span> <span class='ocrx_word' id='word_1_128' title='bbox 1679 2314 2079 2386; x_wconf 80' lang='lat' dir='ltr'><strong>materialem</strong></span> <span class='ocrx_word' id='word_1_129' title='bbox 2113 2311 2346 2386; x_wconf 89' lang='lat' dir='ltr'><strong>saltem</strong></span> <span class='ocrx_word' id='word_1_130' title='bbox 2380 2310 2651 2411; x_wconf 87' lang='lat' dir='ltr'><strong>polyga-</strong></span> 
     </span>
     <span class='ocr_line' id='line_1_18' title="bbox 436 2427 2644 2528; baseline -0.002 -27"><span class='ocrx_word' id='word_1_131' title='bbox 436 2430 672 2515; x_wconf 90' lang='lat' dir='ltr'><strong>miam‚</strong></span> <span class='ocrx_word' id='word_1_132' title='bbox 713 2453 794 2501; x_wconf 89' lang='lat' dir='ltr'><strong>eo</strong></span> <span class='ocrx_word' id='word_1_133' title='bbox 829 2455 1032 2501; x_wconf 90' lang='lat' dir='ltr'><strong>sensu</strong></span> <span class='ocrx_word' id='word_1_134' title='bbox 1069 2455 1267 2528; x_wconf 89' lang='lat' dir='ltr'><strong>quem</strong></span> <span class='ocrx_word' id='word_1_135' title='bbox 1305 2428 1433 2501; x_wconf 90' lang='lat' dir='ltr'><strong>sub</strong></span> <span class='ocrx_word' id='word_1_136' title='bbox 1481 2428 1685 2502; x_wconf 92' lang='lat' dir='ltr'><strong>huius</strong></span> <span class='ocrx_word' id='word_1_137' title='bbox 1736 2429 1996 2503; x_wconf 84' lang='lat' dir='ltr'><strong>articuli</strong></span> <span class='ocrx_word' id='word_1_138' title='bbox 2038 2428 2301 2502; x_wconf 89' lang='lat' dir='ltr'><strong>initium</strong></span> <span class='ocrx_word' id='word_1_139' title='bbox 2335 2427 2644 2526; x_wconf 86' lang='lat' dir='ltr'><strong>exposui-</strong></span> 
     </span>
     <span class='ocr_line' id='line_1_19' title="bbox 434 2543 2651 2645; baseline -0.001 -27"><span class='ocrx_word' id='word_1_140' title='bbox 434 2573 610 2619; x_wconf 89' lang='lat' dir='ltr'><strong>mus.</strong></span> <span class='ocrx_word' id='word_1_141' title='bbox 671 2544 1000 2630; x_wconf 85' lang='lat' dir='ltr'><strong>Quocirca</strong></span> <span class='ocrx_word' id='word_1_142' title='bbox 1043 2545 1144 2633; x_wconf 86' lang='lat' dir='ltr'><strong>ei,</strong></span> <span class='ocrx_word' id='word_1_143' title='bbox 1190 2571 1387 2645; x_wconf 89' lang='lat' dir='ltr'><strong>quae,</strong></span> <span class='ocrx_word' id='word_1_144' title='bbox 1428 2546 1708 2620; x_wconf 88' lang='lat' dir='ltr'><strong>dimisso</strong></span> <span class='ocrx_word' id='word_1_145' title='bbox 1746 2546 1951 2644; x_wconf 90' lang='lat' dir='ltr'><strong>priori</strong></span> <span class='ocrx_word' id='word_1_146' title='bbox 2000 2544 2307 2641; x_wconf 88' lang='lat' dir='ltr'><strong>coniuge,</strong></span> <span class='ocrx_word' id='word_1_147' title='bbox 2347 2543 2537 2617; x_wconf 87' lang='lat' dir='ltr'><strong>alteri</strong></span> <span class='ocrx_word' id='word_1_148' title='bbox 2585 2557 2651 2616; x_wconf 90' lang='lat' dir='ltr'><strong>et</strong></span> 
     </span>
     <span class='ocr_line' id='line_1_20' title="bbox 433 2657 2647 2749; baseline -0 -16"><span class='ocrx_word' id='word_1_149' title='bbox 433 2660 624 2733; x_wconf 90' lang='lat' dir='ltr'><strong>alteri</strong></span> <span class='ocrx_word' id='word_1_150' title='bbox 678 2660 1062 2734; x_wconf 80' lang='lat' dir='ltr'><strong>successive</strong></span> <span class='ocrx_word' id='word_1_151' title='bbox 1096 2659 1397 2749; x_wconf 87' lang='lat' dir='ltr'><strong>nuberet,</strong></span> <span class='ocrx_word' id='word_1_152' title='bbox 1439 2660 1689 2734; x_wconf 89' lang='lat' dir='ltr'><strong>Christi</strong></span> <span class='ocrx_word' id='word_1_153' title='bbox 1725 2661 1998 2734; x_wconf 75' lang='lat' dir='ltr'><strong>effatum</strong></span> <span class='ocrx_word' id='word_1_154' title='bbox 2032 2659 2119 2733; x_wconf 89' lang='lat' dir='ltr'><strong>ad</strong></span> <span class='ocrx_word' id='word_1_155' title='bbox 2155 2657 2502 2731; x_wconf 90' lang='lat' dir='ltr'><strong>mulierem</strong></span> <span class='ocrx_word' id='word_1_156' title='bbox 2538 2684 2647 2732; x_wconf 84' lang='lat' dir='ltr'><strong>sa-</strong></span> 
     </span>
     <span class='ocr_line' id='line_1_21' title="bbox 432 2772 2654 2874; baseline -0.001 -26"><span class='ocrx_word' id='word_1_157' title='bbox 432 2776 828 2849; x_wconf 87' lang='lat' dir='ltr'><strong>maritanam</strong></span> <span class='ocrx_word' id='word_1_158' title='bbox 872 2773 1203 2873; x_wconf 88' lang='lat' dir='ltr'><strong>prolatum</strong></span> <span class='ocrx_word' id='word_1_159' title='bbox 1237 2775 1382 2848; x_wconf 90' lang='lat' dir='ltr'><strong>iure</strong></span> <span class='ocrx_word' id='word_1_160' title='bbox 1416 2774 1757 2874; x_wconf 90' lang='lat' dir='ltr'><strong>quispiam</strong></span> <span class='ocrx_word' id='word_1_161' title='bbox 1791 2772 2294 2847; x_wconf 89' lang='lat' dir='ltr'><strong>accommodare</strong></span> <span class='ocrx_word' id='word_1_162' title='bbox 2319 2782 2550 2870; x_wconf 84' lang='lat' dir='ltr'><strong>posset</strong></span> <span class='ocrx_word' id='word_1_163' title='bbox 2570 2797 2654 2845; x_wconf 88' lang='lat' dir='ltr'><strong>ac</strong></span> 
     </span>
     <span class='ocr_line' id='line_1_22' title="bbox 431 2889 2654 2988; baseline -0.002 -24"><span class='ocrx_word' id='word_1_164' title='bbox 431 2891 688 2965; x_wconf 88' lang='lat' dir='ltr'><strong>dicere:</strong></span> <span class='ocrx_word' id='word_1_165' title='bbox 734 2891 1034 2988; x_wconf 77' lang='lat' dir='ltr'><strong>Quinque</strong></span> <span class='ocrx_word' id='word_1_166' title='bbox 1083 2889 1369 2965; x_wconf 88' lang='lat' dir='ltr'><strong>larvatos</strong></span> <span class='ocrx_word' id='word_1_167' title='bbox 1417 2892 1595 2962; x_wconf 78' lang='lat' dir='ltr'><strong>viros</strong></span> <span class='ocrx_word' id='word_1_168' title='bbox 1637 2893 1810 2984; x_wconf 89' lang='lat' dir='ltr'><strong>(seu</strong></span> <span class='ocrx_word' id='word_1_169' title='bbox 1844 2889 2168 2984; x_wconf 91' lang='lat' dir='ltr'><strong>maritos)</strong></span> <span class='ocrx_word' id='word_1_170' title='bbox 2212 2889 2538 2974; x_wconf 75' lang='lat' dir='ltr'><strong>habuisti;</strong></span> <span class='ocrx_word' id='word_1_171' title='bbox 2593 2903 2654 2960; x_wconf 84' lang='lat' dir='ltr'><strong>et</strong></span> 
     </span>
     <span class='ocr_line' id='line_1_23' title="bbox 436 3003 2658 3102; baseline 0.001 -27"><span class='ocrx_word' id='word_1_172' title='bbox 436 3031 606 3076; x_wconf 77' lang='lat' dir='ltr'><strong>nunc</strong></span> <span class='ocrx_word' id='word_1_173' title='bbox 631 3031 819 3102; x_wconf 80' lang='lat' dir='ltr'><strong>quem</strong></span> <span class='ocrx_word' id='word_1_174' title='bbox 845 3005 1038 3076; x_wconf 77' lang='lat' dir='ltr'><strong>habes</strong></span> <span class='ocrx_word' id='word_1_175' title='bbox 1059 3030 1188 3075; x_wconf 78' lang='lat' dir='ltr'><strong>non</strong></span> <span class='ocrx_word' id='word_1_176' title='bbox 1214 3019 1306 3076; x_wconf 80' lang='lat' dir='ltr'><strong>est</strong></span> <span class='ocrx_word' id='word_1_177' title='bbox 1332 3019 1479 3076; x_wconf 75' lang='lat' dir='ltr'><strong>taus</strong></span> <span class='ocrx_word' id='word_1_178' title='bbox 1503 3006 1612 3077; x_wconf 76' lang='lat' dir='ltr'><strong>vir</strong></span> <span class='ocrx_word' id='word_1_179' title='bbox 1636 3005 1813 3099; x_wconf 81' lang='lat'><strong>(32);</strong></span> <span class='ocrx_word' id='word_1_180' title='bbox 1844 3003 1990 3077; x_wconf 89' lang='lat' dir='ltr'><strong>viro</strong></span> <span class='ocrx_word' id='word_1_181' title='bbox 2014 3003 2345 3091; x_wconf 87' lang='lat' dir='ltr'><strong>similiter,</strong></span> <span class='ocrx_word' id='word_1_182' title='bbox 2369 3004 2486 3102; x_wconf 89' lang='lat' dir='ltr'><strong>qui</strong></span> <span class='ocrx_word' id='word_1_183' title='bbox 2513 3029 2658 3078; x_wconf 88' lang='lat' dir='ltr'><strong>suc·</strong></span> 
     </span>
     <span class='ocr_line' id='line_1_24' title="bbox 439 3116 2649 3224; baseline 0 -33"><span class='ocrx_word' id='word_1_184' title='bbox 439 3119 703 3191; x_wconf 90' lang='lat' dir='ltr'><strong>cessive</strong></span> <span class='ocrx_word' id='word_1_185' title='bbox 733 3116 983 3214; x_wconf 82' lang='lat' dir='ltr'><strong>legales</strong></span> <span class='ocrx_word' id='word_1_186' title='bbox 1021 3118 1291 3215; x_wconf 88' lang='lat' dir='ltr'><strong>nuptias</strong></span> <span class='ocrx_word' id='word_1_187' title='bbox 1324 3117 1810 3224; x_wconf 81' lang='lat' dir='ltr'><strong>contraxisset,</strong></span> <span class='ocrx_word' id='word_1_188' title='bbox 1854 3133 2084 3217; x_wconf 89' lang='lat' dir='ltr'><strong>posset</strong></span> <span class='ocrx_word' id='word_1_189' title='bbox 2123 3119 2278 3218; x_wconf 86' lang='lat' dir='ltr'><strong>quis</strong></span> <span class='ocrx_word' id='word_1_190' title='bbox 2314 3118 2649 3215; x_wconf 82' lang='lat' dir='ltr'><strong>ingerere:</strong></span> 
     </span>
     <span class='ocr_line' id='line_1_25' title="bbox 443 3231 2657 3330; baseline 0.001 -28"><span class='ocrx_word' id='word_1_191' title='bbox 443 3231 739 3330; x_wconf 77' lang='lat' dir='ltr'><strong>Quinque</strong></span> <span class='ocrx_word' id='word_1_192' title='bbox 772 3231 1065 3305; x_wconf 88' lang='lat' dir='ltr'><strong>larvatas</strong></span> <span class='ocrx_word' id='word_1_193' title='bbox 1101 3258 1337 3304; x_wconf 77' lang='lat' dir='ltr'><strong>uxores</strong></span> <span class='ocrx_word' id='word_1_194' title='bbox 1374 3232 1693 3318; x_wconf 76' lang='lat' dir='ltr'><strong>habuisti,</strong></span> <span class='ocrx_word' id='word_1_195' title='bbox 1736 3247 1798 3304; x_wconf 81' lang='lat' dir='ltr'><strong>et</strong></span> <span class='ocrx_word' id='word_1_196' title='bbox 1830 3258 2001 3303; x_wconf 78' lang='lat' dir='ltr'><strong>nunc</strong></span> <span class='ocrx_word' id='word_1_197' title='bbox 2034 3258 2231 3330; x_wconf 81' lang='lat' dir='ltr'><strong>quam</strong></span> <span class='ocrx_word' id='word_1_198' title='bbox 2267 3233 2491 3317; x_wconf 79' lang='lat' dir='ltr'><strong>habes,</strong></span> <span class='ocrx_word' id='word_1_199' title='bbox 2529 3259 2657 3305; x_wconf 76' lang='lat' dir='ltr'><strong>non</strong></span> 
     </span>
     <span class='ocr_line' id='line_1_26' title="bbox 439 3346 2657 3447; baseline 0.002 -29"><span class='ocrx_word' id='word_1_200' title='bbox 439 3360 534 3418; x_wconf 76' lang='lat' dir='ltr'><strong>est</strong></span> <span class='ocrx_word' id='word_1_201' title='bbox 583 3361 694 3419; x_wconf 80' lang='lat' dir='ltr'><strong>tua</strong></span> <span class='ocrx_word' id='word_1_202' title='bbox 742 3373 933 3420; x_wconf 73' lang='lat' dir='ltr'><strong>uxor.</strong></span> <span class='ocrx_word' id='word_1_203' title='bbox 978 3348 1230 3446; x_wconf 89' lang='lat' dir='ltr'><strong>Nempe</strong></span> <span class='ocrx_word' id='word_1_204' title='bbox 1288 3347 1395 3420; x_wconf 87' lang='lat' dir='ltr'><strong>sin</strong></span> <span class='ocrx_word' id='word_1_205' title='bbox 1442 3346 1667 3420; x_wconf 89' lang='lat' dir='ltr'><strong>minus</strong></span> <span class='ocrx_word' id='word_1_206' title='bbox 1717 3346 1796 3419; x_wconf 82' lang='lat' dir='ltr'><strong>de</strong></span> <span class='ocrx_word' id='word_1_207' title='bbox 1840 3347 2011 3432; x_wconf 74' lang='lat' dir='ltr'><strong>iure,</strong></span> <span class='ocrx_word' id='word_1_208' title='bbox 2069 3346 2308 3420; x_wconf 88' lang='lat' dir='ltr'><strong>saltem</strong></span> <span class='ocrx_word' id='word_1_209' title='bbox 2357 3347 2435 3419; x_wconf 76' lang='lat' dir='ltr'><strong>de</strong></span> <span class='ocrx_word' id='word_1_210' title='bbox 2482 3348 2657 3447; x_wconf 76' lang='lat' dir='ltr'><strong>sacto</strong></span> 
     </span>
     <span class='ocr_line' id='line_1_27' title="bbox 440 3459 2578 3561; baseline 0 -27"><span class='ocrx_word' id='word_1_211' title='bbox 440 3459 525 3534; x_wconf 87' lang='lat' dir='ltr'><strong>ad</strong></span> <span class='ocrx_word' id='word_1_212' title='bbox 574 3460 744 3559; x_wconf 80' lang='lat' dir='ltr'><strong>legis</strong></span> <span class='ocrx_word' id='word_1_213' title='bbox 786 3462 1271 3561; x_wconf 89' lang='lat' dir='ltr'><strong>praescriptum</strong></span> <span class='ocrx_word' id='word_1_214' title='bbox 1322 3462 1745 3561; x_wconf 88' lang='lat' dir='ltr'><strong>polygamiae</strong></span> <span class='ocrx_word' id='word_1_215' title='bbox 1793 3463 2045 3536; x_wconf 91' lang='lat' dir='ltr'><strong>crimen</strong></span> <span class='ocrx_word' id='word_1_216' title='bbox 2097 3463 2578 3536; x_wconf 85' lang='lat' dir='ltr'><strong>admitteretur.</strong></span> 
     </span>
    </p>

    <p class='ocr_par' dir='ltr' id='par_1_4' title="bbox 439 3576 2664 4370">
     <span class='ocr_line' id='line_1_28' title="bbox 583 3576 2657 3678; baseline 0.003 -32"><span class='ocrx_word' id='word_1_217' title='bbox 583 3577 714 3649; x_wconf 88' lang='lat' dir='ltr'><strong>Sed</strong></span> <span class='ocrx_word' id='word_1_218' title='bbox 752 3593 825 3649; x_wconf 94' lang='lat' dir='ltr'><strong>ut</strong></span> <span class='ocrx_word' id='word_1_219' title='bbox 857 3576 1178 3651; x_wconf 86' lang='lat' dir='ltr'><strong>directius</strong></span> <span class='ocrx_word' id='word_1_220' title='bbox 1214 3577 1310 3664; x_wconf 86' lang='lat' dir='ltr'><strong>id,</strong></span> <span class='ocrx_word' id='word_1_221' title='bbox 1351 3577 1531 3678; x_wconf 90' lang='lat' dir='ltr'><strong>quod</strong></span> <span class='ocrx_word' id='word_1_222' title='bbox 1569 3579 2071 3677; x_wconf 88' lang='lat' dir='ltr'><strong>proposuimus,</strong></span> <span class='ocrx_word' id='word_1_223' title='bbox 2110 3579 2522 3666; x_wconf 80' lang='lat' dir='ltr'><strong>evincamus,</strong></span> <span class='ocrx_word' id='word_1_224' title='bbox 2564 3579 2657 3652; x_wconf 81' lang='lat' dir='ltr'><strong>ita</strong></span> 
     </span>
     <span class='ocr_line' id='line_1_29' title="bbox 442 3690 2657 3793; baseline 0.002 -29"><span class='ocrx_word' id='word_1_225' title='bbox 442 3690 945 3788; x_wconf 88' lang='lat' dir='ltr'><strong>progredimur:</strong></span> <span class='ocrx_word' id='word_1_226' title='bbox 989 3720 1141 3767; x_wconf 91' lang='lat' dir='ltr'><strong>cum</strong></span> <span class='ocrx_word' id='word_1_227' title='bbox 1177 3693 1385 3767; x_wconf 91' lang='lat' dir='ltr'><strong>semel</strong></span> <span class='ocrx_word' id='word_1_228' title='bbox 1434 3694 1653 3766; x_wconf 89' lang='lat' dir='ltr'><strong>civilis</strong></span> <span class='ocrx_word' id='word_1_229' title='bbox 1702 3694 2063 3767; x_wconf 89' lang='lat' dir='ltr'><strong>auctoritas</strong></span> <span class='ocrx_word' id='word_1_230' title='bbox 2095 3694 2410 3793; x_wconf 88' lang='lat' dir='ltr'><strong>opposita</strong></span> <span class='ocrx_word' id='word_1_231' title='bbox 2442 3694 2657 3768; x_wconf 91' lang='lat' dir='ltr'><strong>eccle-</strong></span> 
     </span>
     <span class='ocr_line' id='line_1_30' title="bbox 440 3803 2661 3909; baseline 0.003 -33"><span class='ocrx_word' id='word_1_232' title='bbox 440 3803 584 3876; x_wconf 92' lang='lat' dir='ltr'><strong>siae</strong></span> <span class='ocrx_word' id='word_1_233' title='bbox 635 3805 1009 3878; x_wconf 86' lang='lat' dir='ltr'><strong>auctoritati</strong></span> <span class='ocrx_word' id='word_1_234' title='bbox 1053 3806 1185 3879; x_wconf 88' lang='lat' dir='ltr'><strong>sibi</strong></span> <span class='ocrx_word' id='word_1_235' title='bbox 1238 3807 1343 3879; x_wconf 91' lang='lat' dir='ltr'><strong>ius</strong></span> <span class='ocrx_word' id='word_1_236' title='bbox 1393 3823 1677 3906; x_wconf 91' lang='lat' dir='ltr'><strong>usurpat</strong></span> <span class='ocrx_word' id='word_1_237' title='bbox 1711 3807 1781 3878; x_wconf 94' lang='lat' dir='ltr'><strong>in</strong></span> <span class='ocrx_word' id='word_1_238' title='bbox 1815 3807 2277 3894; x_wconf 86' lang='lat' dir='ltr'><strong>matrimonia,</strong></span> <span class='ocrx_word' id='word_1_239' title='bbox 2318 3822 2661 3909; x_wconf 87' lang='lat' dir='ltr'><strong>tamquam</strong></span> 
     </span>
     <span class='ocr_line' id='line_1_31' title="bbox 439 3919 2657 4022; baseline 0.004 -31"><span class='ocrx_word' id='word_1_240' title='bbox 439 3919 509 3993; x_wconf 92' lang='lat' dir='ltr'><strong>in</strong></span> <span class='ocrx_word' id='word_1_241' title='bbox 546 3946 684 3993; x_wconf 89' lang='lat' dir='ltr'><strong>rem</strong></span> <span class='ocrx_word' id='word_1_242' title='bbox 720 3945 946 4006; x_wconf 87' lang='lat' dir='ltr'><strong>suam,</strong></span> <span class='ocrx_word' id='word_1_243' title='bbox 978 3946 1191 4022; x_wconf 85' lang='lat' dir='ltr'><strong>eaque</strong></span> <span class='ocrx_word' id='word_1_244' title='bbox 1218 3922 1421 3995; x_wconf 87' lang='lat' dir='ltr'><strong>habet</strong></span> <span class='ocrx_word' id='word_1_245' title='bbox 1443 3921 1527 3995; x_wconf 92' lang='lat' dir='ltr'><strong>ad</strong></span> <span class='ocrx_word' id='word_1_246' title='bbox 1555 3923 1770 3997; x_wconf 79' lang='lat' dir='ltr'><strong>instar</strong></span> <span class='ocrx_word' id='word_1_247' title='bbox 1801 3939 2167 3997; x_wconf 87' lang='lat' dir='ltr'><strong>ceterorum</strong></span> <span class='ocrx_word' id='word_1_248' title='bbox 2195 3940 2657 3999; x_wconf 88' lang='lat' dir='ltr'><strong>contractuum</strong></span> 
     </span>
     <span class='ocr_line' id='line_1_32' title="bbox 441 4032 2656 4138; baseline 0.003 -32"><span class='ocrx_word' id='word_1_249' title='bbox 441 4033 803 4132; x_wconf 90' lang='lat' dir='ltr'><strong>emptionis</strong></span> <span class='ocrx_word' id='word_1_250' title='bbox 827 4091 843 4120; x_wconf 88' lang='lat'>‚</span> <span class='ocrx_word' id='word_1_251' title='bbox 873 4032 1276 4109; x_wconf 86' lang='lat' dir='ltr'><strong>venditionis</strong></span> <span class='ocrx_word' id='word_1_252' title='bbox 1298 4092 1314 4125; x_wconf 92' lang='lat'>‚</span> <span class='ocrx_word' id='word_1_253' title='bbox 1359 4036 1708 4111; x_wconf 89' lang='lat' dir='ltr'><strong>locationis</strong></span> <span class='ocrx_word' id='word_1_254' title='bbox 1735 4053 1859 4110; x_wconf 90' lang='lat' dir='ltr'><strong>etc.</strong></span> <span class='ocrx_word' id='word_1_255' title='bbox 1883 4038 2050 4112; x_wconf 90' lang='lat' dir='ltr'><strong>adeo</strong></span> <span class='ocrx_word' id='word_1_256' title='bbox 2086 4054 2161 4112; x_wconf 91' lang='lat' dir='ltr'><strong>ut</strong></span> <span class='ocrx_word' id='word_1_257' title='bbox 2192 4065 2434 4115; x_wconf 84' lang='lat' dir='ltr'><strong>uxores</strong></span> <span class='ocrx_word' id='word_1_258' title='bbox 2471 4065 2656 4138; x_wconf 84' lang='lat' dir='ltr'><strong>agro,</strong></span> 
     </span>
     <span class='ocr_line' id='line_1_33' title="bbox 444 4147 2657 4255; baseline 0.003 -35"><span class='ocrx_word' id='word_1_259' title='bbox 444 4147 708 4236; x_wconf 90' lang='lat' dir='ltr'><strong>domui,</strong></span> <span class='ocrx_word' id='word_1_260' title='bbox 739 4147 959 4223; x_wconf 88' lang='lat' dir='ltr'><strong>bobus</strong></span> <span class='ocrx_word' id='word_1_261' title='bbox 985 4151 1490 4252; x_wconf 89' lang='lat' dir='ltr'><strong>pecudibusque</strong></span> <span class='ocrx_word' id='word_1_262' title='bbox 1522 4178 1696 4253; x_wconf 90' lang='lat' dir='ltr'><strong>pene</strong></span> <span class='ocrx_word' id='word_1_263' title='bbox 1729 4168 2199 4251; x_wconf 89' lang='lat' dir='ltr'><strong>comparentur</strong></span> <span class='ocrx_word' id='word_1_264' title='bbox 2222 4210 2239 4242; x_wconf 87' lang='lat'>,</span> <span class='ocrx_word' id='word_1_265' title='bbox 2280 4155 2415 4227; x_wconf 92' lang='lat' dir='ltr'><strong>iam</strong></span> <span class='ocrx_word' id='word_1_266' title='bbox 2449 4170 2657 4255; x_wconf 88' lang='lat' dir='ltr'><strong>patet,</strong></span> 
     </span>
     <span class='ocr_line' id='line_1_34' title="bbox 444 4262 2664 4370; baseline 0.004 -37"><span class='ocrx_word' id='word_1_267' title='bbox 444 4262 662 4360; x_wconf 86' lang='lat' dir='ltr'><strong>ipsam</strong></span> <span class='ocrx_word' id='word_1_268' title='bbox 714 4263 950 4339; x_wconf 89' lang='lat' dir='ltr'><strong>eodem</strong></span> <span class='ocrx_word' id='word_1_269' title='bbox 1001 4264 1170 4350; x_wconf 90' lang='lat' dir='ltr'><strong>iure,</strong></span> <span class='ocrx_word' id='word_1_270' title='bbox 1225 4292 1358 4367; x_wconf 87' lang='lat' dir='ltr'><strong>quo</strong></span> <span class='ocrx_word' id='word_1_271' title='bbox 1410 4282 1626 4366; x_wconf 79' lang='lat' dir='ltr'><strong>potest</strong></span> <span class='ocrx_word' id='word_1_272' title='bbox 1672 4267 2029 4342; x_wconf 86' lang='lat' dir='ltr'><strong>decernere</strong></span> <span class='ocrx_word' id='word_1_273' title='bbox 2061 4269 2156 4343; x_wconf 87' lang='lat' dir='ltr'><strong>uti</strong></span> <span class='ocrx_word' id='word_1_274' title='bbox 2191 4270 2458 4345; x_wconf 88' lang='lat' dir='ltr'><strong>validos</strong></span> <span class='ocrx_word' id='word_1_275' title='bbox 2506 4270 2664 4370; x_wconf 80' lang='lat' dir='ltr'><strong>legi-</strong></span> 
     </span>
    </p>
   </div>
   <div class='ocr_carea' id='block_1_3' title="bbox 591 4415 2523 4548">
    <p class='ocr_par' dir='ltr' id='par_1_5' title="bbox 591 4415 2523 4548">
     <span class='ocr_line' id='line_1_35' title="bbox 591 4415 1022 4481; baseline 0.014 -15"><span class='ocrx_word' id='word_1_276' title='bbox 591 4415 693 4478; x_wconf 73' lang='lat'><strong>(8²)</strong></span> <span class='ocrx_word' id='word_1_277' title='bbox 723 4418 922 4481; x_wconf 83' lang='lat' dir='ltr'><strong>1o.1v.,</strong></span> <span class='ocrx_word' id='word_1_278' title='bbox 948 4427 1022 4472; x_wconf 71' lang='grc' dir='ltr'><strong>ιο.</strong></span> 
     </span>
     <span class='ocr_line' id='line_1_36' title="bbox 2481 4505 2523 4548; baseline 0 0"><span class='ocrx_word' id='word_1_279' title='bbox 2481 4505 2523 4548; x_wconf 44' lang='grc' dir='ltr'>ἡ</span> 
     </span>
    </p>
   </div>
  </div>
 </body>
</html>
