<?xml version="1.0" encoding="UTF-8"?>
<!DOCTYPE html PUBLIC "-//W3C//DTD XHTML 1.0 Transitional//EN"
    "http://www.w3.org/TR/xhtml1/DTD/xhtml1-transitional.dtd">
<html xmlns="http://www.w3.org/1999/xhtml" xml:lang="en" lang="en">
 <head>
  <title>
</title>
<meta http-equiv="Content-Type" content="text/html;charset=utf-8" />
  <meta name='ocr-system' content='tesseract 3.04.00' />
  <meta name='ocr-capabilities' content='ocr_page ocr_carea ocr_par ocr_line ocrx_word'/>
</head>
<body>
  <div class='ocr_page' id='page_1' title='image "./dematrimoniochr04perrgoog_0323.png"; bbox 0 0 3276 5083; ppageno 0'>
   <div class='ocr_carea' id='block_1_1' title="bbox 423 435 2646 2510">
    <p class='ocr_par' dir='ltr' id='par_1_1' title="bbox 427 435 2640 900">
     <span class='ocr_line' id='line_1_1' title="bbox 810 435 2634 508; baseline -0.001 -3"><span class='ocrx_word' id='word_1_1' title='bbox 810 457 946 507; x_wconf 70' lang='lat' dir='ltr'>cn.</span> <span class='ocrx_word' id='word_1_2' title='bbox 973 457 1068 506; x_wconf 84' lang='grc' dir='ltr'>ιη.</span> <span class='ocrx_word' id='word_1_3' title='bbox 1095 458 1172 505; x_wconf 75' lang='lat' dir='ltr'>nr</span> <span class='ocrx_word' id='word_1_4' title='bbox 1207 456 1468 507; x_wconf 74' lang='lat' dir='ltr'>uuum.</span> <span class='ocrx_word' id='word_1_5' title='bbox 1502 456 1728 508; x_wconf 82' lang='lat' dir='ltr'>c1v1us</span> <span class='ocrx_word' id='word_1_6' title='bbox 1764 457 1946 507; x_wconf 72' lang='grc' dir='ltr'><strong>ιεαι.</strong></span> <span class='ocrx_word' id='word_1_7' title='bbox 1972 458 2112 507; x_wconf 57' lang='lat' dir='ltr'>aar.</span> <span class='ocrx_word' id='word_1_8' title='bbox 2149 458 2193 507; x_wconf 86' lang='grc' dir='ltr'>ι.</span> <span class='ocrx_word' id='word_1_9' title='bbox 2498 435 2634 505; x_wconf 77' lang='grc'>299</span> 
     </span>
     <span class='ocr_line' id='line_1_2' title="bbox 428 573 2636 673; baseline 0 -28"><span class='ocrx_word' id='word_1_10' title='bbox 428 574 519 647; x_wconf 86' lang='lat' dir='ltr'>ita</span> <span class='ocrx_word' id='word_1_11' title='bbox 555 600 631 647; x_wconf 88' lang='lat' dir='ltr'>se</span> <span class='ocrx_word' id='word_1_12' title='bbox 674 575 903 672; x_wconf 90' lang='lat' dir='ltr'>inique</span> <span class='ocrx_word' id='word_1_13' title='bbox 942 599 1170 671; x_wconf 80' lang='lat' dir='ltr'>gerere</span> <span class='ocrx_word' id='word_1_14' title='bbox 1220 599 1363 659; x_wconf 91' lang='lat' dir='ltr'>eos,</span> <span class='ocrx_word' id='word_1_15' title='bbox 1418 574 1535 673; x_wconf 92' lang='lat' dir='ltr'>qui</span> <span class='ocrx_word' id='word_1_16' title='bbox 1588 573 1729 648; x_wconf 89' lang='lat' dir='ltr'>illis</span> <span class='ocrx_word' id='word_1_17' title='bbox 1780 574 2208 647; x_wconf 69' lang='lat' dir='ltr'>moderantur</span> <span class='ocrx_word' id='word_1_18' title='bbox 2258 576 2514 671; x_wconf 89' lang='lat' dir='ltr'>regnis,</span> <span class='ocrx_word' id='word_1_19' title='bbox 2569 577 2636 648; x_wconf 89' lang='lat' dir='ltr'>in</span> 
     </span>
     <span class='ocr_line' id='line_1_3' title="bbox 427 687 2640 789; baseline 0 -27"><span class='ocrx_word' id='word_1_20' title='bbox 427 689 676 789; x_wconf 87' lang='lat' dir='ltr'>quibus</span> <span class='ocrx_word' id='word_1_21' title='bbox 746 689 980 786; x_wconf 87' lang='lat' dir='ltr'>religio</span> <span class='ocrx_word' id='word_1_22' title='bbox 1044 687 1373 761; x_wconf 83' lang='lat' dir='ltr'>catholica</span> <span class='ocrx_word' id='word_1_23' title='bbox 1417 746 1432 775; x_wconf 92' lang='lat'>‚</span> <span class='ocrx_word' id='word_1_24' title='bbox 1471 688 1742 787; x_wconf 80' lang='lat' dir='ltr'>&#39;religio</span> <span class='ocrx_word' id='word_1_25' title='bbox 1800 691 2000 764; x_wconf 90' lang='lat' dir='ltr'>unica</span> <span class='ocrx_word' id='word_1_26' title='bbox 2058 705 2124 762; x_wconf 91' lang='lat' dir='ltr'>et</span> <span class='ocrx_word' id='word_1_27' title='bbox 2172 689 2512 762; x_wconf 74' lang='lat' dir='ltr'>dominans</span> <span class='ocrx_word' id='word_1_28' title='bbox 2560 717 2640 762; x_wconf 85' lang='lat' dir='ltr'>ex</span> 
     </span>
     <span class='ocr_line' id='line_1_4' title="bbox 427 802 1665 900; baseline 0 -25"><span class='ocrx_word' id='word_1_29' title='bbox 427 805 571 900; x_wconf 88' lang='lat' dir='ltr'>lege</span> <span class='ocrx_word' id='word_1_30' title='bbox 618 804 977 877; x_wconf 86' lang='lat' dir='ltr'>constituta</span> <span class='ocrx_word' id='word_1_31' title='bbox 1026 829 1105 876; x_wconf 87' lang='lat' dir='ltr'>ac</span> <span class='ocrx_word' id='word_1_32' title='bbox 1154 802 1491 876; x_wconf 88' lang='lat' dir='ltr'>declarata</span> <span class='ocrx_word' id='word_1_33' title='bbox 1540 820 1665 877; x_wconf 86' lang='lat' dir='ltr'>est.</span> 
     </span>
    </p>

    <p class='ocr_par' dir='ltr' id='par_1_2' title="bbox 423 918 2646 2510">
     <span class='ocr_line' id='line_1_5' title="bbox 569 918 2643 1018; baseline 0 -26"><span class='ocrx_word' id='word_1_34' title='bbox 569 919 759 992; x_wconf 89' lang='lat' dir='ltr'>Certe</span> <span class='ocrx_word' id='word_1_35' title='bbox 808 918 1121 1018; x_wconf 82' lang='lat' dir='ltr'><strong>nuspiam</strong></span> <span class='ocrx_word' id='word_1_36' title='bbox 1165 936 1363 992; x_wconf 89' lang='lat' dir='ltr'>antea</span> <span class='ocrx_word' id='word_1_37' title='bbox 1399 920 1787 994; x_wconf 86' lang='lat' dir='ltr'>societatem</span> <span class='ocrx_word' id='word_1_38' title='bbox 1835 920 2132 993; x_wconf 79' lang='lat' dir='ltr'>vidimus</span> <span class='ocrx_word' id='word_1_39' title='bbox 2185 920 2353 993; x_wconf 90' lang='lat' dir='ltr'>adeo</span> <span class='ocrx_word' id='word_1_40' title='bbox 2402 936 2643 993; x_wconf 88' lang='lat' dir='ltr'>nutan-</span> 
     </span>
     <span class='ocr_line' id='line_1_6' title="bbox 428 1032 2641 1133; baseline -0.001 -26"><span class='ocrx_word' id='word_1_41' title='bbox 428 1051 593 1116; x_wconf 86' lang='lat' dir='ltr'>tem,</span> <span class='ocrx_word' id='word_1_42' title='bbox 650 1049 725 1106; x_wconf 88' lang='lat' dir='ltr'>ut</span> <span class='ocrx_word' id='word_1_43' title='bbox 774 1049 991 1106; x_wconf 83' lang='lat' dir='ltr'>aetate</span> <span class='ocrx_word' id='word_1_44' title='bbox 1040 1032 1170 1105; x_wconf 90' lang='lat' dir='ltr'>hac</span> <span class='ocrx_word' id='word_1_45' title='bbox 1219 1050 1486 1121; x_wconf 88' lang='lat' dir='ltr'>nostra,</span> <span class='ocrx_word' id='word_1_46' title='bbox 1530 1061 1607 1108; x_wconf 83' lang='lat' dir='ltr'>ex</span> <span class='ocrx_word' id='word_1_47' title='bbox 1648 1060 1783 1133; x_wconf 92' lang='lat' dir='ltr'>quo</span> <span class='ocrx_word' id='word_1_48' title='bbox 1819 1035 2135 1107; x_wconf 88' lang='lat' dir='ltr'>nimirum</span> <span class='ocrx_word' id='word_1_49' title='bbox 2188 1034 2641 1133; x_wconf 88' lang='lat' dir='ltr'>perniciosum</span> 
     </span>
     <span class='ocr_line' id='line_1_7' title="bbox 423 1149 2639 1251; baseline 0.001 -30"><span class='ocrx_word' id='word_1_50' title='bbox 423 1150 755 1223; x_wconf 89' lang='lat' dir='ltr'>eiusmodi</span> <span class='ocrx_word' id='word_1_51' title='bbox 806 1149 1210 1249; x_wconf 87' lang='lat' dir='ltr'>principium</span> <span class='ocrx_word' id='word_1_52' title='bbox 1261 1150 1569 1249; x_wconf 83' lang='lat' dir='ltr'>irrepsit,</span> <span class='ocrx_word' id='word_1_53' title='bbox 1618 1151 2112 1251; x_wconf 86' lang='lat' dir='ltr'>impiorumque</span> <span class='ocrx_word' id='word_1_54' title='bbox 2161 1176 2239 1223; x_wconf 91' lang='lat' dir='ltr'>ac</span> <span class='ocrx_word' id='word_1_55' title='bbox 2290 1175 2639 1249; x_wconf 82' lang='lat' dir='ltr'>perverso—</span> 
     </span>
     <span class='ocr_line' id='line_1_8' title="bbox 427 1263 2640 1364; baseline 0 -28"><span class='ocrx_word' id='word_1_56' title='bbox 427 1291 571 1336; x_wconf 87' lang='lat' dir='ltr'>rum</span> <span class='ocrx_word' id='word_1_57' title='bbox 626 1264 1047 1362; x_wconf 87' lang='lat' dir='ltr'>politicorum</span> <span class='ocrx_word' id='word_1_58' title='bbox 1111 1281 1371 1338; x_wconf 79' lang='lat' dir='ltr'>mentes</span> <span class='ocrx_word' id='word_1_59' title='bbox 1431 1265 1808 1364; x_wconf 84' lang='lat' dir='ltr'>occupavit.</span> <span class='ocrx_word' id='word_1_60' title='bbox 1868 1266 2248 1363; x_wconf 81' lang='lat' dir='ltr'>Numquam</span> <span class='ocrx_word' id='word_1_61' title='bbox 2297 1264 2466 1337; x_wconf 88' lang='lat' dir='ltr'>adeo</span> <span class='ocrx_word' id='word_1_62' title='bbox 2517 1263 2640 1337; x_wconf 79' lang='lat' dir='ltr'>sre-</span> 
     </span>
     <span class='ocr_line' id='line_1_9' title="bbox 426 1379 2643 1479; baseline 0 -27"><span class='ocrx_word' id='word_1_63' title='bbox 426 1396 708 1477; x_wconf 88' lang='lat' dir='ltr'>quentes</span> <span class='ocrx_word' id='word_1_64' title='bbox 753 1379 986 1451; x_wconf 84' lang='lat' dir='ltr'>civiles</span> <span class='ocrx_word' id='word_1_65' title='bbox 1023 1396 1245 1452; x_wconf 88' lang='lat' dir='ltr'>motus</span> <span class='ocrx_word' id='word_1_66' title='bbox 1280 1405 1359 1452; x_wconf 92' lang='lat' dir='ltr'>ac</span> <span class='ocrx_word' id='word_1_67' title='bbox 1396 1379 1894 1477; x_wconf 84' lang='lat' dir='ltr'>perduelliones</span> <span class='ocrx_word' id='word_1_68' title='bbox 1929 1381 2182 1479; x_wconf 78' lang='lat' dir='ltr'>experti</span> <span class='ocrx_word' id='word_1_69' title='bbox 2227 1405 2486 1453; x_wconf 90' lang='lat' dir='ltr'>sumus.</span> <span class='ocrx_word' id='word_1_70' title='bbox 2518 1379 2643 1453; x_wconf 85' lang='lat' dir='ltr'>Ve-</span> 
     </span>
     <span class='ocr_line' id='line_1_10' title="bbox 427 1494 2636 1596; baseline 0 -29"><span class='ocrx_word' id='word_1_71' title='bbox 427 1521 572 1567; x_wconf 86' lang='lat' dir='ltr'>rum</span> <span class='ocrx_word' id='word_1_72' title='bbox 622 1511 688 1566; x_wconf 88' lang='lat' dir='ltr'>et</span> <span class='ocrx_word' id='word_1_73' title='bbox 734 1495 845 1567; x_wconf 91' lang='lat' dir='ltr'>his</span> <span class='ocrx_word' id='word_1_74' title='bbox 898 1496 1214 1595; x_wconf 82' lang='lat' dir='ltr'>sepositis</span> <span class='ocrx_word' id='word_1_75' title='bbox 1247 1553 1264 1580; x_wconf 91' lang='lat'>,</span> <span class='ocrx_word' id='word_1_76' title='bbox 1321 1512 1627 1595; x_wconf 88' lang='lat' dir='ltr'>reputent</span> <span class='ocrx_word' id='word_1_77' title='bbox 1676 1495 1856 1596; x_wconf 89' lang='lat' dir='ltr'>apud</span> <span class='ocrx_word' id='word_1_78' title='bbox 1908 1522 1984 1568; x_wconf 90' lang='lat' dir='ltr'>se</span> <span class='ocrx_word' id='word_1_79' title='bbox 2034 1494 2582 1595; x_wconf 88' lang='lat' dir='ltr'>pseudo-politici</span> <span class='ocrx_word' id='word_1_80' title='bbox 2619 1552 2636 1581; x_wconf 89' lang='lat'>,</span> 
     </span>
     <span class='ocr_line' id='line_1_11' title="bbox 425 1610 2635 1710; baseline 0 -27"><span class='ocrx_word' id='word_1_81' title='bbox 425 1612 605 1710; x_wconf 90' lang='lat' dir='ltr'>quod</span> <span class='ocrx_word' id='word_1_82' title='bbox 639 1612 820 1685; x_wconf 88' lang='lat' dir='ltr'>Deus</span> <span class='ocrx_word' id='word_1_83' title='bbox 855 1611 1220 1710; x_wconf 88' lang='lat' dir='ltr'>aliquando</span> <span class='ocrx_word' id='word_1_84' title='bbox 1271 1610 1689 1685; x_wconf 83' lang='lat' dir='ltr'>iudicaturus</span> <span class='ocrx_word' id='word_1_85' title='bbox 1725 1613 1814 1685; x_wconf 90' lang='lat' dir='ltr'>sit</span> <span class='ocrx_word' id='word_1_86' title='bbox 1846 1613 2060 1685; x_wconf 79' lang='lat' dir='ltr'>civem</span> <span class='ocrx_word' id='word_1_87' title='bbox 2098 1638 2176 1685; x_wconf 92' lang='lat' dir='ltr'>ac</span> <span class='ocrx_word' id='word_1_88' title='bbox 2211 1611 2596 1708; x_wconf 80' lang='lat' dir='ltr'>religiosum</span> <span class='ocrx_word' id='word_1_89' title='bbox 2618 1668 2635 1694; x_wconf 83' lang='lat'>,</span> 
     </span>
     <span class='ocr_line' id='line_1_12' title="bbox 423 1726 2641 1827; baseline 0 -31"><span class='ocrx_word' id='word_1_90' title='bbox 423 1726 767 1826; x_wconf 83' lang='lat' dir='ltr'>principes</span> <span class='ocrx_word' id='word_1_91' title='bbox 793 1753 873 1800; x_wconf 88' lang='lat' dir='ltr'>ac</span> <span class='ocrx_word' id='word_1_92' title='bbox 902 1726 1209 1801; x_wconf 88' lang='lat' dir='ltr'>subditos</span> <span class='ocrx_word' id='word_1_93' title='bbox 1234 1785 1250 1814; x_wconf 89' lang='lat'>,</span> <span class='ocrx_word' id='word_1_94' title='bbox 1282 1727 1569 1827; x_wconf 88' lang='lat' dir='ltr'>populos</span> <span class='ocrx_word' id='word_1_95' title='bbox 1606 1753 1686 1801; x_wconf 91' lang='lat' dir='ltr'>ac</span> <span class='ocrx_word' id='word_1_96' title='bbox 1720 1726 2189 1824; x_wconf 88' lang='lat' dir='ltr'>legumlatores</span> <span class='ocrx_word' id='word_1_97' title='bbox 2209 1784 2225 1812; x_wconf 99' lang='lat'>,</span> <span class='ocrx_word' id='word_1_98' title='bbox 2259 1726 2375 1825; x_wconf 91' lang='lat' dir='ltr'>qui</span> <span class='ocrx_word' id='word_1_99' title='bbox 2403 1751 2641 1824; x_wconf 82' lang='lat' dir='ltr'>quam-</span> 
     </span>
     <span class='ocr_line' id='line_1_13' title="bbox 423 1839 2638 1940; baseline 0 -29"><span class='ocrx_word' id='word_1_100' title='bbox 423 1840 711 1939; x_wconf 87' lang='lat' dir='ltr'>primum</span> <span class='ocrx_word' id='word_1_101' title='bbox 766 1841 1089 1914; x_wconf 88' lang='lat' dir='ltr'>rationem</span> <span class='ocrx_word' id='word_1_102' title='bbox 1141 1840 1422 1913; x_wconf 89' lang='lat' dir='ltr'>reddent</span> <span class='ocrx_word' id='word_1_103' title='bbox 1467 1842 1563 1927; x_wconf 91' lang='lat' dir='ltr'>ei,</span> <span class='ocrx_word' id='word_1_104' title='bbox 1620 1842 1740 1940; x_wconf 89' lang='lat' dir='ltr'>qui</span> <span class='ocrx_word' id='word_1_105' title='bbox 1792 1841 2213 1914; x_wconf 88' lang='lat' dir='ltr'>iudicaturus</span> <span class='ocrx_word' id='word_1_106' title='bbox 2261 1857 2366 1913; x_wconf 89' lang='lat' dir='ltr'>est</span> <span class='ocrx_word' id='word_1_107' title='bbox 2412 1839 2638 1913; x_wconf 91' lang='lat' dir='ltr'>orbem</span> 
     </span>
     <span class='ocr_line' id='line_1_14' title="bbox 429 1955 2643 2054; baseline 0 -27"><span class='ocrx_word' id='word_1_108' title='bbox 429 1971 644 2027; x_wconf 86' lang='lat' dir='ltr'>terrae</span> <span class='ocrx_word' id='word_1_109' title='bbox 690 1956 760 2025; x_wconf 91' lang='lat' dir='ltr'>in</span> <span class='ocrx_word' id='word_1_110' title='bbox 813 1956 1171 2054; x_wconf 87' lang='lat' dir='ltr'>aequitate.</span> <span class='ocrx_word' id='word_1_111' title='bbox 1227 1956 1462 2028; x_wconf 88' lang='lat' dir='ltr'>Dicam</span> <span class='ocrx_word' id='word_1_112' title='bbox 1510 1973 1577 2028; x_wconf 90' lang='lat' dir='ltr'>et</span> <span class='ocrx_word' id='word_1_113' title='bbox 1624 1956 1817 2042; x_wconf 87' lang='lat' dir='ltr'>istis,</span> <span class='ocrx_word' id='word_1_114' title='bbox 1873 1956 2054 2054; x_wconf 90' lang='lat' dir='ltr'>quod</span> <span class='ocrx_word' id='word_1_115' title='bbox 2107 1955 2415 2054; x_wconf 82' lang='lat' dir='ltr'>quamvis</span> <span class='ocrx_word' id='word_1_116' title='bbox 2465 1983 2643 2028; x_wconf 88' lang='lat' dir='ltr'>nunc</span> 
     </span>
     <span class='ocr_line' id='line_1_15' title="bbox 429 2068 2646 2168; baseline 0.001 -31"><span class='ocrx_word' id='word_1_117' title='bbox 429 2068 531 2139; x_wconf 72' lang='lat' dir='ltr'>dii</span> <span class='ocrx_word' id='word_1_118' title='bbox 576 2068 749 2140; x_wconf 88' lang='lat' dir='ltr'>inter</span> <span class='ocrx_word' id='word_1_119' title='bbox 796 2068 1105 2142; x_wconf 86' lang='lat' dir='ltr'>homines</span> <span class='ocrx_word' id='word_1_120' title='bbox 1153 2068 1466 2141; x_wconf 88' lang='lat' dir='ltr'>dicantur</span> <span class='ocrx_word' id='word_1_121' title='bbox 1498 2069 1584 2141; x_wconf 90' lang='lat' dir='ltr'>ob</span> <span class='ocrx_word' id='word_1_122' title='bbox 1631 2070 2273 2168; x_wconf 82' lang='lat' dir='ltr'>supereminentiam</span> <span class='ocrx_word' id='word_1_123' title='bbox 2310 2095 2390 2142; x_wconf 93' lang='lat' dir='ltr'>ac</span> <span class='ocrx_word' id='word_1_124' title='bbox 2422 2069 2646 2167; x_wconf 88' lang='lat' dir='ltr'>digni-</span> 
     </span>
     <span class='ocr_line' id='line_1_16' title="bbox 431 2181 2644 2282; baseline 0.002 -31"><span class='ocrx_word' id='word_1_125' title='bbox 431 2196 632 2251; x_wconf 88' lang='lat' dir='ltr'>tatem</span> <span class='ocrx_word' id='word_1_126' title='bbox 683 2206 819 2279; x_wconf 90' lang='lat' dir='ltr'>qua</span> <span class='ocrx_word' id='word_1_127' title='bbox 869 2181 1159 2279; x_wconf 83' lang='lat' dir='ltr'>pollent,</span> <span class='ocrx_word' id='word_1_128' title='bbox 1218 2199 1284 2254; x_wconf 88' lang='lat' dir='ltr'>et</span> <span class='ocrx_word' id='word_1_129' title='bbox 1334 2182 1767 2279; x_wconf 82' lang='lat' dir='ltr'>magistratus</span> <span class='ocrx_word' id='word_1_130' title='bbox 1819 2209 1990 2282; x_wconf 89' lang='lat' dir='ltr'>quos</span> <span class='ocrx_word' id='word_1_131' title='bbox 2042 2200 2382 2256; x_wconf 73' lang='lat' dir='ltr'>exercent:</span> <span class='ocrx_word' id='word_1_132' title='bbox 2448 2213 2482 2252; x_wconf 78' lang='grc' dir='ltr'><strong>α</strong></span> <span class='ocrx_word' id='word_1_133' title='bbox 2522 2184 2644 2255; x_wconf 87' lang='lat' dir='ltr'>Ve-</span> 
     </span>
     <span class='ocr_line' id='line_1_17' title="bbox 430 2296 2638 2397; baseline 0.001 -32"><span class='ocrx_word' id='word_1_134' title='bbox 430 2310 802 2368; x_wconf 91' lang='lat' dir='ltr'>rumtamen</span> <span class='ocrx_word' id='word_1_135' title='bbox 847 2321 967 2368; x_wconf 83' lang='lat' dir='ltr'>vos</span> <span class='ocrx_word' id='word_1_136' title='bbox 1017 2322 1251 2369; x_wconf 88' lang='lat' dir='ltr'>omnes</span> <span class='ocrx_word' id='word_1_137' title='bbox 1303 2296 1480 2369; x_wconf 83' lang='lat' dir='ltr'>sicut</span> <span class='ocrx_word' id='word_1_138' title='bbox 1530 2297 1839 2372; x_wconf 90' lang='lat' dir='ltr'>homines</span> <span class='ocrx_word' id='word_1_139' title='bbox 1888 2298 2303 2384; x_wconf 89' lang='lat' dir='ltr'>moriemini,</span> <span class='ocrx_word' id='word_1_140' title='bbox 2344 2314 2413 2371; x_wconf 84' lang='lat' dir='ltr'>et</span> <span class='ocrx_word' id='word_1_141' title='bbox 2442 2299 2638 2397; x_wconf 82' lang='lat' dir='ltr'>quasi</span> 
     </span>
     <span class='ocr_line' id='line_1_18' title="bbox 430 2409 1731 2510; baseline 0 -30"><span class='ocrx_word' id='word_1_142' title='bbox 430 2435 605 2482; x_wconf 88' lang='lat' dir='ltr'>unus</span> <span class='ocrx_word' id='word_1_143' title='bbox 654 2409 739 2482; x_wconf 89' lang='lat' dir='ltr'>de</span> <span class='ocrx_word' id='word_1_144' title='bbox 789 2410 1206 2510; x_wconf 87' lang='lat' dir='ltr'>principibus</span> <span class='ocrx_word' id='word_1_145' title='bbox 1257 2409 1514 2484; x_wconf 87' lang='lat' dir='ltr'>cadetis</span> <span class='ocrx_word' id='word_1_146' title='bbox 1551 2416 1731 2507; x_wconf 82' lang='grc'>(6).»</span> 
     </span>
    </p>
   </div>
   <div class='ocr_carea' id='block_1_2' title="bbox 1247 2607 1777 2664">
    <p class='ocr_par' dir='ltr' id='par_1_3' title="bbox 1247 2607 1777 2664">
     <span class='ocr_line' id='line_1_19' title="bbox 1247 2607 1777 2664; baseline -0.002 -2"><span class='ocrx_word' id='word_1_147' title='bbox 1247 2607 1664 2664; x_wconf 83' lang='lat' dir='ltr'>ARTlCULUS</span> <span class='ocrx_word' id='word_1_148' title='bbox 1705 2609 1777 2663; x_wconf 86' lang='grc' dir='ltr'>ΙΙ.</span> 
     </span>
    </p>
   </div>
   <div class='ocr_carea' id='block_1_3' title="bbox 469 2753 2584 3010">
    <p class='ocr_par' dir='ltr' id='par_1_4' title="bbox 469 2753 2584 3010">
     <span class='ocr_line' id='line_1_20' title="bbox 469 2753 2584 2833; baseline 0.001 -21"><span class='ocrx_word' id='word_1_149' title='bbox 469 2753 767 2829; x_wconf 78' lang='lat' dir='ltr'>Quotquot</span> <span class='ocrx_word' id='word_1_150' title='bbox 804 2753 1114 2815; x_wconf 78' lang='lat' dir='ltr'>deliberate</span> <span class='ocrx_word' id='word_1_151' title='bbox 1153 2771 1224 2815; x_wconf 81' lang='lat' dir='ltr'>ac</span> <span class='ocrx_word' id='word_1_152' title='bbox 1264 2757 1511 2831; x_wconf 77' lang='lat' dir='ltr'>positive</span> <span class='ocrx_word' id='word_1_153' title='bbox 1549 2755 1624 2815; x_wconf 83' lang='lat' dir='ltr'>ad</span> <span class='ocrx_word' id='word_1_154' title='bbox 1665 2756 1850 2833; x_wconf 77' lang='lat' dir='ltr'>legem</span> <span class='ocrx_word' id='word_1_155' title='bbox 1891 2755 1964 2815; x_wconf 89' lang='lat' dir='ltr'>de</span> <span class='ocrx_word' id='word_1_156' title='bbox 2004 2756 2381 2817; x_wconf 77' lang='lat' dir='ltr'>Matrimonio</span> <span class='ocrx_word' id='word_1_157' title='bbox 2420 2757 2584 2816; x_wconf 72' lang='lat' dir='ltr'>civili</span> 
     </span>
     <span class='ocr_line' id='line_1_21' title="bbox 652 2851 2417 2930; baseline 0.002 -21"><span class='ocrx_word' id='word_1_158' title='bbox 652 2851 947 2911; x_wconf 82' lang='lat' dir='ltr'>ferendam</span> <span class='ocrx_word' id='word_1_159' title='bbox 988 2859 1375 2930; x_wconf 87' lang='lat' dir='ltr'>concurrunt,</span> <span class='ocrx_word' id='word_1_160' title='bbox 1418 2869 1546 2912; x_wconf 85' lang='lat' dir='ltr'>reos</span> <span class='ocrx_word' id='word_1_161' title='bbox 1584 2870 1785 2914; x_wconf 85' lang='lat' dir='ltr'>coram</span> <span class='ocrx_word' id='word_1_162' title='bbox 1824 2853 1945 2913; x_wconf 88' lang='lat' dir='ltr'>Deo</span> <span class='ocrx_word' id='word_1_163' title='bbox 1986 2871 2050 2914; x_wconf 84' lang='lat' dir='ltr'>se</span> <span class='ocrx_word' id='word_1_164' title='bbox 2089 2856 2417 2930; x_wconf 78' lang='lat' dir='ltr'>gravissimi</span> 
     </span>
     <span class='ocr_line' id='line_1_22' title="bbox 1177 2953 1864 3010; baseline 0 -2"><span class='ocrx_word' id='word_1_165' title='bbox 1177 2953 1438 3009; x_wconf 75' lang='lat' dir='ltr'>criminis</span> <span class='ocrx_word' id='word_1_166' title='bbox 1480 2953 1864 3010; x_wconf 85' lang='lat' dir='ltr'>constituunt.</span> 
     </span>
    </p>
   </div>
   <div class='ocr_carea' id='block_1_4' title="bbox 425 3102 2644 4353">
    <p class='ocr_par' dir='ltr' id='par_1_5' title="bbox 425 3102 2644 4353">
     <span class='ocr_line' id='line_1_23' title="bbox 572 3102 2644 3205; baseline 0.004 -33"><span class='ocrx_word' id='word_1_167' title='bbox 572 3102 911 3199; x_wconf 87' lang='lat' dir='ltr'>Complexi</span> <span class='ocrx_word' id='word_1_168' title='bbox 956 3104 1065 3174; x_wconf 89' lang='lat' dir='ltr'>his</span> <span class='ocrx_word' id='word_1_169' title='bbox 1103 3106 1327 3178; x_wconf 80' lang='lat' dir='ltr'>verbis</span> <span class='ocrx_word' id='word_1_170' title='bbox 1372 3131 1609 3179; x_wconf 90' lang='lat' dir='ltr'>sumus</span> <span class='ocrx_word' id='word_1_171' title='bbox 1659 3132 1777 3179; x_wconf 89' lang='lat' dir='ltr'>eos</span> <span class='ocrx_word' id='word_1_172' title='bbox 1828 3131 2085 3192; x_wconf 90' lang='lat' dir='ltr'>omnes,</span> <span class='ocrx_word' id='word_1_173' title='bbox 2128 3107 2242 3205; x_wconf 90' lang='lat' dir='ltr'>qui</span> <span class='ocrx_word' id='word_1_174' title='bbox 2282 3107 2644 3204; x_wconf 80' lang='lat' dir='ltr'>prudentes</span> 
     </span>
     <span class='ocr_line' id='line_1_24' title="bbox 428 3216 2644 3315; baseline 0.002 -28"><span class='ocrx_word' id='word_1_175' title='bbox 428 3216 851 3315; x_wconf 81' lang='lat' dir='ltr'>scientesque</span> <span class='ocrx_word' id='word_1_176' title='bbox 913 3241 1186 3315; x_wconf 90' lang='lat' dir='ltr'>operam</span> <span class='ocrx_word' id='word_1_177' title='bbox 1251 3236 1508 3314; x_wconf 90' lang='lat' dir='ltr'>ponunt</span> <span class='ocrx_word' id='word_1_178' title='bbox 1559 3221 1646 3291; x_wconf 90' lang='lat' dir='ltr'>ad</span> <span class='ocrx_word' id='word_1_179' title='bbox 1696 3219 2124 3292; x_wconf 81' lang='lat' dir='ltr'>efficiendum</span> <span class='ocrx_word' id='word_1_180' title='bbox 2153 3278 2167 3306; x_wconf 92' lang='lat'>‚</span> <span class='ocrx_word' id='word_1_181' title='bbox 2225 3237 2299 3293; x_wconf 90' lang='lat' dir='ltr'>ut</span> <span class='ocrx_word' id='word_1_182' title='bbox 2348 3220 2451 3294; x_wconf 87' lang='lat' dir='ltr'>lex</span> <span class='ocrx_word' id='word_1_183' title='bbox 2486 3277 2502 3306; x_wconf 93' lang='lat'>,</span> <span class='ocrx_word' id='word_1_184' title='bbox 2559 3220 2644 3291; x_wconf 86' lang='lat' dir='ltr'>de</span> 
     </span>
     <span class='ocr_line' id='line_1_25' title="bbox 427 3329 2643 3433; baseline 0.001 -32"><span class='ocrx_word' id='word_1_185' title='bbox 427 3355 563 3428; x_wconf 90' lang='lat' dir='ltr'>qua</span> <span class='ocrx_word' id='word_1_186' title='bbox 616 3329 955 3428; x_wconf 89' lang='lat' dir='ltr'>loquimur</span> <span class='ocrx_word' id='word_1_187' title='bbox 980 3388 995 3416; x_wconf 90' lang='lat'>,</span> <span class='ocrx_word' id='word_1_188' title='bbox 1054 3346 1495 3428; x_wconf 84' lang='lat' dir='ltr'>proponatur,</span> <span class='ocrx_word' id='word_1_189' title='bbox 1554 3331 1889 3416; x_wconf 80' lang='lat' dir='ltr'>foveatur,</span> <span class='ocrx_word' id='word_1_190' title='bbox 1948 3332 2328 3419; x_wconf 83' lang='lat' dir='ltr'>sanciatur,</span> <span class='ocrx_word' id='word_1_191' title='bbox 2371 3333 2643 3433; x_wconf 90' lang='lat' dir='ltr'>potissi-</span> 
     </span>
     <span class='ocr_line' id='line_1_26' title="bbox 428 3444 2641 3544; baseline 0.002 -30"><span class='ocrx_word' id='word_1_192' title='bbox 428 3470 611 3515; x_wconf 89' lang='lat' dir='ltr'>mum</span> <span class='ocrx_word' id='word_1_193' title='bbox 639 3444 753 3516; x_wconf 90' lang='lat' dir='ltr'>ubi</span> <span class='ocrx_word' id='word_1_194' title='bbox 784 3445 1215 3518; x_wconf 86' lang='lat' dir='ltr'>tridentinum</span> <span class='ocrx_word' id='word_1_195' title='bbox 1241 3445 1583 3517; x_wconf 86' lang='lat' dir='ltr'>decretum</span> <span class='ocrx_word' id='word_1_196' title='bbox 1612 3445 2025 3544; x_wconf 87' lang='lat' dir='ltr'>publicatum</span> <span class='ocrx_word' id='word_1_197' title='bbox 2055 3463 2180 3520; x_wconf 88' lang='lat' dir='ltr'>est.</span> <span class='ocrx_word' id='word_1_198' title='bbox 2209 3448 2641 3520; x_wconf 89' lang='lat' dir='ltr'>Potissimum</span> 
     </span>
     <span class='ocr_line' id='line_1_27' title="bbox 432 3559 2642 3659; baseline 0.003 -30"><span class='ocrx_word' id='word_1_199' title='bbox 432 3559 747 3657; x_wconf 85' lang='lat' dir='ltr'>inquam;</span> <span class='ocrx_word' id='word_1_200' title='bbox 800 3587 954 3632; x_wconf 91' lang='lat' dir='ltr'>nam</span> <span class='ocrx_word' id='word_1_201' title='bbox 991 3561 1062 3633; x_wconf 92' lang='lat' dir='ltr'>in</span> <span class='ocrx_word' id='word_1_202' title='bbox 1106 3559 1263 3633; x_wconf 87' lang='lat' dir='ltr'>aliis</span> <span class='ocrx_word' id='word_1_203' title='bbox 1313 3561 1513 3634; x_wconf 88' lang='lat' dir='ltr'>etiam</span> <span class='ocrx_word' id='word_1_204' title='bbox 1557 3562 1945 3659; x_wconf 78' lang='lat' dir='ltr'>regionibus</span> <span class='ocrx_word' id='word_1_205' title='bbox 1973 3619 1989 3649; x_wconf 92' lang='lat'>,</span> <span class='ocrx_word' id='word_1_206' title='bbox 2031 3562 2186 3635; x_wconf 89' lang='lat' dir='ltr'>licet</span> <span class='ocrx_word' id='word_1_207' title='bbox 2217 3565 2642 3637; x_wconf 88' lang='lat' dir='ltr'>matrimonia</span> 
     </span>
     <span class='ocr_line' id='line_1_28' title="bbox 425 3674 2641 3763; baseline 0.004 -19"><span class='ocrx_word' id='word_1_208' title='bbox 425 3699 608 3746; x_wconf 89' lang='lat' dir='ltr'>mere</span> <span class='ocrx_word' id='word_1_209' title='bbox 656 3674 879 3748; x_wconf 84' lang='lat' dir='ltr'>civilia</span> <span class='ocrx_word' id='word_1_210' title='bbox 931 3676 1066 3749; x_wconf 87' lang='lat' dir='ltr'>sint</span> <span class='ocrx_word' id='word_1_211' title='bbox 1112 3676 1379 3763; x_wconf 79' lang='lat' dir='ltr'>valida,</span> <span class='ocrx_word' id='word_1_212' title='bbox 1433 3676 1538 3749; x_wconf 85' lang='lat' dir='ltr'>lex</span> <span class='ocrx_word' id='word_1_213' title='bbox 1573 3694 1795 3751; x_wconf 88' lang='lat' dir='ltr'>tamen</span> <span class='ocrx_word' id='word_1_214' title='bbox 1848 3677 2066 3751; x_wconf 78' lang='lat' dir='ltr'>civilis</span> <span class='ocrx_word' id='word_1_215' title='bbox 2100 3678 2186 3750; x_wconf 90' lang='lat' dir='ltr'>ad</span> <span class='ocrx_word' id='word_1_216' title='bbox 2222 3705 2303 3752; x_wconf 89' lang='lat' dir='ltr'>ea</span> <span class='ocrx_word' id='word_1_217' title='bbox 2335 3678 2641 3752; x_wconf 77' lang='lat' dir='ltr'>alliciens</span> 
     </span>
     <span class='ocr_line' id='line_1_29' title="bbox 430 3792 2644 3892; baseline 0.003 -30"><span class='ocrx_word' id='word_1_218' title='bbox 430 3815 698 3890; x_wconf 88' lang='lat' dir='ltr'>semper</span> <span class='ocrx_word' id='word_1_219' title='bbox 745 3807 926 3865; x_wconf 83' lang='lat' dir='ltr'>esset</span> <span class='ocrx_word' id='word_1_220' title='bbox 973 3793 1305 3866; x_wconf 89' lang='lat' dir='ltr'>contraria</span> <span class='ocrx_word' id='word_1_221' title='bbox 1358 3792 1621 3890; x_wconf 86' lang='lat' dir='ltr'>legibus</span> <span class='ocrx_word' id='word_1_222' title='bbox 1662 3793 1985 3867; x_wconf 90' lang='lat' dir='ltr'>ecclesiae</span> <span class='ocrx_word' id='word_1_223' title='bbox 2010 3852 2026 3880; x_wconf 94' lang='lat'>,</span> <span class='ocrx_word' id='word_1_224' title='bbox 2067 3793 2195 3867; x_wconf 90' lang='lat' dir='ltr'>hoc</span> <span class='ocrx_word' id='word_1_225' title='bbox 2229 3810 2333 3867; x_wconf 89' lang='lat' dir='ltr'>est</span> <span class='ocrx_word' id='word_1_226' title='bbox 2366 3794 2644 3892; x_wconf 83' lang='lat' dir='ltr'>antiquo</span> 
     </span>
     <span class='ocr_line' id='line_1_30' title="bbox 434 3906 2644 4006; baseline 0.002 -29"><span class='ocrx_word' id='word_1_227' title='bbox 434 3906 560 3978; x_wconf 88' lang='lat' dir='ltr'>iuri</span> <span class='ocrx_word' id='word_1_228' title='bbox 595 3963 610 3991; x_wconf 95' lang='lat'>,</span> <span class='ocrx_word' id='word_1_229' title='bbox 656 3906 834 4005; x_wconf 90' lang='lat' dir='ltr'>quod</span> <span class='ocrx_word' id='word_1_230' title='bbox 876 3906 1035 3979; x_wconf 88' lang='lat' dir='ltr'>talia</span> <span class='ocrx_word' id='word_1_231' title='bbox 1067 3909 1492 3982; x_wconf 89' lang='lat' dir='ltr'>matrimonia</span> <span class='ocrx_word' id='word_1_232' title='bbox 1541 3911 1666 3983; x_wconf 88' lang='lat' dir='ltr'>etsi</span> <span class='ocrx_word' id='word_1_233' title='bbox 1720 3936 1852 3982; x_wconf 89' lang='lat' dir='ltr'>non</span> <span class='ocrx_word' id='word_1_234' title='bbox 1906 3909 2169 3996; x_wconf 89' lang='lat' dir='ltr'>irritat,</span> <span class='ocrx_word' id='word_1_235' title='bbox 2227 3926 2445 3982; x_wconf 87' lang='lat' dir='ltr'>tamen</span> <span class='ocrx_word' id='word_1_236' title='bbox 2498 3935 2644 4006; x_wconf 90' lang='lat' dir='ltr'>gra-</span> 
     </span>
     <span class='ocr_line' id='line_1_31' title="bbox 428 4022 2642 4125; baseline 0.002 -32"><span class='ocrx_word' id='word_1_237' title='bbox 428 4022 708 4095; x_wconf 75' lang='lat' dir='ltr'>vissime</span> <span class='ocrx_word' id='word_1_238' title='bbox 760 4023 1093 4121; x_wconf 87' lang='lat' dir='ltr'>prohibet.</span> <span class='ocrx_word' id='word_1_239' title='bbox 1148 4026 1371 4098; x_wconf 84' lang='lat' dir='ltr'>Potest</span> <span class='ocrx_word' id='word_1_240' title='bbox 1431 4040 1652 4098; x_wconf 90' lang='lat' dir='ltr'>autem</span> <span class='ocrx_word' id='word_1_241' title='bbox 1707 4026 2048 4125; x_wconf 90' lang='lat' dir='ltr'>quispiam</span> <span class='ocrx_word' id='word_1_242' title='bbox 2100 4025 2439 4124; x_wconf 89' lang='lat' dir='ltr'>particeps</span> <span class='ocrx_word' id='word_1_243' title='bbox 2489 4051 2642 4098; x_wconf 87' lang='lat' dir='ltr'>esse</span> 
     </span>
     <span class='ocr_line' id='line_1_32' title="bbox 426 4136 2637 4241; baseline 0.002 -33"><span class='ocrx_word' id='word_1_244' title='bbox 426 4136 797 4211; x_wconf 79' lang='lat' dir='ltr'>voluntarie</span> <span class='ocrx_word' id='word_1_245' title='bbox 849 4137 1132 4212; x_wconf 90' lang='lat' dir='ltr'>consilio</span> <span class='ocrx_word' id='word_1_246' title='bbox 1157 4156 1227 4213; x_wconf 84' lang='lat' dir='ltr'>et</span> <span class='ocrx_word' id='word_1_247' title='bbox 1250 4139 1714 4215; x_wconf 81' lang='lat' dir='ltr'>adhortatione</span> <span class='ocrx_word' id='word_1_248' title='bbox 1739 4198 1755 4228; x_wconf 91' lang='lat'>,</span> <span class='ocrx_word' id='word_1_249' title='bbox 1799 4142 1866 4213; x_wconf 89' lang='lat' dir='ltr'>in</span> <span class='ocrx_word' id='word_1_250' title='bbox 1904 4140 2194 4240; x_wconf 89' lang='lat' dir='ltr'>publicis</span> <span class='ocrx_word' id='word_1_251' title='bbox 2247 4142 2637 4241; x_wconf 89' lang='lat' dir='ltr'>praesertim</span> 
     </span>
     <span class='ocr_line' id='line_1_33' title="bbox 428 4253 2644 4353; baseline 0.002 -30"><span class='ocrx_word' id='word_1_252' title='bbox 428 4253 717 4327; x_wconf 83' lang='lat' dir='ltr'>comitiis</span> <span class='ocrx_word' id='word_1_253' title='bbox 754 4279 874 4328; x_wconf 87' lang='lat' dir='ltr'>seu</span> <span class='ocrx_word' id='word_1_254' title='bbox 909 4254 1380 4338; x_wconf 83' lang='lat' dir='ltr'>conventibus,</span> <span class='ocrx_word' id='word_1_255' title='bbox 1424 4256 1635 4330; x_wconf 89' lang='lat' dir='ltr'>multo</span> <span class='ocrx_word' id='word_1_256' title='bbox 1666 4283 1826 4330; x_wconf 78' lang='lat' dir='ltr'>vero</span> <span class='ocrx_word' id='word_1_257' title='bbox 1860 4257 2078 4353; x_wconf 89' lang='lat' dir='ltr'>magis</span> <span class='ocrx_word' id='word_1_258' title='bbox 2130 4258 2408 4331; x_wconf 88' lang='lat' dir='ltr'>solemni</span> <span class='ocrx_word' id='word_1_259' title='bbox 2464 4257 2644 4352; x_wconf 83' lang='lat' dir='ltr'>lega-</span> 
     </span>
    </p>
   </div>
   <div class='ocr_carea' id='block_1_5' title="bbox 575 4406 940 4468">
    <p class='ocr_par' dir='ltr' id='par_1_6' title="bbox 575 4406 940 4468">
     <span class='ocr_line' id='line_1_34' title="bbox 575 4406 940 4468; baseline 0.003 -12"><span class='ocrx_word' id='word_1_260' title='bbox 575 4406 643 4466; x_wconf 79' lang='lat'>(6)</span> <span class='ocrx_word' id='word_1_261' title='bbox 672 4409 745 4456; x_wconf 65' lang='grc' dir='ltr'>ΡΒ.</span> <span class='ocrx_word' id='word_1_262' title='bbox 774 4414 873 4468; x_wconf 63' lang='lat' dir='ltr'>st„</span> <span class='ocrx_word' id='word_1_263' title='bbox 893 4412 940 4457; x_wconf 91' lang='grc'>7.</span> 
     </span>
    </p>
   </div>
  </div>
 </body>
</html>
