3276 5083
599 441 740 490 mr.
769 441 833 488 v.
869 439 951 489 ns
986 439 1223 491 umsr.
1258 441 1568 493 commu.
1604 445 1745 493 Anr.
1781 445 1875 494 ιιι.
1909 445 2144 497 aucun.
2179 447 2407 496 razon.
2518 425 2654 494 165

422 557 765 658 parocho,
822 559 937 657 qui
992 558 1214 631 adhuc
1264 559 1588 634 diaconus
1623 561 1786 648 'est3
1843 589 1921 634 ex
1973 563 2420 663 dispositione
2483 567 2662 637 enim

429 673 793 759 canonica,
848 671 1176 745 diaconus
1228 689 1443 774 potest
1478 701 1598 774 per
1636 702 1889 747 annum
1925 677 2396 750 administrare
2431 682 2664 777 paroe'-

427 789 608 861 ciam
658 803 1014 888 antequam
1064 789 1151 861 ad
1205 791 1652 864 sacerdotium
1706 793 2076 889 perveniat.
2138 792 2314 879 Quo'
2347 795 2664 892 temporis

434 901 822 988 intervallo,
868 903 1005 975 'etsi
1056 920 1331 1001 excepto
1382 903 1784 1004 baptismate
1832 924 1899 977 et
1946 905 2395 979 eucharistiae
2444 906 2665 978 distri-

428 1016 704 1090 butione
729 1073 746 1102 ,
787 1033 1204 1090 sacramenta
1255 1017 1515 1116 reliqua
1564 1019 1894 1091 conficere
1944 1037 2272 1118 nequeat,
2315 1024 2540 1119 potest'
2567 1037 2666 1093 ta-

428 1157 582 1204 men
631 1130 956 1204 assistere
994 1132 1437 1205 matrimoniis
1460 1191 1476 1220 ,
1517 1134 1732 1232 eaqu'e
1766 1134 2193 1231 coniungere.
2229 1136 2433 1209 Porro
2470 1139 2668 1208 n'emo

422 1273 755 1346 umquam
782 1245 1115 1321 dubitavit
1147 1246 1316 1320 haec
1350 1248 1664 1345 coniugia
1683 1306 1698 1334 ,
1741 1249 1991 1347 quibus
2027 1250 2353 1322 diaconus
2380 1251 2660 1338 assistit,

427 1386 594 1434 vera
652 1386 806 1434 esse
869 1378 1325 1448 sacramenta,
1385 1361 1692 1462 alioquin
1750 1362 2221 1435 detrimentum
2286 1379 2669 1462 paterentur

430 1475 672 1550 fideles
712 1477 1039 1574 coniuges
1081 1476 1296 1572 gratia
1338 1475 1804 1550 sacramentali
1841 1477 2165 1563 destituti,
2196 1479 2363 1578 quin
2398 1505 2479 1551 ex
2514 1505 2667 1578 pro-

435 1592 583 1691 pria
629 1591 971 1666 voluntate
1020 1591 1393 1690 quidquam
1445 1593 1900 1690 peccaverint,
1955 1593 2023 1663 in
2076 1609 2524 1691 perpetuum;
2584 1619 2668 1666 ne

426 1705 635 1802 igitur
691 1703 823 1778 hoc
882 1720 1224 1778 asseratur
1248 1762 1264 1791 ,
1322 1704 1664 1778 fatendum
1715 1722 1819 1778 est
1862 1705 1954 1777 ad
2004 1707 2366 1779 essentiam
2436 1733 2662 1780 sacra-

428 1820 642 1893 menti
679 1818 962 1892 minime
995 1836 1298 1919 spectare
1331 1818 1810 1893 sacerdotalem
1846 1819 2423 1907 henedictionem;
2466 1837 2668 1919 atque

438 1933 695 2008 idcirco
741 1960 879 2007 non
934 1934 1347 2009 sacerdotem
1370 1994 1386 2021 ‚
1429 1935 1550 2007 sed
1585 1934 2056 2009 contrahentes
2091 1961 2245 2008 vere
2278 1962 2431 2008 esse
2464 1935 2668 2008 huius

434 2047 842 2122 sacramenti
894 2048 1349 2122 administros.
1386 2048 1535 2134 Qua
1569 2065 1791 2121 autem
1837 2048 2088 2121 ratione
2123 2049 2347 2121 Canus
2383 2049 2669 2146 eiusque

438 2160 739 2235 asseclae
771 2177 1019 2262 queant
1046 2187 1120 2234 se
1145 2161 1231 2233 ab
1269 2160 1470 2234 huius
1507 2162 1878 2258 argumenti
1919 2161 2213 2259 pondere
2246 2160 2660 2247 subtrahere,

444 2274 652 2373 plane
699 2301 826 2349 non
873 2277 1094 2350 video.

583 2391 728 2464 Non
790 2391 1016 2464 minus
1079 2391 1318 2464 efficax
1364 2407 1468 2464 est
1532 2406 1997 2488 argumentum
2030 2447 2046 2475 ,
2122 2390 2304 2488 quod
2374 2389 2460 2461 ad
2529 2414 2664 2461 rem

430 2522 732 2581 nostram
782 2532 866 2581 ex
915 2506 1098 2580 sedis
1158 2506 1567 2606 apostolicae
1625 2506 1819 2580 factis
1887 2504 2236 2604 dictisque
2289 2518 2660 2603 promanat.

434 2619 794 2695 Enimvero
817 2678 833 2707 ,
864 2645 1017 2693 cum
1053 2621 1330 2719 saepius
1366 2637 1668 2719 permota
1701 2619 1900 2692 suerit
1932 2619 2382 2693 controversia
2408 2618 2494 2690 de
2519 2644 2671 2692 con-

428 2735 640 2833 iugiis
675 2735 905 2808 mixtis
937 2735 1025 2810 ob
1060 2735 1441 2833 principum
1492 2735 2015 2808 acatholicorum
2063 2733 2670 2831 vexationes,·plu-

437 2877 546 2924 res
598 2850 955 2949 pontifices
1004 2850 1428 2924 indulserunt
1479 2851 1547 2921 in
1599 2849 1954 2926 nonnullis,
1983 2849 2408 2947 regionibuS,
2451 2866 2524 2922 ut
2555 2875 2665 2922 ce-

438 2962 858 3038 lebrarentur
881 2964 1213 3038 eiusmodi
1244 2965 1519 3062 nuptiae
1545 2964 1719 3037 inter
1741 2963 2108 3037 'catholicos
2135 2979 2201 3035 et
2226 2961 2662 3036 acatholicos.

440 3076 873 3151 lndulserunt
917 3090 1140 3151 tamen
1182 3103 1263 3150 ea
1312 3076 1491 3174 lege,
1547 3091 1621 3149 ut
1671 3094 2020 3151 serventur
2067 3076 2486 3150 conditiones
2521 3102 2562 3147 a
2597 3101 2672 3148 se

440 3192 877 3278 constitutae,
921 3207 988 3265 et
1033 3191 1307 3291 quidem
1358 3192 1758 3289 interposita
1808 3191 2244 3265 iurisiurandi
2297 3190 2664 3286 religione3

440 3307 625 3407 quod
670 3307 731 3381 si
773 3306 991 3380 facere
1037 3307 1516 3395 detrectarent,
1576 3307 2073 3381 matrimonium
2126 3305 2398 3403 quidem
2441 3318 2672 3376 'coram

443 3421 741 3521 parocho
785 3421 1259 3507 celebraretur,
1319 3422 1439 3495 sed
1492 3422 1641 3496 sine
1687 3426 1874 3495 omni
1924 3434 2272 3519 apparatu·
2304 3417 2619 3516 religioso
2651 3476 2667 3503 ,

440 3550 523 3609 et'
546 3535 871 3634 denegata
903 3536 1173 3637 sponsis
1206 3535 1675 3610 benedictione
1695 3592 1712 3622 ,
1750 3535 1845 3609 ita
1870 3551 1944 3608 ut
1970 3534 2305 3634 parochus
2333 3559 2466 3607 non
2491 3531 2674 3604 exhi·

449 3651 629 3739 beat,
650 3664 653 3667 ’
675 3652 806 3728 nisi
846 3678 1051 3752 quam
1084 3667 1326 3727 vocant
1357 3652 1798 3724 assistentiam
1830 3652 2171 3748 passivam
2203 3648 2379 3743 (51).
2414 3647 2565 3733 Quo
2601 3647 2669 3718 in

590 3897 694 3960 (51)
726 3899 803 3948 lta
833 3899 1197 3950 constituerunt
1228 3909 1352 3947 rom.
1388 3896 1673 3960 pontifices,
1695 3897 1985 3948 nominatim
2009 3908 2126 3947 vero
2149 3894 2439 3946 Benedictus
2468 3896 2598 3945 xiv.
2622 3894 2674 3949 in

442 3976 819 4029 Dedan-acione
853 3978 986 4028 circa
1023 3977 1339 4028 matrimonia
1373 3976 1530 4027 mixta
1560 3976 1856 4028 Boliandise
1893 3980 1941 4026 ⁴.
1965 3978 2090 4026 Nor.
2127 3978 2264 4026 1741.
2296 3977 2346 4025 et
2375 3976 2494 4025 Pius
2515 3976 2600 4024 vl.
2621 3974 2673 4022 in

444 4056 728 4107 extendens
758 4056 1040 4120 praedictae
1066 4054 1413 4108 declarationis
1438 4054 1503 4105 sd
1533 4053 1770 4106 ducatum
1794 4055 2077 4105 cliviensern
2100 4066 2214 4104 cum
2235 4052 2468 4104 adiuncta
2495 4053 2673 4105 instru-

444 4134 605 4187 ctione
623 4135 705 4187 die
730 4137 921 4187 19.1un.
939 4140 1075 4187 1793.
1095 4138 1151 4185 ln
1167 4136 1261 4185 hac
1276 4148 1425 4199 porro
1442 4134 1763 4185 instructione
1783 4134 1912 4185 inter
1925 4136 2085 4185 cetera
2105 4134 2224 4185 haec
2237 4133 2676 4197 bmnium-Atque

444 4215 563 4267 hinc
595 4216 742 4281 pinne
774 4216 1093 4279 consequitur
1113 4216 1253 4268 nullo
1273 4216 1385 4267 actu
1410 4214 1622 4280 positivo
1646 4215 1779 4279 ipsos
1801 4214 2103 4278 (parochos)
2126 4228 2270 4280 posse
2300 4214 2487 4266 isthaec
2510 4213 2675 4263 matri·

444 4296 612 4348 monia
633 4296 868 4361 probare,
887 4298 976 4347 sut
994 4308 1086 4347 suo
1103 4309 1332 4360 expresso
1358 4308 1596 4347 consensu
1634 4298 1687 4346 et
1720 4296 2010 4346 auctoritate
2036 4296 2341 4346 contii-mare.
2369 4294 2674 4357 Quapropter

443 4374 489 4424 si
510 4377 749 4440 cogantur
770 4374 822 4426 in
841 4375 933 4426 hac
947 4376 1223 4438 temporum
1250 4375 1606 4426 conditione.
1622 4374 1949 4426 matrimoniis
1967 4374 2319 4426 catholicorum
2337 4386 2449 4423 cum
2469 4371 2674 4423 muliere
