3276 5083
591 465 1400 519 cn.1v.nxem.ane.nt
1425 465 1562 516 nm.
1584 465 1758 515 seen.
1791 464 1929 515 Αιιτ.
1952 464 2020 514 ιι.
2046 464 2187 515 aaa.
2210 466 2390 516 τιιΑι).
2496 444 2634 516 117

447 585 673 684 potius
703 583 789 657 iis
822 583 1286 668 conficeretur,
1327 607 1497 680 quae
1528 581 1769 656 vellent
1800 581 2162 656 sententiae
2195 582 2390 657 istius
2423 600 2635 658 secta-

449 716 630 772 tores
676 697 1051 770 ostendere.

592 811 846 885 Etenim
898 814 965 882 1.
997 809 1409 908 exploratum
1442 827 1579 896 est,
1622 825 1953 910 receptum
1989 810 2197 884 fuisse
2229 813 2626 911 antiquitus,

450 929 520 999 in
543 926 823 1001 ecclesia
848 925 1239 1025 praesertim
1272 950 1567 1012 romana,
1598 950 1730 998 non
1755 923 1967 998 solum
1995 924 2316 1024 nuptialia
2341 926 2627 1014 foedera,

445 1066 669 1113 verum
703 1039 906 1113 etiam
939 1038 1283 1137 sponsalia
1308 1064 1350 1111 a
1372 1038 1713 1112 sacerdote
1733 1037 2059 1112 benedici.
2094 1039 2169 1112 Id
2194 1042 2634 1139 comperimus

441 1181 523 1226 ex
558 1181 618 1227 s.
647 1153 913 1238 Sit-icio,
951 1152 1148 1225 cuius
1182 1151 1434 1248 integra
1465 1151 1668 1226 verba
1705 1152 1906 1250 paulo
1938 1168 2089 1227 ante
2119 1154 2628 1253 descripsimus:

449 1271 581 1342 lua
617 1269 984 1353 benedictio,
1019 1293 1213 1366 wem
1242 1291 1567 1343 numme
1599 1268 1894 1341 sacerdos
1929 1271 2202 1367 :inponit
2228 1283 2466 1355 et0.,·et
2485 1271 2636 1369 qui·

447 1385 599 1458 dem
632 1382 876 1457 alicubi
910 1383 980 1455 in
1012 1382 1293 1457 ecclesia
1325 1383 1493 1457 haec
1525 1382 1869 1482 sponsalia
1901 1383 2150 1457 fiebant
2171 1440 2187 1470 ,
2226 1385 2327 1456 uti'
2358 1395 2636 1459 testatur

447 1497 797 1571 concilium
836 1497 1183 1570 rhemense
1214 1523 1325 1570 an.
1361 1498 1571 1570 1583.
1606 1497 1718 1570 his
1748 1495 2011 1571 verbis:
2039 1496 2445 1596 «sponsalia
2477 1515 2633 1571 vero

448 1637 577 1684 non
626 1611 761 1684 nisi
810 1633 1031 1683 coram
1082 1635 1394 1707 paroeco,
1431 1610 1537 1683 vel
1569 1610 1715 1683 eius
1748 1610 2034 1697 vicario,
2074 1610 2390 1710 deinceps
2433 1610 2627 1700 flant,

443 1725 646 1825 idque
678 1725 749 1796 in
781 1723 1065 1798 ecclesia
1086 1780 1103 1809 ,
1139 1739 1207 1796 et
1239 1748 1367 1798 non
1419 1722 1578 1796 alibi
1608 1781 1624 1810 ,
1680 1724 1808 1797 nisi
1846 1724 1933 1798 de
1965 1723 2278 1796 ordinarii
2329 1724 2627 1811 licentia,

434 1840 651 1936 gratis
684 1836 1109 1912 concedenda
1127 1893 1144 1923 ‚
1165 1851 1458 1936 'quatuor
1476 1836 1581 1910 vel
1608 1836 1822 1911 tribus
1855 1837 2091 1911 saltem
2126 1837 2409 1912 testibus
2443 1866 2636 1939 prae-

441 1950 749 2024 sentibus
789 1953 1014 2046 (23).»
1049 1952 1244 2026 Porro
1278 1976 1470 2027 nemo
1516 1950 1694 2026 dicet
1738 1950 2064 2025 eiusmodi
2111 1950 2635 2028 benedictionem

441 2066 845 2140 constituere
890 2083 1400 2140 sacramentum.

590 2181 664 2251 2.
683 2180 1059 2254 Benedictio
1081 2196 1422 2280 praeterea
1438 2237 1455 2267 ‚
1487 2205 1666 2279 quae
1685 2206 1727 2252 a
1751 2180 2091 2253 sacerdote
2115 2180 2183 2252 in
2208 2182 2463 2279 nuptiis
2487 2206 2638 2255 con.—

454 2293 802 2382 terebatur,
831 2321 968 2369 una
990 2320 1140 2369 cum
1176 2295 1513 2395 precibus,
1545 2320 1720 2393 quae
1742 2294 1830 2367 ab
1854 2295 2084 2368 eodem
2119 2320 2320 2393 super
2350 2317 2636 2394 sponsos

448 2406 895 2483 fundebantur.
911 2410 996 2485 ad
1021 2432 1250 2508 pacem
1275 2424 1345 2483 et
1371 2407 1877 2484 foecunditatem
1911 2406 2393 2506 impetrandam
2409 2466 2426 2495 ,
2453 2410 2638 2484 varia

446 2524 573 2600 fuit
615 2525 685 2598 in
733 2525 1025 2601 diversis
1068 2524 1369 2623 ecclesiis
1403 2551 1485 2601 ae
1516 2524 1862 2625 multiplex
1888 2583 1904 2611 ,
1931 2531 1934 2534 ’
1957 2524 2448 2625 accedebatque
2483 2551 2639 2601 eon·-

445 2641 627 2737 iugio
672 2643 805 2715 iam
855 2641 1019 2714 inito
1067 2657 1221 2740 post
1244 2641 1614 2740 utriusque
1678 2640 2132 2715 contrahentis
2186 2666 2586 2716 consensum
2617 2699 2632 2726 ‚

440 2755 747 2855 adeoque
794 2754 1058 2830 nonnisi
1108 2754 1567 2841 ceremonialia
1619 2770 1817 2842 erat,
1882 2755 2175 2854 perinde*
2221 2772 2423 2856 atque
2472 2754 2588 2829 illa
2614 2813 2631 2843 ,

442 2896 621 2969 quae
652 2870 937 2944 dabatur
965 2869 1321 2959 velamini,
1361 2888 1430 2945 et
1448 2869 1736 2957 annulo,
1775 2871 1873 2945 uti
1908 2871 2146 2945 docent
2177 2870 2450 2945 rituales
2486 2868 2638 2942 libri

444 2983 632 3081 apud
674 2983 1062 3058 Martenium
1102 2985 1175 3079 (2
1186 2986 1283 3079 t),
1316 2994 1533 3084 neque
1565 3009 1684 3082 per
1716 3008 1863 3058 eam
1896 2982 2368 3058 conficiebatur
2412 3008 2639 3058 sacra·-

448 3113 768 3172 mentum.
894 3160 895 3165 ,

593 3216 663 3284 3.
706 3212 898 3299 Quod
947 3224 1102 3289 vero
1150 3215 1364 3312 magis
1412 3215 1499 3288 ad
1549 3240 1686 3289 rem
1736 3229 2027 3288 nostram
2080 3212 2268 3298 facit,
2306 3211 2633 3286 eiusmodi

450 3326 827 3403 benedictio
844 3384 860 3415 ‚
891 3328 1021 3403 hae
1040 3327 1491 3404 solemnitates
1513 3346 1581 3403 et
1611 3353 1841 3428 preces
1868 3327 2136 3403 omnino
2169 3326 2405 3401 tumiu
2430 3325 2642 3399 eccle-

452 3440 561 3514 sia
582 3467 850 3539 graeca,
880 3456 1020 3517 tum
1053 3444 1123 3516 in
1153 3443 1439 3518 ecclesia
1458 3443 1667 3517 latina
1689 3441 2186 3542 denegabantur
2208 3441 2493 3538 digamis
2509 3495 2527 3526 ,
2567 3456 2643 3513 ut

457 3553 654 3653 paulo
674 3572 827 3631 ante
848 3557 1262 3632 ostendimus
1286 3582 1368 3631 ex
1390 3557 1735 3632 Theodoro
1768 3556 2041 3635 studita.
2062 3556 2336 3629 Constat
2370 3556 2643 3651 insuper

448 3694 535 3743 ex
556 3669 795 3744 Allatio
832 3686 899 3745 et
928 3684 1009 3746 ex
1043 3671 1280 3746 Goario
1319 3671 1621 3769 digamos
1656 3698 1788 3769 non
1821 3671 2166 3757 coronari;
2205 3668 2643 3770 pluribusque

449 3783 868 3860 documentis
906 3787 1196 3861 ostendit
1229 3787 1588 3861 Martenius
1634 3788 2027 3886 denegatam
2085 3811 2230 3859 eam
2284 3782 2644 3883 nuptialem

451 3898 976 3977 benedictionem
1000 3902 1225 3976 viduis
1261 3903 1472 3976 faisse
1500 3904 1651 3998 (25)
1667 3959 1682 3972 .
1708 3902 2011 3980 Attamen
2038 3898 2457 3975 matrimonia
2479 3897 2646 3971 haec

446 4229 531 4280 ω
589 4154 696 4217 (22)
722 4154 828 4205 sub
859 4154 1005 4207 titulo
1043 4158 1113 4207 De
1149 4159 1480 4208 matrimomo
1513 4168 1562 4206 n.
1597 4160 1645 4208 ⁴.
1670 4154 1800 4221 apud
1821 4153 2059 4207 Rafflntn.
2079 4155 2208 4205 Aeta
2232 4151 2419 4205 conell.
2442 4152 2562 4203 tom.
2582 4150 2643 4201 x.

534 4268 546 4281 ⁸
581 4235 892 4376 ιζζβιζόορβοί
914 4312 1114 4364 Ιοο.οἱι.

593 4389 697 4451 (25)
729 4391 842 4441 tec.
862 4391 947 4441 cit.
972 4393 1064 4442 art.
1096 4398 1136 4443 ι.
1158 4394 1205 4443 et
1226 4395 1319 4443 art.
1344 4401 1389 4444 a.
