3276 5083
688 432 827 503 268
1067 454 1189 505 us.
1233 453 1278 504 ι.
1320 453 1490 503 sacr.
1532 453 1789 503 Arrana.
1833 454 1911 503 ns
1961 454 2221 504 nram.
2264 454 2476 506 c1v11.1.

690 571 965 644 iecerint
1025 570 1464 643 christianum
1525 571 1910 667 coniugium
1961 597 2002 643 a
2050 573 2448 644 sacramenti
2508 571 2831 668 dignitate
2867 631 2884 661 ,

689 710 1105 789 consequens
1156 686 1280 758 fuit
1314 744 1329 771 ,
1383 703 1458 757 ut
1506 686 1591 758 ad
1644 688 1808 758 meri
1868 701 2244 759 contractus
2309 687 2758 760 conditionem
2808 689 2896 762 ab

691 801 863 899 ipsis
912 802 1352 899 redigeretur,
1412 826 1746 898 quemque
1792 801 2130 899 principes
2169 801 2364 874 unice
2396 801 2898 876 moderarentur

689 914 950 1012 legibus
1001 917 1170 990 suis.

830 1029 1070 1101 Verum
1126 1029 1395 1127 quidem
1456 1047 1589 1115 est,
1653 1031 1833 1128 quod
1895 1031 2004 1102 isti
2068 1031 2610 1103 neoinstitutores
2670 1031 2900 1105 volue-

690 1158 843 1215 runt
890 1143 1383 1216 matrimonium
1420 1170 1460 1215 a
1493 1145 1632 1215 Deo
1671 1143 2046 1215 institutum
2097 1144 2340 1229 fuisse,
2384 1171 2463 1216 ac
2499 1145 2626 1218 sub
2672 1146 2898 1244 aliquo

689 1272 993 1357 respectu
1028 1274 1368 1356 tamquam
1418 1283 1557 1328 rem
1602 1282 1859 1330 sacram
1908 1273 2343 1353 agnoverunt,
2391 1259 2656 1355 rituque
2695 1260 2897 1331 etiam

691 1369 1002 1468 religioso
1052 1371 1199 1444 eius
1266 1370 1779 1444 celebrationem
1847 1369 2350 1456 adornandam;
2418 1371 2629 1444 nihilo
2677 1389 2894 1445 tamen

691 1486 913 1558 minus
951 1485 1115 1558 illud
1153 1502 1492 1585 tamquam
1530 1512 1770 1583 purum
1808 1485 2177 1557 humanum
2212 1502 2621 1558 contractum
2658 1503 2895 1560 natura

689 1625 814 1672 sua
836 1599 1424 1698 depraedicarunt‚
1457 1615 1522 1671 et
1559 1599 2041 1697 dependentem
2070 1599 2156 1670 ab
2183 1600 2569 1673 auctoritate
2605 1600 2900 1674 humana

689 1739 812 1786 seu
852 1712 1122 1812 politica
1156 1714 1378 1812 quoad
1414 1739 1737 1811 personas
1763 1730 1830 1786 et
1856 1714 2176 1786 rationem
2214 1713 2397 1785 illius
2432 1715 2889 1787 contrahendi.

689 1827 765 1899 ld
816 1827 1027 1926 liquet
1075 1844 1213 1900 tum
1254 1854 1333 1900 ex
1377 1827 1689 1915 Calvino,
1748 1829 1864 1927 qui
1915 1828 2214 1899 divinam
2254 1829 2659 1901 matrimonii
2704 1831 2896 1903 insti-

688 1942 1008 2015 tutionem
1069 1959 1410 2042 comparat
1468 1970 1619 2016 cum
1671 1942 2075 2039 agricultura
2124 1958 2189 2015 et
2236 1960 2375 2015 arte
2428 1946 2682 2017 sutoria
2735 1947 2898 2017 scri-

687 2055 892 2131 bens:
946 2087 981 2126 a
1013 2059 1153 2131 Non
1205 2060 1373 2132 satis
1419 2074 1524 2131 est
1571 2058 2069 2130 matrimonium
2119 2084 2273 2130 esse
2323 2085 2363 2130 a
2415 2058 2553 2132 Deo
2585 2117 2600 2145 ,
2659 2076 2733 2132 ut
2788 2087 2899 2133 sa-

687 2187 1094 2244 cramentum
1146 2173 1402 2245 censeri
1449 2172 1712 2269 possit;
1770 2198 1923 2243 nam
1976 2163 2173 2242 etiam
2225 2171 2631 2268 agricultura
2669 2189 2735 2244 et
2782 2201 2894 2246 ars

686 2285 938 2360 sutoria
971 2302 1075 2359 est
1107 2313 1149 2358 a
1188 2286 1358 2373 Deo,
1401 2313 1522 2359 nec
1562 2304 1784 2358 tamen
1825 2302 1930 2358 est
1977 2303 2459 2358 sacramentum
2496 2289 2724 2381 (21);»
2757 2290 2895 2360 tum

687 2400 888 2473 etiam
924 2426 1005 2472 ex
1040 2426 1119 2472 eo
1151 2457 1167 2486 ,
1214 2401 1392 2500 quod
1445 2400 1949 2499 protestantium
2003 2400 2303 2499 plerique
2341 2406 2574 2498 'aperte
2623 2401 2905 2474 doceant

686 2538 928 2587 causas
957 2513 1474 2587 matrimoniales
1495 2513 1580 2586 ad
1609 2512 1954 2611 politicum
1984 2513 2441 2608 magistratum
2470 2513 2739 2586 omnino
2758 2541 2904 2611 per-

689 2628 898 2700 tinere
928 2629 1105 2721 (22).
1133 2627 1510 2699 Kemnitius
1536 2652 1695 2698 vero
1719 2625 2043 2698 ecclesiae
2082 2641 2336 2697 tantum
2363 2625 2594 2697 tribuit
2632 2652 2903 2724 respon-

688 2739 846 2812 dere
886 2739 971 2812 de
1015 2739 1287 2812 casibus
1338 2740 1825 2824 conscientiae,
1886 2740 2002 2836 qui
2057 2739 2232 2810 circa
2284 2739 2779 2811 matrimonium
2815 2768 2898 2814 ex

685 2853 889 2927 verbo
928 2853 1051 2925 Dei
1094 2853 1416 2951 pendent;
1460 2854 1632 2926 ferre
1665 2870 1886 2926 tamen
1923 2853 2103 2948 leges
2139 2852 2224 2925 de
2259 2853 2679 2927 matrimonio
2707 2913 2721 2941 ,
2764 2882 2897 2928 non

686 2967 775 3039 ad
817 2966 1168 3041 ecclesiam
1186 3025 1202 3053 ‚
1260 2969 1377 3042 sed
1415 2968 1499 3041 ad
1539 2967 1874 3066 politicum
1928 2967 2298 3065 principem
2352 2969 2684 3064 pertinere
2734 2995 2896 3042 con—

836 3276 936 3335 (21)
972 3275 1148 3323 Insui.
1176 3273 1260 3323 tib.
1283 3276 1365 3322 lv,
1391 3286 1496 3336 cap.
1519 3276 1648 3322 iux.
1672 3274 1718 3336 §.
1741 3279 1815 3323 ³4.

833 3354 933 3414 (22)
965 3352 1107 3415 Apud
1124 3353 1351 3402 Bellarm.
1370 3355 1442 3401 De
1459 3354 1690 3402 matrim.
1713 3365 1819 3414 cap.
1843 3355 2128 3413 xxxll.,et
2153 3355 2263 3415 post
2297 3343 2574 3401 Beliarmini
2609 3353 2814 3400 aetatem
2845 3350 2895 3399 id

688 3431 849 3494 ipsum
867 3432 1230 3495 propugnarunt
1248 3429 1496 3493 Stryckius
1515 3431 1566 3479 in
1575 3432 1775 3481 Dissert.
1793 3434 1870 3480 De
1886 3431 2120 3495 reliquiis
2133 3432 2450 3479 sacramenti
2472 3432 2527 3478 in
2546 3431 2897 3479 matrimonia·

688 3509 856 3571 libus,
881 3523 1029 3573 quain
1064 3510 1351 3559 sententiam
1369 3510 1459 3560 sub
1478 3511 1583 3559 eius
1607 3509 1849 3572 praesidio
1879 3513 1949 3558 Io.
1977 3509 2229 3572 Philippus
2249 3507 2448 3558 odelem
2468 3510 2621 3557 Halae
2645 3512 2777 3558 1704.
2802 3520 2896 3556 am·

689 3587 862 3652 plexus
882 3590 974 3651 est,
994 3600 1051 3638 ac
1074 3587 1435 3637 matrimonium
1471 3587 1665 3638 nonnisi
1683 3591 2012 3638 contractam
2029 3587 2234 3637 civilem
2256 3601 2360 3636 esse
2377 3587 2657 3636 affirmavit.
2682 3589 2904 3648 cumque

689 3668 988 3718 Lae-cherua
1019 3668 1070 3718 in
1099 3666 1459 3718 notationibus
1489 3671 1721 3718 innoxiis
1754 3681 1834 3717 an.
1864 3673 2000 3730 1705,
2022 3682 2131 3731 pag.
2160 3674 2263 3719 118.
2287 3670 2434 3729 atque
2452 3669 2569 3717 Her.
2593 3666 2900 3718 Reinhardus

687 3747 739 3794 in
776 3747 1099 3796 Meletemate
1130 3746 1194 3795 de
1219 3750 1501 3797 sanctitate
1539 3750 1862 3797 matrimonii
1904 3748 2159 3798 adversus
2198 3751 2501 3797 contractus
2543 3759 2681 3796 mere
2719 3745 2897 3795 civiles

687 3825 1005 3886 convitium,
1027 3826 1076 3874 et
1094 3824 1239 3873 Mich.
1254 3826 1401 3873 Henr.
1429 3824 1698 3874 Gribnerus
1717 3825 1766 3873 in
1787 3826 1985 3875 Dissert.
2012 3828 2084 3874 Dc
2106 3825 2211 3886 his,
2237 3837 2371 3888 quae
2392 3837 2458 3875 ex
2481 3815 2597 3874 iare
2614 3826 2901 3889 protestan-

688 3904 824 3952 tium
842 3903 1222 3954 matrimoniali
1242 3902 1308 3954 de
1328 3902 1564 3968 reliquiis
1580 3906 1900 3954 sacramenti
1917 3916 2194 3966 perperam
2215 3901 2529 3963 reserantur
2555 3902 2689 3952 inam
2718 3900 2898 3951 doctri-

688 3991 801 4028 nam
837 3980 1228 4044 impugnassent,
1267 3982 1466 4032 Odelem
1493 3981 1546 4031 in
1565 3981 1818 4046 Apoloyia
1849 3981 2114 4030 dissertat.
2138 3984 2212 4030 De
2235 3980 2472 4044 reliquiis
2501 3981 2818 4029 sacramenti
2841 3982 2897 4029 in

688 4059 1502 4111 matnmonialibus,Brunswicn.
1524 4064 1658 4111 1716.
1681 4061 1794 4110 in-4.
1813 4058 2083 4124 respondit:
2111 4060 2225 4108 item
2250 4059 2544 4108 Boehmerus
2563 4060 2783 4107 tom.lii.
2806 4059 2896 4106 Ia·

689 4140 762 4188 ris
797 4137 1133 4188 ecclesiastici
1160 4141 1602 4202 protestantium,
1640 4139 1726 4202 qui
1770 4139 1951 4201 pariter
1989 4137 2387 4188 nisset-tationem
2413 4137 2709 4199 singularem
2749 4135 2905 4186 edidit

690 4220 762 4268 De
784 4218 900 4266 iure
930 4221 1234 4281 principum
1260 4221 1675 4283 protestantium
1700 4221 1843 4267 eirca
1871 4216 2124 4266 solemnia
2157 4220 2499 4266 matrimonia
2529 4215 2897 4265 ecclesiastica.

686 4297 842 4348 Halae
867 4300 1001 4347 1718.
1023 4297 1116 4348 etsi
1141 4297 1222 4348 bic
1239 4301 1433 4362 auctor,
1464 4301 1520 4349 nt
1549 4297 1828 4346 videbimus
1846 4331 1862 4356 ‚
1900 4294 1975 4344 nti
2003 4309 2105 4345 rem
2139 4307 2326 4346 sacram
2360 4293 2676 4358 spectaverit,
2699 4295 2846 4355 atque
2867 4307 2898 4341 a

687 4375 937 4428 iudicibus
956 4376 1298 4428 welesiasticis
1317 4375 1668 4427 decernendam
1688 4374 1918 4438 spectarit
1934 4374 2177 4437 coniugia.
