<?xml version="1.0" encoding="UTF-8"?>
<!DOCTYPE html PUBLIC "-//W3C//DTD XHTML 1.0 Transitional//EN"
    "http://www.w3.org/TR/xhtml1/DTD/xhtml1-transitional.dtd">
<html xmlns="http://www.w3.org/1999/xhtml" xml:lang="en" lang="en">
 <head>
  <title>
</title>
<meta http-equiv="Content-Type" content="text/html;charset=utf-8" />
  <meta name='ocr-system' content='tesseract 3.04.00' />
  <meta name='ocr-capabilities' content='ocr_page ocr_carea ocr_par ocr_line ocrx_word'/>
</head>
<body>
  <div class='ocr_page' id='page_1' title='image "./dematrimoniochr04perrgoog_0312.png"; bbox 0 0 3276 5083; ppageno 0'>
   <div class='ocr_carea' id='block_1_1' title="bbox 727 418 2528 491">
    <p class='ocr_par' dir='ltr' id='par_1_1' title="bbox 727 418 2528 491">
     <span class='ocr_line' id='line_1_1' title="bbox 727 418 2528 491; baseline -0.002 -2"><span class='ocrx_word' id='word_1_1' title='bbox 727 418 863 489; x_wconf 78' lang='lat'>288</span> <span class='ocrx_word' id='word_1_2' title='bbox 1093 441 1213 490; x_wconf 79' lang='lat' dir='ltr'>m.</span> <span class='ocrx_word' id='word_1_3' title='bbox 1256 441 1302 489; x_wconf 87' lang='lat'>1.</span> <span class='ocrx_word' id='word_1_4' title='bbox 1344 439 1556 491; x_wconf 70' lang='lat' dir='ltr'>sterio</span> <span class='ocrx_word' id='word_1_5' title='bbox 1589 440 1848 490; x_wconf 61' lang='grc' dir='ltr'>ιιι-ευ.</span> <span class='ocrx_word' id='word_1_6' title='bbox 1891 440 1970 489; x_wconf 73' lang='lat' dir='ltr'>nt</span> <span class='ocrx_word' id='word_1_7' title='bbox 2012 428 2272 490; x_wconf 70' lang='lat' dir='ltr'>numu.</span> <span class='ocrx_word' id='word_1_8' title='bbox 2317 439 2528 491; x_wconf 79' lang='lat' dir='ltr'>cmm.</span> 
     </span>
    </p>
   </div>
   <div class='ocr_carea' id='block_1_2' title="bbox 703 556 2914 1911">
    <p class='ocr_par' dir='ltr' id='par_1_2' title="bbox 711 556 2914 1342">
     <span class='ocr_line' id='line_1_2' title="bbox 720 556 2914 656; baseline 0.001 -25"><span class='ocrx_word' id='word_1_9' title='bbox 720 559 890 631; x_wconf 87' lang='lat' dir='ltr'>tensi</span> <span class='ocrx_word' id='word_1_10' title='bbox 956 558 1241 631; x_wconf 88' lang='lat' dir='ltr'>comitiis</span> <span class='ocrx_word' id='word_1_11' title='bbox 1299 557 1643 656; x_wconf 88' lang='lat' dir='ltr'>probanda</span> <span class='ocrx_word' id='word_1_12' title='bbox 1710 557 1943 630; x_wconf 88' lang='lat' dir='ltr'>eadem</span> <span class='ocrx_word' id='word_1_13' title='bbox 1999 556 2104 630; x_wconf 86' lang='lat' dir='ltr'>lex</span> <span class='ocrx_word' id='word_1_14' title='bbox 2172 559 2514 656; x_wconf 87' lang='lat' dir='ltr'>proposita</span> <span class='ocrx_word' id='word_1_15' title='bbox 2579 558 2703 632; x_wconf 83' lang='lat' dir='ltr'>fuit</span> <span class='ocrx_word' id='word_1_16' title='bbox 2724 616 2740 647; x_wconf 88' lang='lat'>,</span> <span class='ocrx_word' id='word_1_17' title='bbox 2807 578 2914 635; x_wconf 85' lang='lat' dir='ltr'>ast</span> 
     </span>
     <span class='ocr_line' id='line_1_3' title="bbox 718 669 2910 768; baseline 0.001 -24"><span class='ocrx_word' id='word_1_18' title='bbox 718 672 862 744; x_wconf 80' lang='lat' dir='ltr'>sive</span> <span class='ocrx_word' id='word_1_19' title='bbox 909 672 1154 745; x_wconf 84' lang='lat' dir='ltr'>exitum</span> <span class='ocrx_word' id='word_1_20' title='bbox 1206 670 1460 743; x_wconf 91' lang='lat' dir='ltr'>nullum</span> <span class='ocrx_word' id='word_1_21' title='bbox 1521 669 1796 758; x_wconf 88' lang='lat' dir='ltr'>babuit,</span> <span class='ocrx_word' id='word_1_22' title='bbox 1855 672 1997 743; x_wconf 81' lang='lat' dir='ltr'>sive</span> <span class='ocrx_word' id='word_1_23' title='bbox 2045 671 2358 768; x_wconf 78' lang='lat' dir='ltr'>abrogata</span> <span class='ocrx_word' id='word_1_24' title='bbox 2409 673 2534 744; x_wconf 83' lang='lat' dir='ltr'>fuit</span> <span class='ocrx_word' id='word_1_25' title='bbox 2573 673 2910 767; x_wconf 81' lang='lat' dir='ltr'>(1).1am-</span> 
     </span>
     <span class='ocr_line' id='line_1_4' title="bbox 717 783 2903 884; baseline 0.001 -28"><span class='ocrx_word' id='word_1_26' title='bbox 717 785 834 857; x_wconf 90' lang='lat' dir='ltr'>diu</span> <span class='ocrx_word' id='word_1_27' title='bbox 868 785 937 855; x_wconf 91' lang='lat' dir='ltr'>in</span> <span class='ocrx_word' id='word_1_28' title='bbox 976 811 1178 882; x_wconf 84' lang='lat' dir='ltr'>regno</span> <span class='ocrx_word' id='word_1_29' title='bbox 1211 785 1529 858; x_wconf 84' lang='lat' dir='ltr'>Bavariae</span> <span class='ocrx_word' id='word_1_30' title='bbox 1571 783 1930 857; x_wconf 86' lang='lat' dir='ltr'>constituta</span> <span class='ocrx_word' id='word_1_31' title='bbox 1962 800 2064 856; x_wconf 88' lang='lat' dir='ltr'>est</span> <span class='ocrx_word' id='word_1_32' title='bbox 2098 784 2201 857; x_wconf 86' lang='lat' dir='ltr'>lex</span> <span class='ocrx_word' id='word_1_33' title='bbox 2236 785 2321 857; x_wconf 91' lang='lat' dir='ltr'>de</span> <span class='ocrx_word' id='word_1_34' title='bbox 2354 785 2530 857; x_wconf 86' lang='lat' dir='ltr'>civili</span> <span class='ocrx_word' id='word_1_35' title='bbox 2568 786 2903 884; x_wconf 82' lang='lat' dir='ltr'>coniugio.</span> 
     </span>
     <span class='ocr_line' id='line_1_5' title="bbox 718 897 2905 999; baseline 0.002 -30"><span class='ocrx_word' id='word_1_36' title='bbox 718 897 893 970; x_wconf 82' lang='lat' dir='ltr'>Alibi</span> <span class='ocrx_word' id='word_1_37' title='bbox 945 899 1177 971; x_wconf 86' lang='lat' dir='ltr'>saltem</span> <span class='ocrx_word' id='word_1_38' title='bbox 1215 898 1299 970; x_wconf 88' lang='lat' dir='ltr'>ad</span> <span class='ocrx_word' id='word_1_39' title='bbox 1341 914 1599 997; x_wconf 88' lang='lat' dir='ltr'>tempus</span> <span class='ocrx_word' id='word_1_40' title='bbox 1631 898 1908 971; x_wconf 78' lang='lat' dir='ltr'>vetitum</span> <span class='ocrx_word' id='word_1_41' title='bbox 1946 899 2067 970; x_wconf 87' lang='lat' dir='ltr'>suit</span> <span class='ocrx_word' id='word_1_42' title='bbox 2101 899 2228 970; x_wconf 90' lang='lat' dir='ltr'>sub</span> <span class='ocrx_word' id='word_1_43' title='bbox 2263 899 2580 995; x_wconf 82' lang='lat' dir='ltr'>gravibus</span> <span class='ocrx_word' id='word_1_44' title='bbox 2634 902 2905 999; x_wconf 86' lang='lat' dir='ltr'>poenis,</span> 
     </span>
     <span class='ocr_line' id='line_1_6' title="bbox 716 1012 2909 1112; baseline 0 -27"><span class='ocrx_word' id='word_1_45' title='bbox 716 1040 802 1087; x_wconf 91' lang='lat' dir='ltr'>ne</span> <span class='ocrx_word' id='word_1_46' title='bbox 866 1013 1241 1086; x_wconf 81' lang='lat' dir='ltr'><strong>sacerdotes</strong></span> <span class='ocrx_word' id='word_1_47' title='bbox 1308 1013 1726 1085; x_wconf 88' lang='lat' dir='ltr'>matrimonio</span> <span class='ocrx_word' id='word_1_48' title='bbox 1788 1013 2134 1108; x_wconf 83' lang='lat' dir='ltr'>iungerent</span> <span class='ocrx_word' id='word_1_49' title='bbox 2195 1012 2426 1085; x_wconf 90' lang='lat' dir='ltr'>fideles</span> <span class='ocrx_word' id='word_1_50' title='bbox 2461 1071 2476 1099; x_wconf 92' lang='lat'>,</span> <span class='ocrx_word' id='word_1_51' title='bbox 2549 1031 2909 1112; x_wconf 78' lang='lat' dir='ltr'><strong>antequam</strong></span> 
     </span>
     <span class='ocr_line' id='line_1_7' title="bbox 715 1126 2911 1228; baseline 0 -27"><span class='ocrx_word' id='word_1_52' title='bbox 715 1129 964 1228; x_wconf 90' lang='lat' dir='ltr'>scripto</span> <span class='ocrx_word' id='word_1_53' title='bbox 1011 1143 1345 1201; x_wconf 87' lang='lat' dir='ltr'>constaret</span> <span class='ocrx_word' id='word_1_54' title='bbox 1400 1154 1514 1199; x_wconf 91' lang='lat' dir='ltr'>eos</span> <span class='ocrx_word' id='word_1_55' title='bbox 1574 1153 1796 1199; x_wconf 89' lang='lat' dir='ltr'>coram</span> <span class='ocrx_word' id='word_1_56' title='bbox 1854 1126 2034 1199; x_wconf 84' lang='lat' dir='ltr'>civili</span> <span class='ocrx_word' id='word_1_57' title='bbox 2093 1129 2483 1226; x_wconf 79' lang='lat' dir='ltr'>magistratu</span> <span class='ocrx_word' id='word_1_58' title='bbox 2542 1133 2911 1201; x_wconf 85' lang='lat' dir='ltr'>contraxis-</span> 
     </span>
     <span class='ocr_line' id='line_1_8' title="bbox 711 1239 2659 1342; baseline -0.002 -26"><span class='ocrx_word' id='word_1_59' title='bbox 711 1269 787 1317; x_wconf 85' lang='lat' dir='ltr'>se</span> <span class='ocrx_word' id='word_1_60' title='bbox 820 1246 948 1339; x_wconf 79' lang='lat'>(2);</span> <span class='ocrx_word' id='word_1_61' title='bbox 991 1269 1164 1342; x_wconf 86' lang='lat' dir='ltr'>quae</span> <span class='ocrx_word' id='word_1_62' title='bbox 1212 1241 1564 1340; x_wconf 85' lang='lat' dir='ltr'>dispositio</span> <span class='ocrx_word' id='word_1_63' title='bbox 1613 1239 1864 1314; x_wconf 91' lang='lat' dir='ltr'>alicubi</span> <span class='ocrx_word' id='word_1_64' title='bbox 1915 1241 2135 1314; x_wconf 90' lang='lat' dir='ltr'>adhuc</span> <span class='ocrx_word' id='word_1_65' title='bbox 2187 1242 2502 1340; x_wconf 83' lang='lat' dir='ltr'><strong>perdurat</strong></span> <span class='ocrx_word' id='word_1_66' title='bbox 2534 1245 2659 1337; x_wconf 84' lang='lat'><strong>(3).</strong></span> 
     </span>
    </p>

    <p class='ocr_par' dir='ltr' id='par_1_3' title="bbox 708 1355 2906 1684">
     <span class='ocr_line' id='line_1_9' title="bbox 855 1355 2906 1454; baseline -0.001 -25"><span class='ocrx_word' id='word_1_67' title='bbox 855 1358 954 1430; x_wconf 92' lang='lat' dir='ltr'>De</span> <span class='ocrx_word' id='word_1_68' title='bbox 986 1356 1225 1453; x_wconf 84' lang='lat' dir='ltr'>Anglia</span> <span class='ocrx_word' id='word_1_69' title='bbox 1264 1356 1359 1426; x_wconf 92' lang='lat' dir='ltr'>nil</span> <span class='ocrx_word' id='word_1_70' title='bbox 1393 1356 1609 1429; x_wconf 87' lang='lat' dir='ltr'>dicam</span> <span class='ocrx_word' id='word_1_71' title='bbox 1636 1412 1652 1441; x_wconf 93' lang='lat'>,</span> <span class='ocrx_word' id='word_1_72' title='bbox 1711 1381 1886 1454; x_wconf 90' lang='lat' dir='ltr'>quae</span> <span class='ocrx_word' id='word_1_73' title='bbox 1935 1355 2196 1453; x_wconf 82' lang='lat' dir='ltr'>profani</span> <span class='ocrx_word' id='word_1_74' title='bbox 2247 1356 2649 1429; x_wconf 82' lang='lat' dir='ltr'>matrimonii</span> <span class='ocrx_word' id='word_1_75' title='bbox 2700 1355 2906 1429; x_wconf 82' lang='lat' dir='ltr'>veluti</span> 
     </span>
     <span class='ocr_line' id='line_1_10' title="bbox 710 1469 2896 1569; baseline -0 -26"><span class='ocrx_word' id='word_1_76' title='bbox 710 1471 1076 1569; x_wconf 81' lang='lat' dir='ltr'>legislatrix</span> <span class='ocrx_word' id='word_1_77' title='bbox 1118 1472 1435 1566; x_wconf 77' lang='lat' dir='ltr'>magistra</span> <span class='ocrx_word' id='word_1_78' title='bbox 1459 1485 1584 1557; x_wconf 88' lang='lat' dir='ltr'>est,</span> <span class='ocrx_word' id='word_1_79' title='bbox 1626 1495 2031 1568; x_wconf 89' lang='lat' dir='ltr'>quamquam</span> <span class='ocrx_word' id='word_1_80' title='bbox 2067 1469 2230 1540; x_wconf 91' lang='lat' dir='ltr'>illud</span> <span class='ocrx_word' id='word_1_81' title='bbox 2269 1490 2390 1566; x_wconf 91' lang='lat' dir='ltr'>per</span> <span class='ocrx_word' id='word_1_82' title='bbox 2424 1496 2499 1542; x_wconf 88' lang='lat' dir='ltr'>se</span> <span class='ocrx_word' id='word_1_83' title='bbox 2535 1486 2750 1542; x_wconf 87' lang='lat' dir='ltr'>ratum</span> <span class='ocrx_word' id='word_1_84' title='bbox 2785 1471 2896 1557; x_wconf 87' lang='lat' dir='ltr'>sit,</span> 
     </span>
     <span class='ocr_line' id='line_1_11' title="bbox 708 1581 2774 1684; baseline -0.002 -26"><span class='ocrx_word' id='word_1_85' title='bbox 708 1611 914 1684; x_wconf 85' lang='lat' dir='ltr'>quum</span> <span class='ocrx_word' id='word_1_86' title='bbox 963 1584 1367 1683; x_wconf 90' lang='lat' dir='ltr'>publicatum</span> <span class='ocrx_word' id='word_1_87' title='bbox 1403 1583 1495 1654; x_wconf 91' lang='lat' dir='ltr'>ibi</span> <span class='ocrx_word' id='word_1_88' title='bbox 1533 1608 1663 1655; x_wconf 91' lang='lat' dir='ltr'>non</span> <span class='ocrx_word' id='word_1_89' title='bbox 1696 1582 1894 1655; x_wconf 85' lang='lat' dir='ltr'>suerit</span> <span class='ocrx_word' id='word_1_90' title='bbox 1927 1581 2360 1654; x_wconf 89' lang='lat' dir='ltr'>tridentinum</span> <span class='ocrx_word' id='word_1_91' title='bbox 2394 1583 2774 1656; x_wconf 88' lang='lat' dir='ltr'>concilium.</span> 
     </span>
    </p>

    <p class='ocr_par' dir='ltr' id='par_1_4' title="bbox 703 1696 2903 1911">
     <span class='ocr_line' id='line_1_12' title="bbox 804 1696 2903 1793; baseline 0.001 -24"><span class='ocrx_word' id='word_1_92' title='bbox 804 1788 809 1791; x_wconf 77' lang='lat'>.</span> <span class='ocrx_word' id='word_1_93' title='bbox 851 1697 1185 1771; x_wconf 80' lang='lat' dir='ltr'>Hactenus</span> <span class='ocrx_word' id='word_1_94' title='bbox 1234 1700 1305 1769; x_wconf 92' lang='lat' dir='ltr'>in</span> <span class='ocrx_word' id='word_1_95' title='bbox 1354 1696 1546 1769; x_wconf 84' lang='lat' dir='ltr'>Italia</span> <span class='ocrx_word' id='word_1_96' title='bbox 1610 1696 2102 1777; x_wconf 77' lang='lat' dir='ltr'>matrimonium</span> <span class='ocrx_word' id='word_1_97' title='bbox 2154 1722 2332 1769; x_wconf 91' lang='lat' dir='ltr'>mere</span> <span class='ocrx_word' id='word_1_98' title='bbox 2379 1696 2575 1770; x_wconf 87' lang='lat' dir='ltr'>civile</span> <span class='ocrx_word' id='word_1_99' title='bbox 2639 1699 2903 1793; x_wconf 81' lang='lat' dir='ltr'>ignora-</span> 
     </span>
     <span class='ocr_line' id='line_1_13' title="bbox 703 1809 2902 1911; baseline 0.001 -26"><span class='ocrx_word' id='word_1_100' title='bbox 703 1813 945 1886; x_wconf 84' lang='lat' dir='ltr'>batur:</span> <span class='ocrx_word' id='word_1_101' title='bbox 1003 1829 1071 1885; x_wconf 89' lang='lat' dir='ltr'>at</span> <span class='ocrx_word' id='word_1_102' title='bbox 1132 1837 1289 1885; x_wconf 81' lang='lat' dir='ltr'>vero</span> <span class='ocrx_word' id='word_1_103' title='bbox 1357 1835 1569 1909; x_wconf 90' lang='lat' dir='ltr'><strong>nuper</strong></span> <span class='ocrx_word' id='word_1_104' title='bbox 1618 1812 1687 1881; x_wconf 90' lang='lat' dir='ltr'>in</span> <span class='ocrx_word' id='word_1_105' title='bbox 1740 1809 2115 1908; x_wconf 83' lang='lat' dir='ltr'>subalpinis</span> <span class='ocrx_word' id='word_1_106' title='bbox 2178 1812 2263 1882; x_wconf 91' lang='lat' dir='ltr'>de</span> <span class='ocrx_word' id='word_1_107' title='bbox 2323 1811 2706 1885; x_wconf 89' lang='lat' dir='ltr'>huiusmodi</span> <span class='ocrx_word' id='word_1_108' title='bbox 2757 1812 2902 1911; x_wconf 77' lang='lat' dir='ltr'>lege</span> 
     </span>
    </p>
   </div>
   <div class='ocr_carea' id='block_1_3' title="bbox 690 1926 2901 3406">
    <p class='ocr_par' dir='ltr' id='par_1_5' title="bbox 707 1926 1423 2001">
     <span class='ocr_line' id='line_1_14' title="bbox 707 1926 1423 2001; baseline -0.003 -2"><span class='ocrx_word' id='word_1_109' title='bbox 707 1926 982 2001; x_wconf 83' lang='lat' dir='ltr'>ferenda</span> <span class='ocrx_word' id='word_1_110' title='bbox 1029 1942 1247 2000; x_wconf 86' lang='lat' dir='ltr'>actum</span> <span class='ocrx_word' id='word_1_111' title='bbox 1298 1942 1423 1999; x_wconf 86' lang='lat' dir='ltr'>est.</span> 
     </span>
    </p>

    <p class='ocr_par' dir='ltr' id='par_1_6' title="bbox 699 2041 2901 2599">
     <span class='ocr_line' id='line_1_15' title="bbox 849 2041 2901 2142; baseline 0.002 -28"><span class='ocrx_word' id='word_1_112' title='bbox 849 2044 988 2116; x_wconf 92' lang='lat' dir='ltr'>lam</span> <span class='ocrx_word' id='word_1_113' title='bbox 1020 2068 1176 2117; x_wconf 82' lang='lat' dir='ltr'>vero</span> <span class='ocrx_word' id='word_1_114' title='bbox 1209 2041 1373 2142; x_wconf 91' lang='lat' dir='ltr'>quid</span> <span class='ocrx_word' id='word_1_115' title='bbox 1408 2042 1494 2114; x_wconf 91' lang='lat' dir='ltr'>de</span> <span class='ocrx_word' id='word_1_116' title='bbox 1527 2041 1701 2139; x_wconf 82' lang='lat' dir='ltr'>lege,</span> <span class='ocrx_word' id='word_1_117' title='bbox 1741 2069 1915 2141; x_wconf 88' lang='lat' dir='ltr'>quae</span> <span class='ocrx_word' id='word_1_118' title='bbox 1964 2044 2458 2117; x_wconf 86' lang='lat' dir='ltr'>matrimonium</span> <span class='ocrx_word' id='word_1_119' title='bbox 2494 2070 2674 2117; x_wconf 90' lang='lat' dir='ltr'>mere</span> <span class='ocrx_word' id='word_1_120' title='bbox 2706 2046 2901 2119; x_wconf 79' lang='lat' dir='ltr'>civile</span> 
     </span>
     <span class='ocr_line' id='line_1_16' title="bbox 702 2157 2899 2258; baseline 0.001 -28"><span class='ocrx_word' id='word_1_121' title='bbox 702 2157 923 2231; x_wconf 89' lang='lat' dir='ltr'>sancit</span> <span class='ocrx_word' id='word_1_122' title='bbox 954 2215 970 2244; x_wconf 86' lang='lat'>‚</span> <span class='ocrx_word' id='word_1_123' title='bbox 1024 2158 1386 2230; x_wconf 85' lang='lat' dir='ltr'>dicendum</span> <span class='ocrx_word' id='word_1_124' title='bbox 1438 2157 1526 2230; x_wconf 89' lang='lat' dir='ltr'>sit</span> <span class='ocrx_word' id='word_1_125' title='bbox 1557 2215 1572 2243; x_wconf 92' lang='lat'>,</span> <span class='ocrx_word' id='word_1_126' title='bbox 1629 2172 1782 2255; x_wconf 90' lang='lat' dir='ltr'>post</span> <span class='ocrx_word' id='word_1_127' title='bbox 1814 2184 1931 2245; x_wconf 88' lang='lat' dir='ltr'>ea,</span> <span class='ocrx_word' id='word_1_128' title='bbox 1972 2184 2145 2257; x_wconf 90' lang='lat' dir='ltr'>quae</span> <span class='ocrx_word' id='word_1_129' title='bbox 2180 2158 2264 2230; x_wconf 90' lang='lat' dir='ltr'>de</span> <span class='ocrx_word' id='word_1_130' title='bbox 2299 2159 2714 2233; x_wconf 91' lang='lat' dir='ltr'>matrimonio</span> <span class='ocrx_word' id='word_1_131' title='bbox 2749 2161 2899 2258; x_wconf 90' lang='lat' dir='ltr'>ipso</span> 
     </span>
     <span class='ocr_line' id='line_1_17' title="bbox 699 2263 2899 2373; baseline 0 -27"><span class='ocrx_word' id='word_1_132' title='bbox 699 2272 880 2346; x_wconf 80' lang='lat' dir='ltr'>civili</span> <span class='ocrx_word' id='word_1_133' title='bbox 912 2273 1240 2360; x_wconf 83' lang='lat' dir='ltr'>diximus,</span> <span class='ocrx_word' id='word_1_134' title='bbox 1297 2273 1463 2345; x_wconf 86' lang='lat' dir='ltr'>satis</span> <span class='ocrx_word' id='word_1_135' title='bbox 1492 2263 1719 2371; x_wconf 83' lang='lat' dir='ltr'>patet.</span> <span class='ocrx_word' id='word_1_136' title='bbox 1763 2274 1952 2346; x_wconf 89' lang='lat' dir='ltr'>Nunc</span> <span class='ocrx_word' id='word_1_137' title='bbox 1997 2288 2213 2347; x_wconf 89' lang='lat' dir='ltr'>tamen</span> <span class='ocrx_word' id='word_1_138' title='bbox 2265 2274 2476 2371; x_wconf 86' lang='lat' dir='ltr'>legem</span> <span class='ocrx_word' id='word_1_139' title='bbox 2529 2275 2745 2373; x_wconf 90' lang='lat' dir='ltr'>ipsam</span> <span class='ocrx_word' id='word_1_140' title='bbox 2796 2277 2899 2348; x_wconf 90' lang='lat' dir='ltr'>di-</span> 
     </span>
     <span class='ocr_line' id='line_1_18' title="bbox 702 2387 2899 2490; baseline 0 -28"><span class='ocrx_word' id='word_1_141' title='bbox 702 2388 878 2462; x_wconf 83' lang='lat' dir='ltr'>recte</span> <span class='ocrx_word' id='word_1_142' title='bbox 926 2387 1643 2487; x_wconf 86' lang='lat' dir='ltr'>antiphilosopbicam,</span> <span class='ocrx_word' id='word_1_143' title='bbox 1698 2406 1763 2461; x_wconf 92' lang='lat' dir='ltr'>et</span> <span class='ocrx_word' id='word_1_144' title='bbox 1811 2387 2319 2486; x_wconf 90' lang='lat' dir='ltr'>antipoliticam,</span> <span class='ocrx_word' id='word_1_145' title='bbox 2366 2390 2499 2463; x_wconf 91' lang='lat' dir='ltr'>imo</span> <span class='ocrx_word' id='word_1_146' title='bbox 2546 2391 2745 2463; x_wconf 88' lang='lat' dir='ltr'>etiam</span> <span class='ocrx_word' id='word_1_147' title='bbox 2797 2408 2899 2490; x_wconf 82' lang='lat' dir='ltr'>ty-</span> 
     </span>
     <span class='ocr_line' id='line_1_19' title="bbox 699 2500 2681 2599; baseline -0.001 -23"><span class='ocrx_word' id='word_1_148' title='bbox 699 2503 1044 2576; x_wconf 84' lang='lat' dir='ltr'>rannicam</span> <span class='ocrx_word' id='word_1_149' title='bbox 1093 2527 1247 2576; x_wconf 87' lang='lat' dir='ltr'>esse</span> <span class='ocrx_word' id='word_1_150' title='bbox 1297 2500 1686 2599; x_wconf 81' lang='lat' dir='ltr'>singillatim</span> <span class='ocrx_word' id='word_1_151' title='bbox 1735 2501 2186 2599; x_wconf 85' lang='lat' dir='ltr'>demonstrare</span> <span class='ocrx_word' id='word_1_152' title='bbox 2235 2503 2681 2598; x_wconf 81' lang='lat' dir='ltr'>aggredimur.</span> 
     </span>
    </p>

    <p class='ocr_par' dir='ltr' id='par_1_7' title="bbox 690 2614 2901 3406">
     <span class='ocr_line' id='line_1_20' title="bbox 841 2614 2901 2713; baseline 0.001 -25"><span class='ocrx_word' id='word_1_153' title='bbox 841 2619 1015 2690; x_wconf 88' lang='lat' dir='ltr'>Sane</span> <span class='ocrx_word' id='word_1_154' title='bbox 1061 2633 1137 2689; x_wconf 91' lang='lat' dir='ltr'>ut</span> <span class='ocrx_word' id='word_1_155' title='bbox 1183 2644 1225 2688; x_wconf 86' lang='lat' dir='ltr'>a</span> <span class='ocrx_word' id='word_1_156' title='bbox 1275 2617 1509 2713; x_wconf 88' lang='lat' dir='ltr'>primis</span> <span class='ocrx_word' id='word_1_157' title='bbox 1561 2616 1689 2688; x_wconf 89' lang='lat' dir='ltr'>boc</span> <span class='ocrx_word' id='word_1_158' title='bbox 1740 2616 1809 2686; x_wconf 93' lang='lat' dir='ltr'>in</span> <span class='ocrx_word' id='word_1_159' title='bbox 1859 2614 2136 2688; x_wconf 86' lang='lat' dir='ltr'>articulo</span> <span class='ocrx_word' id='word_1_160' title='bbox 2177 2616 2629 2688; x_wconf 85' lang='lat' dir='ltr'>exordiamur:</span> <span class='ocrx_word' id='word_1_161' title='bbox 2673 2617 2901 2691; x_wconf 88' lang='lat' dir='ltr'>Philo-</span> 
     </span>
     <span class='ocr_line' id='line_1_21' title="bbox 696 2728 2895 2830; baseline -0 -25"><span class='ocrx_word' id='word_1_162' title='bbox 696 2731 913 2830; x_wconf 83' lang='lat' dir='ltr'>sopbo</span> <span class='ocrx_word' id='word_1_163' title='bbox 945 2731 1309 2804; x_wconf 86' lang='lat' dir='ltr'>absurdum</span> <span class='ocrx_word' id='word_1_164' title='bbox 1343 2730 1555 2802; x_wconf 79' lang='lat' dir='ltr'>videri</span> <span class='ocrx_word' id='word_1_165' title='bbox 1588 2728 1815 2815; x_wconf 90' lang='lat' dir='ltr'>debet,</span> <span class='ocrx_word' id='word_1_166' title='bbox 1857 2755 1938 2801; x_wconf 89' lang='lat' dir='ltr'>ac</span> <span class='ocrx_word' id='word_1_167' title='bbox 1972 2746 2187 2802; x_wconf 87' lang='lat' dir='ltr'>rectae</span> <span class='ocrx_word' id='word_1_168' title='bbox 2236 2756 2615 2826; x_wconf 82' lang='lat' dir='ltr'>repugnans</span> <span class='ocrx_word' id='word_1_169' title='bbox 2652 2731 2895 2804; x_wconf 85' lang='lat' dir='ltr'>rationi</span> 
     </span>
     <span class='ocr_line' id='line_1_22' title="bbox 690 2842 2888 2942; baseline -0 -22"><span class='ocrx_word' id='word_1_170' title='bbox 690 2844 994 2920; x_wconf 87' lang='lat' dir='ltr'>ordinem</span> <span class='ocrx_word' id='word_1_171' title='bbox 1029 2843 1309 2916; x_wconf 87' lang='lat' dir='ltr'>idealem</span> <span class='ocrx_word' id='word_1_172' title='bbox 1344 2869 1462 2916; x_wconf 89' lang='lat' dir='ltr'>seu</span> <span class='ocrx_word' id='word_1_173' title='bbox 1502 2843 1724 2941; x_wconf 92' lang='lat' dir='ltr'>potius</span> <span class='ocrx_word' id='word_1_174' title='bbox 1761 2842 2061 2915; x_wconf 85' lang='lat' dir='ltr'>fictitium</span> <span class='ocrx_word' id='word_1_175' title='bbox 2094 2868 2246 2915; x_wconf 91' lang='lat' dir='ltr'>cum</span> <span class='ocrx_word' id='word_1_176' title='bbox 2273 2843 2433 2916; x_wconf 89' lang='lat' dir='ltr'>reali</span> <span class='ocrx_word' id='word_1_177' title='bbox 2461 2844 2888 2942; x_wconf 88' lang='lat' dir='ltr'>permiscere,</span> 
     </span>
     <span class='ocr_line' id='line_1_23' title="bbox 693 2955 2887 3059; baseline 0 -27"><span class='ocrx_word' id='word_1_178' title='bbox 693 2961 899 3059; x_wconf 89' lang='lat' dir='ltr'>idque</span> <span class='ocrx_word' id='word_1_179' title='bbox 932 2976 1006 3032; x_wconf 89' lang='lat' dir='ltr'>ut</span> <span class='ocrx_word' id='word_1_180' title='bbox 1038 2974 1415 3032; x_wconf 90' lang='lat' dir='ltr'>concretum</span> <span class='ocrx_word' id='word_1_181' title='bbox 1467 2973 1806 3055; x_wconf 86' lang='lat' dir='ltr'>spectare,</span> <span class='ocrx_word' id='word_1_182' title='bbox 1863 2957 2044 3055; x_wconf 91' lang='lat' dir='ltr'>quod</span> <span class='ocrx_word' id='word_1_183' title='bbox 2096 2957 2167 3028; x_wconf 90' lang='lat' dir='ltr'>in</span> <span class='ocrx_word' id='word_1_184' title='bbox 2218 2956 2361 3030; x_wconf 91' lang='lat' dir='ltr'>sola</span> <span class='ocrx_word' id='word_1_185' title='bbox 2410 2955 2622 3059; x_wconf 87' lang='lat' dir='ltr'>eaque</span> <span class='ocrx_word' id='word_1_186' title='bbox 2672 2959 2887 3032; x_wconf 80' lang='lat' dir='ltr'>fallaci</span> 
     </span>
     <span class='ocr_line' id='line_1_24' title="bbox 690 3071 2889 3173; baseline -0.001 -24"><span class='ocrx_word' id='word_1_187' title='bbox 690 3076 932 3149; x_wconf 88' lang='lat' dir='ltr'>mentis</span> <span class='ocrx_word' id='word_1_188' title='bbox 983 3072 1425 3147; x_wconf 85' lang='lat' dir='ltr'>abstractione</span> <span class='ocrx_word' id='word_1_189' title='bbox 1473 3072 1802 3145; x_wconf 82' lang='lat' dir='ltr'>consistit.</span> <span class='ocrx_word' id='word_1_190' title='bbox 1836 3073 2037 3147; x_wconf 91' lang='lat' dir='ltr'>Porro</span> <span class='ocrx_word' id='word_1_191' title='bbox 2089 3071 2395 3144; x_wconf 86' lang='lat' dir='ltr'>hodierni</span> <span class='ocrx_word' id='word_1_192' title='bbox 2441 3074 2889 3173; x_wconf 62' lang='lat' dir='ltr'>pseudo-“poli-</span> 
     </span>
     <span class='ocr_line' id='line_1_25' title="bbox 694 3187 2885 3290; baseline -0.001 -25"><span class='ocrx_word' id='word_1_193' title='bbox 694 3192 807 3265; x_wconf 87' lang='lat' dir='ltr'>tici</span> <span class='ocrx_word' id='word_1_194' title='bbox 835 3191 905 3263; x_wconf 91' lang='lat' dir='ltr'>in</span> <span class='ocrx_word' id='word_1_195' title='bbox 933 3188 1401 3290; x_wconf 76' lang='lat' dir='ltr'>promovendis</span> <span class='ocrx_word' id='word_1_196' title='bbox 1429 3188 1947 3286; x_wconf 87' lang='lat' dir='ltr'>sanciendisque</span> <span class='ocrx_word' id='word_1_197' title='bbox 1974 3214 2180 3286; x_wconf 89' lang='lat' dir='ltr'>penes</span> <span class='ocrx_word' id='word_1_198' title='bbox 2205 3187 2604 3263; x_wconf 87' lang='lat' dir='ltr'>christianos</span> <span class='ocrx_word' id='word_1_199' title='bbox 2633 3191 2885 3287; x_wconf 88' lang='lat' dir='ltr'>nuptiis</span> 
     </span>
     <span class='ocr_line' id='line_1_26' title="bbox 690 3302 2884 3406; baseline -0 -27"><span class='ocrx_word' id='word_1_200' title='bbox 690 3333 855 3406; x_wconf 89' lang='lat' dir='ltr'>pure</span> <span class='ocrx_word' id='word_1_201' title='bbox 902 3306 1212 3381; x_wconf 79' lang='lat' dir='ltr'>civilibus</span> <span class='ocrx_word' id='word_1_202' title='bbox 1259 3306 1331 3377; x_wconf 84' lang='lat' dir='ltr'>in</span> <span class='ocrx_word' id='word_1_203' title='bbox 1380 3331 1514 3377; x_wconf 93' lang='lat' dir='ltr'>uno</span> <span class='ocrx_word' id='word_1_204' title='bbox 1564 3303 1932 3402; x_wconf 90' lang='lat' dir='ltr'>eodemque</span> <span class='ocrx_word' id='word_1_205' title='bbox 1981 3302 2280 3377; x_wconf 87' lang='lat' dir='ltr'>subiecto</span> <span class='ocrx_word' id='word_1_206' title='bbox 2323 3304 2490 3378; x_wconf 90' lang='lat' dir='ltr'>duas</span> <span class='ocrx_word' id='word_1_207' title='bbox 2534 3304 2884 3403; x_wconf 85' lang='lat' dir='ltr'>qualitates</span> 
     </span>
    </p>
   </div>
   <div class='ocr_carea' id='block_1_4' title="bbox 834 3587 2884 3655">
    <p class='ocr_par' dir='ltr' id='par_1_8' title="bbox 834 3587 2884 3655">
     <span class='ocr_line' id='line_1_27' title="bbox 834 3587 2884 3655; baseline -0.002 -13"><span class='ocrx_word' id='word_1_208' title='bbox 834 3591 904 3654; x_wconf 85' lang='grc'>(1)</span> <span class='ocrx_word' id='word_1_209' title='bbox 934 3593 1005 3642; x_wconf 88' lang='lat' dir='ltr'>De</span> <span class='ocrx_word' id='word_1_210' title='bbox 1034 3604 1132 3654; x_wconf 77' lang='lat' dir='ltr'>qua</span> <span class='ocrx_word' id='word_1_211' title='bbox 1154 3592 1259 3654; x_wconf 82' lang='lat' dir='ltr'>lege</span> <span class='ocrx_word' id='word_1_212' title='bbox 1279 3592 1346 3641; x_wconf 82' lang='lat' dir='ltr'>ita</span> <span class='ocrx_word' id='word_1_213' title='bbox 1370 3591 1447 3641; x_wconf 84' lang='lat' dir='ltr'>ab.</span> <span class='ocrx_word' id='word_1_214' title='bbox 1472 3593 1731 3655; x_wconf 80' lang='lat' dir='ltr'>Mosquera</span> <span class='ocrx_word' id='word_1_215' title='bbox 1757 3590 1906 3639; x_wconf 74' lang='lat' dir='ltr'>frater</span> <span class='ocrx_word' id='word_1_216' title='bbox 1934 3587 2196 3639; x_wconf 77' lang='lat' dir='ltr'>venerandi</span> <span class='ocrx_word' id='word_1_217' title='bbox 2227 3588 2577 3652; x_wconf 79' lang='lat' dir='ltr'>archiepiscopi</span> <span class='ocrx_word' id='word_1_218' title='bbox 2611 3588 2884 3650; x_wconf 79' lang='lat' dir='ltr'>bogotensis</span> 
     </span>
    </p>
   </div>
   <div class='ocr_carea' id='block_1_5' title="bbox 683 3666 2885 3895">
    <p class='ocr_par' dir='ltr' id='par_1_9' title="bbox 683 3666 2885 3895">
     <span class='ocr_line' id='line_1_28' title="bbox 683 3666 2882 3736; baseline -0.002 -14"><span class='ocrx_word' id='word_1_219' title='bbox 683 3672 881 3736; x_wconf 71' lang='lat' dir='ltr'>sci-ipsit</span> <span class='ocrx_word' id='word_1_220' title='bbox 896 3673 949 3720; x_wconf 78' lang='lat' dir='ltr'>in</span> <span class='ocrx_word' id='word_1_221' title='bbox 969 3684 1047 3734; x_wconf 83' lang='lat' dir='ltr'>ep.</span> <span class='ocrx_word' id='word_1_222' title='bbox 1067 3671 1131 3721; x_wconf 74' lang='lat' dir='ltr'>ad</span> <span class='ocrx_word' id='word_1_223' title='bbox 1154 3670 1451 3723; x_wconf 77' lang='lat' dir='ltr'>Redactores</span> <span class='ocrx_word' id='word_1_224' title='bbox 1477 3673 1694 3720; x_wconf 72' lang='lat' dir='ltr'>Univers</span> <span class='ocrx_word' id='word_1_225' title='bbox 1715 3669 1797 3720; x_wconf 81' lang='lat' dir='ltr'>die</span> <span class='ocrx_word' id='word_1_226' title='bbox 1821 3677 1893 3720; x_wconf 81' lang='grc' dir='ltr'>ιι.</span> <span class='ocrx_word' id='word_1_227' title='bbox 1920 3669 2124 3733; x_wconf 75' lang='lat' dir='ltr'>Augusti</span> <span class='ocrx_word' id='word_1_228' title='bbox 2164 3675 2330 3720; x_wconf 74' lang='grc'><strong>1858.»</strong></span> <span class='ocrx_word' id='word_1_229' title='bbox 2353 3671 2484 3717; x_wconf 82' lang='lat' dir='ltr'>Pour</span> <span class='ocrx_word' id='word_1_230' title='bbox 2503 3681 2559 3718; x_wconf 86' lang='lat' dir='ltr'>ce</span> <span class='ocrx_word' id='word_1_231' title='bbox 2577 3668 2661 3730; x_wconf 88' lang='lat' dir='ltr'>qui</span> <span class='ocrx_word' id='word_1_232' title='bbox 2685 3666 2882 3730; x_wconf 66' lang='lat' dir='ltr'>regardo</span> 
     </span>
     <span class='ocr_line' id='line_1_29' title="bbox 685 3748 2881 3813; baseline -0.002 -12"><span class='ocrx_word' id='word_1_233' title='bbox 685 3750 735 3801; x_wconf 72' lang='lat' dir='ltr'>la</span> <span class='ocrx_word' id='word_1_234' title='bbox 755 3754 1089 3803; x_wconf 79' lang='lat' dir='ltr'>monstrueuse</span> <span class='ocrx_word' id='word_1_235' title='bbox 1115 3751 1182 3801; x_wconf 83' lang='lat' dir='ltr'>loi</span> <span class='ocrx_word' id='word_1_236' title='bbox 1206 3751 1537 3813; x_wconf 67' lang='lat' dir='ltr'>dwmariaqe</span> <span class='ocrx_word' id='word_1_237' title='bbox 1564 3750 1723 3810; x_wconf 79' lang='lat' dir='ltr'>civil,</span> <span class='ocrx_word' id='word_1_238' title='bbox 1756 3750 1944 3800; x_wconf 77' lang='lat' dir='ltr'>donnee</span> <span class='ocrx_word' id='word_1_239' title='bbox 1970 3763 2030 3799; x_wconf 89' lang='lat' dir='ltr'>en</span> <span class='ocrx_word' id='word_1_240' title='bbox 2053 3757 2188 3800; x_wconf 79' lang='grc'><strong>1853.</strong></span> <span class='ocrx_word' id='word_1_241' title='bbox 2214 3749 2245 3798; x_wconf 88' lang='lat' dir='ltr'>il</span> <span class='ocrx_word' id='word_1_242' title='bbox 2269 3763 2300 3811; x_wconf 81' lang='lat' dir='ltr'>y</span> <span class='ocrx_word' id='word_1_243' title='bbox 2328 3762 2357 3797; x_wconf 87' lang='lat' dir='ltr'>a</span> <span class='ocrx_word' id='word_1_244' title='bbox 2390 3748 2496 3810; x_wconf 67' lang='lat' dir='ltr'>deja</span> <span class='ocrx_word' id='word_1_245' title='bbox 2518 3748 2881 3811; x_wconf 76' lang='lat' dir='ltr'>amelioration3</span> 
     </span>
     <span class='ocr_line' id='line_1_30' title="bbox 684 3827 2885 3895; baseline -0.002 -15"><span class='ocrx_word' id='word_1_246' title='bbox 684 3832 778 3881; x_wconf 83' lang='lat' dir='ltr'>elle</span> <span class='ocrx_word' id='word_1_247' title='bbox 797 3846 827 3882; x_wconf 76' lang='grc' dir='ltr'>ι</span> <span class='ocrx_word' id='word_1_248' title='bbox 846 3833 922 3883; x_wconf 75' lang='lat' dir='ltr'>ete</span> <span class='ocrx_word' id='word_1_249' title='bbox 944 3831 1173 3895; x_wconf 77' lang='lat' dir='ltr'>abrogee,</span> <span class='ocrx_word' id='word_1_250' title='bbox 1207 3836 1256 3882; x_wconf 83' lang='lat' dir='ltr'>et</span> <span class='ocrx_word' id='word_1_251' title='bbox 1281 3833 1495 3894; x_wconf 85' lang='lat' dir='ltr'>quoique</span> <span class='ocrx_word' id='word_1_252' title='bbox 1528 3831 1577 3880; x_wconf 81' lang='lat' dir='ltr'>la</span> <span class='ocrx_word' id='word_1_253' title='bbox 1609 3829 1836 3880; x_wconf 77' lang='lat' dir='ltr'>nouvelle</span> <span class='ocrx_word' id='word_1_254' title='bbox 1859 3830 1925 3880; x_wconf 87' lang='lat' dir='ltr'>loi</span> <span class='ocrx_word' id='word_1_255' title='bbox 1949 3830 2093 3879; x_wconf 77' lang='lat' dir='ltr'>laissa</span> <span class='ocrx_word' id='word_1_256' title='bbox 2114 3841 2287 3878; x_wconf 83' lang='lat' dir='ltr'>encore</span> <span class='ocrx_word' id='word_1_257' title='bbox 2309 3827 2339 3877; x_wconf 66' lang='lat' dir='ltr'>a</span> <span class='ocrx_word' id='word_1_258' title='bbox 2358 3828 2557 3891; x_wconf 74' lang='lat' dir='ltr'>desirer,</span> <span class='ocrx_word' id='word_1_259' title='bbox 2579 3827 2885 3889; x_wconf 76' lang='lat' dir='ltr'>aujourd’hui</span> 
     </span>
    </p>
   </div>
   <div class='ocr_carea' id='block_1_6' title="bbox 678 3907 2938 3975">
    <p class='ocr_par' dir='ltr' id='par_1_10' title="bbox 678 3907 2938 3975">
     <span class='ocr_line' id='line_1_31' title="bbox 678 3907 2938 3975; baseline -0.001 -15"><span class='ocrx_word' id='word_1_260' title='bbox 678 3924 867 3960; x_wconf 76' lang='lat' dir='ltr'>cornme</span> <span class='ocrx_word' id='word_1_261' title='bbox 893 3925 982 3974; x_wconf 77' lang='lat' dir='ltr'>par</span> <span class='ocrx_word' id='word_1_262' title='bbox 1002 3912 1048 3962; x_wconf 87' lang='lat' dir='ltr'>le</span> <span class='ocrx_word' id='word_1_263' title='bbox 1075 3912 1215 3975; x_wconf 73' lang='lat' dir='ltr'>passe</span> <span class='ocrx_word' id='word_1_264' title='bbox 1234 3911 1280 3961; x_wconf 83' lang='lat' dir='ltr'>le</span> <span class='ocrx_word' id='word_1_265' title='bbox 1301 3911 1512 3973; x_wconf 79' lang='lat' dir='ltr'>mariage</span> <span class='ocrx_word' id='word_1_266' title='bbox 1531 3910 1619 3961; x_wconf 80' lang='lat' dir='ltr'>des</span> <span class='ocrx_word' id='word_1_267' title='bbox 1642 3910 1950 3973; x_wconf 77' lang='lat' dir='ltr'>catholiques</span> <span class='ocrx_word' id='word_1_268' title='bbox 1965 3909 2168 3973; x_wconf 77' lang='lat' dir='ltr'>produit</span> <span class='ocrx_word' id='word_1_269' title='bbox 2185 3911 2297 3960; x_wconf 81' lang='lat' dir='ltr'>tons</span> <span class='ocrx_word' id='word_1_270' title='bbox 2317 3910 2389 3959; x_wconf 80' lang='lat' dir='ltr'>les</span> <span class='ocrx_word' id='word_1_271' title='bbox 2405 3909 2548 3960; x_wconf 64' lang='lat' dir='ltr'>effeta</span> <span class='ocrx_word' id='word_1_272' title='bbox 2565 3908 2628 3959; x_wconf 85' lang='lat' dir='ltr'>de</span> <span class='ocrx_word' id='word_1_273' title='bbox 2650 3907 2885 3958; x_wconf 67' lang='lat' dir='ltr'>l’htbilite</span> <span class='ocrx_word' id='word_1_274' title='bbox 2935 3933 2938 3936; x_wconf 96' lang='lat'>·</span> 
     </span>
    </p>
   </div>
   <div class='ocr_carea' id='block_1_7' title="bbox 681 3990 2882 4131">
    <p class='ocr_par' dir='ltr' id='par_1_11' title="bbox 681 3990 2882 4131">
     <span class='ocr_line' id='line_1_32' title="bbox 681 3990 1299 4044; baseline 0 -3"><span class='ocrx_word' id='word_1_275' title='bbox 681 3990 876 4041; x_wconf 71' lang='lat' dir='ltr'>civile.»</span> <span class='ocrx_word' id='word_1_276' title='bbox 896 3991 1023 4042; x_wconf 80' lang='lat' dir='ltr'>ibid.</span> <span class='ocrx_word' id='word_1_277' title='bbox 1052 3997 1127 4044; x_wconf 75' lang='lat'>1⁵.</span> <span class='ocrx_word' id='word_1_278' title='bbox 1152 3991 1299 4042; x_wconf 65' lang='lat' dir='ltr'>Aoni.</span> 
     </span>
     <span class='ocr_line' id='line_1_33' title="bbox 828 4067 2882 4131; baseline -0.002 -12"><span class='ocrx_word' id='word_1_279' title='bbox 828 4069 897 4131; x_wconf 86' lang='lat'>(2)</span> <span class='ocrx_word' id='word_1_280' title='bbox 929 4073 1004 4119; x_wconf 75' lang='lat' dir='ltr'>lta</span> <span class='ocrx_word' id='word_1_281' title='bbox 1023 4071 1073 4119; x_wconf 85' lang='lat' dir='ltr'>in</span> <span class='ocrx_word' id='word_1_282' title='bbox 1089 4069 1267 4119; x_wconf 81' lang='lat' dir='ltr'>ducatu</span> <span class='ocrx_word' id='word_1_283' title='bbox 1292 4070 1552 4120; x_wconf 86' lang='lat' dir='ltr'>mutinensi</span> <span class='ocrx_word' id='word_1_284' title='bbox 1575 4072 1772 4120; x_wconf 85' lang='lat' dir='ltr'>cautum</span> <span class='ocrx_word' id='word_1_285' title='bbox 1796 4069 1978 4130; x_wconf 57' lang='lat' dir='ltr'>suetan</span> <span class='ocrx_word' id='word_1_286' title='bbox 1996 4081 2164 4118; x_wconf 82' lang='lat' dir='ltr'>verum</span> <span class='ocrx_word' id='word_1_287' title='bbox 2186 4081 2350 4118; x_wconf 75' lang='lat' dir='ltr'>mense</span> <span class='ocrx_word' id='word_1_288' title='bbox 2370 4067 2780 4117; x_wconf 77' lang='lat' dir='ltr'>Novembr.1855.</span> <span class='ocrx_word' id='word_1_289' title='bbox 2802 4067 2882 4116; x_wconf 84' lang='lat' dir='ltr'>de·</span> 
     </span>
    </p>
   </div>
   <div class='ocr_carea' id='block_1_8' title="bbox 677 4143 2884 4450">
    <p class='ocr_par' dir='ltr' id='par_1_12' title="bbox 677 4143 2884 4357">
     <span class='ocr_line' id='line_1_34' title="bbox 677 4143 2884 4212; baseline -0.002 -15"><span class='ocrx_word' id='word_1_290' title='bbox 677 4147 864 4197; x_wconf 83' lang='lat' dir='ltr'>cretum</span> <span class='ocrx_word' id='word_1_291' title='bbox 887 4148 985 4208; x_wconf 77' lang='lat' dir='ltr'>est,</span> <span class='ocrx_word' id='word_1_292' title='bbox 1016 4149 1073 4196; x_wconf 89' lang='lat' dir='ltr'>ut</span> <span class='ocrx_word' id='word_1_293' title='bbox 1109 4147 1335 4211; x_wconf 75' lang='lat' dir='ltr'>deinceps</span> <span class='ocrx_word' id='word_1_294' title='bbox 1368 4148 1631 4199; x_wconf 77' lang='lat' dir='ltr'>declaratio</span> <span class='ocrx_word' id='word_1_295' title='bbox 1665 4147 1954 4212; x_wconf 81' lang='lat' dir='ltr'>praecedens</span> <span class='ocrx_word' id='word_1_296' title='bbox 1978 4146 2273 4196; x_wconf 75' lang='lat' dir='ltr'>matrimonii</span> <span class='ocrx_word' id='word_1_297' title='bbox 2298 4159 2382 4210; x_wconf 77' lang='lat' dir='ltr'>per</span> <span class='ocrx_word' id='word_1_298' title='bbox 2399 4149 2564 4196; x_wconf 77' lang='lat' dir='ltr'>actum</span> <span class='ocrx_word' id='word_1_299' title='bbox 2591 4147 2746 4196; x_wconf 71' lang='lat' dir='ltr'>status</span> <span class='ocrx_word' id='word_1_300' title='bbox 2766 4143 2884 4194; x_wconf 79' lang='lat' dir='ltr'>civi·</span> 
     </span>
     <span class='ocr_line' id='line_1_35' title="bbox 681 4223 2879 4290; baseline -0.003 -12"><span class='ocrx_word' id='word_1_301' title='bbox 681 4227 743 4278; x_wconf 72' lang='lat' dir='ltr'>iis</span> <span class='ocrx_word' id='word_1_302' title='bbox 780 4238 879 4278; x_wconf 85' lang='lat' dir='ltr'>non</span> <span class='ocrx_word' id='word_1_303' title='bbox 906 4223 1115 4289; x_wconf 70' lang='lat' dir='ltr'>mplius</span> <span class='ocrx_word' id='word_1_304' title='bbox 1147 4229 1416 4280; x_wconf 67' lang='lat' dir='ltr'>neeman-in</span> <span class='ocrx_word' id='word_1_305' title='bbox 1434 4230 1501 4279; x_wconf 76' lang='lat' dir='ltr'>sit</span> <span class='ocrx_word' id='word_1_306' title='bbox 1518 4231 1635 4280; x_wconf 72' lang='lat' dir='ltr'>ante</span> <span class='ocrx_word' id='word_1_307' title='bbox 1659 4227 2021 4280; x_wconf 73' lang='lat' dir='ltr'>matrimonium</span> <span class='ocrx_word' id='word_1_308' title='bbox 2058 4226 2354 4290; x_wconf 72' lang='lat' dir='ltr'>religiosum.</span> <span class='ocrx_word' id='word_1_309' title='bbox 2380 4224 2493 4276; x_wconf 71' lang='lat' dir='ltr'>vid.</span> <span class='ocrx_word' id='word_1_310' title='bbox 2522 4225 2574 4277; x_wconf 84' lang='lat' dir='ltr'>ll</span> <span class='ocrx_word' id='word_1_311' title='bbox 2591 4236 2879 4288; x_wconf 72' lang='lat' dir='ltr'>messaqero</span> 
     </span>
     <span class='ocr_line' id='line_1_36' title="bbox 677 4305 999 4357; baseline -0.006 -1"><span class='ocrx_word' id='word_1_312' title='bbox 677 4306 737 4356; x_wconf 72' lang='lat' dir='ltr'>dt</span> <span class='ocrx_word' id='word_1_313' title='bbox 759 4305 999 4357; x_wconf 77' lang='lat' dir='ltr'>Modena.</span> 
     </span>
    </p>

    <p class='ocr_par' dir='ltr' id='par_1_13' title="bbox 821 4385 1547 4450">
     <span class='ocr_line' id='line_1_37' title="bbox 821 4385 1547 4450; baseline 0.001 -13"><span class='ocrx_word' id='word_1_314' title='bbox 821 4386 889 4450; x_wconf 76' lang='lat'>(³)</span> <span class='ocrx_word' id='word_1_315' title='bbox 918 4387 983 4438; x_wconf 85' lang='lat' dir='ltr'>Ut</span> <span class='ocrx_word' id='word_1_316' title='bbox 1001 4387 1050 4437; x_wconf 78' lang='lat' dir='ltr'>iu</span> <span class='ocrx_word' id='word_1_317' title='bbox 1067 4399 1212 4448; x_wconf 79' lang='lat' dir='ltr'>reguo</span> <span class='ocrx_word' id='word_1_318' title='bbox 1227 4385 1547 4449; x_wconf 80' lang='lat' dir='ltr'>neapolitano.</span> 
     </span>
    </p>
   </div>
  </div>
 </body>
</html>
