3276 5083
591 470 729 519 cir.
765 469 849 517 iv.
883 467 964 516 ns
999 465 1235 517 Anauni.
1264 464 1380 514 ruo
1420 463 1577 512 tren
1611 464 1692 512 ns
1727 463 1918 513 uun.
1954 462 2082 512 mv.
2125 463 2264 513 aar.
2300 463 2344 511 ι.
2490 437 2625 508 339

413 583 855 685 gubernandi,
882 583 990 657 cui
1026 581 1245 656 innuit
1276 598 1523 668 orator,
1553 606 1634 654 ea
1668 596 1794 667 est,
1821 606 2024 679 quam
2051 580 2120 651 in
2145 594 2382 652 senatu
2408 581 2630 677 regius

415 703 725 774 minister
758 699 1148 798 proposuit:
1178 698 1346 769 «Per
1370 697 1548 769 hanc
1581 694 1795 792 legem
1824 694 1958 767 duo
1989 719 2232 792 magna
2267 693 2628 792 principia,

416 816 674 915 inquit,
732 815 800 886 in
852 830 1073 886 actum
1123 811 1588 897 deducentur3
1647 810 1972 895 alterum‚‘
1999 808 2179 908 quod
2231 806 2630 905 gubernium

417 933 565 1004 sine
618 929 756 1003 ulla
802 953 1081 1029 prorsus
1131 927 1521 1026 exceptione
1554 927 1641 998 de
1676 925 1990 999 omnibus
2027 923 2289 999 actibus
2324 922 2633 997 civilibus

414 1045 595 1143 leges
647 1045 819 1117 ferre
866 1043 1143 1129 debeat;
1202 1042 1481 1115 alterum
1512 1095 1529 1128 ‚
1585 1039 2036 1113 conscientiae
2102 1037 2376 1113 libertas
2447 1042 2627 1134 (5)..»

413 1161 499 1234 At
532 1160 621 1233 de
652 1160 916 1235 duobus
951 1159 1432 1256 hisce'maqnis
1473 1156 1829 1256 principiis
1873 1181 2026 1228 mox
2060 1152 2255 1253 plura
2298 1154 2626 1229 dicemus.

561 1277 833 1349 Interim
886 1275 1218 1374 reliquum
1273 1289 1417 1359 est,
1474 1288 1547 1345 ut
1594 1271 1815 1344 velum
1866 1269 2300 1344 detrahamus
2351 1269 2438 1342 ab
2489 1269 2575 1343 iis
2610 1328 2626 1356 ‚

414 1416 591 1488 quae
639 1416 761 1490 per
810 1415 1048 1463 novam
1099 1389 1311 1486 legem
1362 1386 1783 1460 decernenda
1822 1401 2284 1485 proponuntur
2306 1443 2323 1472 ,
2366 1385 2487 1459 sed
2518 1411 2634 1459 ve-

416 1506 536 1579 luti
589 1521 762 1578 tecta
811 1531 892 1578 ac
933 1504 1301 1578 obvoluta..
1881 1564 1884 1569 .
2633 1566 2638 1571 .

563 1621 856 1693 Primum
917 1635 1053 1706 est,
1112 1618 1293 1717 quod
1345 1642 1479 1690 non
1530 1617 1792 1715 possint
1842 1616 1972 1688 frui
2023 1614 2374 1689 effectibus
2424 1615 2636 1689 civili-

418 1736 550 1810 bus
576 1793 593 1823 ‚
649 1760 931 1835 quorum
980 1749 1357 1807 contractus
1409 1730 1658 1804 relatus
1712 1755 1844 1803 non
1867 1730 1980 1803 ,sit
2027 1731 2095 1801 in
2127 1729 2409 1804 'tabulas
2454 1746 2637 1805 acto-

416 1877 567 1925 rum
610 1850 935 1925 civilium.
979 1849 1186 1934 Quasi
1233 1873 1476 1945 nempe
1511 1873 1643 1920 non
1679 1845 1814 1918 alia
1863 1846 2062 1918 fuerit
2111 1845 2278 1920 ratio
2326 1846 2636 1944 exigendi

417 1965 922 2062 inscriptionem
950 1962 1240 2058 coniugii
1270 1962 1339 2033 in
1366 1960 1660 2060 publicis
1695 1959 1942 2033 tabulis
1961 2018 1978 2046 ‚
2010 1986 2212 2058 quam
2249 1961 2630 2049 statuendo,

418 2096 495 2151 ut
537 2104 769 2151 verum
821 2075 1253 2149 contrahatur
1299 2075 1681 2169 coniugium
1733 2072 2166 2172 validumque
2214 2099 2440 2149 coram
2489 2074 2636 2149 solo

419 2192 811 2289 magistratu
860 2190 1069 2262 civili.
1111 2189 1237 2261 Hic
1279 2214 1414 2262 non
1448 2205 1555 2261 est
1586 2187 1723 2260 nisi
1775 2186 2035 2261 fucatus
2087 2206 2491 2287 praetextus.
2534 2190 2639 2260 Si-

419 2308 692 2408 quidem
738 2305 1042 2406 pluribus
1092 2304 1248 2378 aliis
1291 2303 1509 2377 modis
1528 2362 1543 2387 ,
1602 2329 1805 2402 quam
1861 2329 1979 2402 per
2025 2301 2239 2400 legem
2280 2304 2367 2375 de
2408 2306 2639 2377 matri-

421 2423 647 2496 monio
680 2421 861 2497 civili
898 2420 1225 2521 potuisset
1264 2417 1834 2517 haec'inscriptio
1871 2417 2180 2492 obtineri.
2224 2420 2392 2492 Nam
2431 2420 2637 2494 statui

420 2554 711 2638 poterat,
743 2553 842 2625 ut,
865 2551 1128 2636 praeter
1162 2549 1383 2609 actum
1418 2533 1833 2632 religiosum,
1862 2533 2004 2608 sive
2038 2550 2238 2609 antea
2275 2535 2419 2609 sive
2451 2553 2631 2636 post.

420 2669 801 2728 contractus
863 2650 1254 2749 coniugales
1307 2676 1540 2723 omnes
1574 2649 2118 2724 inscriberentur
2174 2649 2367 2725 libris
2417 2652 2637 2726 civilis

419 2770 890 2869 magistratu8‚
948 2784 1145 2867 prout
1195 2765 1534 2840 nonnullis
1578 2767 1650 2838 in
1699 2765 1866 2841 locis
1907 2765 2198 2854 obtinet,
2239 2769 2633 2866 praesertim

425 2887 492 2956 in
545 2884 778 2957 codice
828 2882 1256 2982 neapolitano
1331 2885 1459 2976 (6).
1517 2882 1781 2956 Poterat
1831 2881 2168 2979 provideri
2217 2882 2637 2957 decernendo

423 2996 701 3070 multam
727 3054 744 3083 ‚
783 3012 900 3069 aut
932 3022 1214 3094 poenam
1259 3012 1490 3070 contra
1528 3022 1680 3083 eos,
1720 2996 1838 3094 qui
1874 2996 2206 3071 eiusmodi
2258 2998 2639 3098 inscriptio·

425 3138 581 3186 nem
631 3109 1065 3208 negligerent.
1124 3113 1387 3184 Poterat
1433 3110 1793 3198 constitui,
1839 3129 1913 3183 ut
1951 3138 2083 3184 non
2136 3111 2510 3186 fruerentur
2541 3114 2639 3186 es·-

425 3226 710 3301 fectibus
776 3217 1085 3299 civilibus
1110 3283 1125 3309 ‚
1195 3226 1309 3323 qui
1371 3224 1780 3302 simultanee,
1826 3227 2090 3325 utrique
2155 3225 2507 3324 religiosae
2556 3255 2637 3303 ac

424 3344 604 3418 civili
667 3342 1058 3440 obligationi
1110 3366 1241 3414 non
1294 3340 1796 3427 satisfacerent,
1870 3343 2342 3441 praecipiendo
2367 3402 2384 3432 ‚
2441 3361 2514 3419 ut
2564 3346 2636 3420 fit

573 3615 642 3678 (5)
672 3616 861 3665 senam
887 3613 975 3665 del
996 3615 1400 3678 reyno.'rornats
1418 3613 1497 3665 del
1526 3621 1598 3664 16.
1625 3612 1845 3664 Dicemh.
1875 3619 2008 3664 1851.
2030 3625 2148 3677 pag:
2172 3619 2355 3665 ismae.

566 3695 639 3758 (0)
668 3697 742 3744 lta
770 3694 971 3758 quidem
995 3696 1048 3745 in
1072 3695 1324 3746 nonnullis
1343 3694 1621 3759 regionibus
1641 3697 1840 3746 cautium
1853 3700 1962 3759 02²,
1983 3694 2268 3759 Praesertim
2279 3707 2416 3756 vero,
2435 3695 2492 3744 ut
2510 3694 2633 3745 dixi·

425 3786 562 3836 mus,
584 3773 635 3822 in
658 3786 805 3836 regno
823 3775 1162 3838 neapolitan03
1184 3776 1399 3825 attamen
1425 3773 1557 3824 istud
1581 3774 1781 3824 sistema
1803 3775 1853 3823 in
1875 3774 2016 3838 praxi
2039 3786 2127 3824 nec
2147 3773 2316 3837 paucis
2338 3787 2428 3824 nec
2447 3773 2638 3825 levibus

425 3852 752 3905 incommodis
773 3853 1040 3904 obnoxium
1053 3851 1447 3918 deprehenditur.
1471 3857 1596 3905 cum
1620 3855 1752 3905 enim
1772 3856 2010 3906 statutum
2032 3853 2249 3904 fueritin
2271 3852 2441 3904 codice
2461 3867 2635 3918 neapo·

420 3935 576 3985 litano
596 3932 689 3984 sub
708 3934 1008 3997 gravissimis
1027 3936 1221 4000 poenis,
1241 3938 1297 3985 ut
1317 3936 1517 3999 parochi
1544 3949 1643 3985 non
1665 3936 1868 3998 iungant
1889 3935 2121 3998 coniugia
2135 3972 2150 3998 ,
2175 3934 2270 3985 nisi
2291 3934 2427 3997 prius
2446 3938 2636 3985 contra·

426 4016 598 4068 hentes
617 4015 878 4067 exhibeant
897 4016 1231 4067 testimonium
1250 4018 1563 4080 magistratus
1588 4016 1778 4079 civilis;
1803 4028 2058 4079 quumque
2081 4028 2225 4066 casus
2243 4014 2544 4079 quandoque
2556 4029 2638 4065 oc·

422 4099 641 4159 camut,
661 4097 710 4145 in
732 4094 915 4160 quibus
934 4097 1133 4160 parochi
1150 4110 1208 4146 ex
1230 4098 1525 4148 conscientia
1547 4099 1778 4147 tenentur
1797 4097 2109 4147 matrimonia
2123 4097 2638 4160 iungere,mngIstratu

422 4190 623 4239 pmrsus
646 4178 715 4226 rei
736 4176 921 4234 inscio,
941 4176 1057 4227 inde
1074 4176 1129 4227 iit
1140 4212 1154 4239 ‚
1172 4181 1230 4227 ut
1247 4178 1587 4228 vexationibus
1604 4190 1704 4227 non
1724 4177 1941 4227 mulmis
1962 4177 2213 4228 subiacere
2228 4177 2451 4228 debeant.
2476 4179 2636 4228 Huius

423 4256 607 4308 codicis
626 4257 916 4320 articulum,
940 4257 1026 4320 qui
1050 4257 1148 4308 huc
1166 4258 1396 4320 resmur,
1418 4259 1567 4322 paulo
1589 4260 1702 4322 post
1715 4256 2063 4308 describemus.
2090 4259 2194 4307 Hac
2214 4258 2362 4308 etism
2381 4258 2447 4309 de
2466 4271 2634 4320 canu,

429 4336 486 4384 ut
498 4338 641 4387 antea
660 4338 1021 4401 adnotavimus,
1036 4337 1324 4388 mutinensis
1344 4338 1443 4388 dux
1462 4337 1705 4388 eiusmodi
1725 4338 2154 4403 praescriptionem
2171 4338 2484 4403 taupenvit,
2501 4341 2551 4389 et
2566 4338 2637 4388 sie

430 4412 549 4464 dum
573 4415 760 4468 obtinet
798 4417 944 4469 tinem
961 4455 976 4481 ,
1001 4416 1309 4468 incommoda
1333 4419 1498 4469 omnia
1518 4418 1734 4469 sustulit.

2448 4499 2492 4541 at
