3276 5083
1353 464 1700 519 rsooettmu
1712 500 1725 513 .
2537 518 2542 523 .
2557 470 2640 521 ΧΥ

426 611 593 660 rum
638 583 1070 658 distributio:
1111 589 1382 681 primus
1414 588 1505 661 de
1542 588 1987 660 matrimonio
2034 588 2407 661 christiano
2439 603 2510 661 et
2543 593 2641 662 ci-

427 703 591 775 vili:
644 704 816 775 alter
865 700 960 773 de
1007 699 1291 797 legifera
1342 704 1705 799 utriusque
1748 704 1917 775 iuris
1970 716 2339 797 potestate:
2396 707 2639 781 tertius

430 820 521 891 de
566 818 994 891 matrimonii
1044 816 1330 891 dotibus
1377 818 1802 891 inscribitur.

569 934 765 1019 Quos
788 933 1072 1029 quidem
1099 933 1272 1006 dum
1299 935 1484 1030 typis
1509 932 1954 1008 concedimus
1974 946 2042 1008 et
2066 933 2417 1031 publicam
2441 935 2640 1011 evul-

420 1071 668 1143 gamus
711 1051 785 1119 in
829 1047 1092 1133 lucem,
1129 1050 1178 1119 ii
1212 1060 1397 1120 certe
1438 1071 1578 1121 non
1617 1070 1858 1121 sumus
1904 1050 2029 1143 qui
2072 1048 2469 1122 absolutum
2505 1074 2637 1122 un·

420 1164 639 1260 dique
689 1187 874 1259 opus
894 1216 914 1246 ,
966 1163 1488 1261 perfectamque
1529 1165 1619 1237 de
1670 1166 2119 1237 matrimonio
2160 1167 2637 1238 tractationem

423 1279 745 1376 polliceri
781 1280 1183 1353 audeamus.
1214 1279 1422 1353 Plura
1446 1292 1610 1354 sunt
1633 1302 1855 1374 eaque
1897 1302 2040 1352 nou
2073 1280 2419 1375 vulgaria,
2457 1303 2638 1375 quae

428 1397 502 1466 in
551 1417 630 1467 re
688 1408 828 1466 tam
874 1394 1107 1491 ampla
1149 1408 1219 1467 et
1263 1395 1543 1492 copiosa
1590 1395 2001 1490 pertractari
2058 1392 2429 1467 commode
2469 1417 2637 1490 pos-

425 1523 621 1583 sunt:
678 1533 924 1584 verum
967 1512 1429 1607 praescriptos
1477 1510 1643 1583 huic
1685 1511 1881 1606 operi
1936 1507 2113 1583 fines
2163 1510 2635 1606 praetergredi

421 1626 617 1698 nefas
661 1624 1014 1698 duximus.
1068 1628 1308 1720 Neque
1341 1627 1401 1696 is
1434 1649 1567 1721 ego
1601 1648 1758 1698 sum
1793 1628 1917 1720 qui
1949 1647 2130 1698 nova
2166 1637 2238 1697 et
2270 1624 2635 1721 splendida

421 1765 555 1838 pro
593 1744 803 1815 certis
835 1754 906 1813 et
944 1743 1125 1814 veris
1174 1744 1498 1838 persequi
1545 1741 1887 1815 voluerim
1910 1795 1929 1826 ,
1956 1742 2031 1814 id
2053 1743 2254 1814 unice
2276 1754 2591 1837 satagens
2609 1794 2629 1825 ‚

421 1867 499 1926 ut
533 1858 1018 1950 quaestionem
1053 1854 1344 1928 arduam
1371 1879 1536 1928 sane
1562 1869 1771 1951 atque
1794 1855 2158 1929 difficilem
2195 1855 2469 1929 meliori
2493 1878 2637 1950 qua

420 1992 701 2066 possem
743 1970 901 2044 luce
945 1969 1464 2068 perfunderem.
1509 1973 1589 2044 Id
1623 1977 1682 2046 si
1714 1975 1864 2069 egi,
1917 1986 1993 2044 ut
2037 1994 2283 2068 spero,
2322 1994 2465 2045 non
2510 1994 2636 2068 pa-

417 2109 580 2158 rum
630 2085 1011 2182 profecisse
1068 2110 1182 2161 me
1228 2140 1246 2170 ‚
1312 2101 1517 2185 atque
1573 2090 1658 2159 iis
1720 2092 1840 2185 qui
1905 2078 2180 2184 plenius
2236 2086 2634 2167 huiusmodi

420 2203 779 2272 materiam
829 2214 1251 2297 pertractare
1308 2215 1677 2298 poterunt,
1731 2203 1973 2275 videar
2012 2200 2463 2273 consuluisse.
2498 2203 2634 2272 Ve-

423 2317 690 2387 rissima
736 2330 837 2390 est
886 2317 1091 2390 Tullii
1141 2321 1514 2400 sententia,
1560 2317 1887 2389 omnibus
1922 2320 1991 2387 in
2034 2314 2244 2388 rebus
2273 2313 2634 2387 difficilem

418 2454 570 2503 esse
619 2433 860 2527 optimi
914 2433 1412 2529 perfectionem
1454 2445 1664 2531 atque
1714 2432 2253 2505 absolutionem.
2293 2431 2631 2526 Equidem

414 2547 641 2620 fateor
676 2546 1116 2622 doctissimos
1150 2554 1341 2624 viros
1381 2573 1642 2648 eosque
1666 2573 1808 2624 non
1833 2571 2094 2646 paucos
2118 2568 2401 2622 omnem
2435 2570 2633 2620 suam

413 2685 704 2758 operam
749 2664 824 2736 in
864 2665 1045 2738 hauc
1092 2667 1571 2760 quaestionem
1633 2666 2055 2738 contulisse:
2081 2687 2337 2759 neque
2402 2675 2630 2735 tamen

412 2777 633 2848 ausim
686 2777 925 2850 dicere
964 2777 1174 2874 plana
1211 2803 1360 2852 esse
1404 2780 1641 2852 omnia
1690 2791 1898 2874 atque
1943 2777 2301 2875 explorata
2328 2832 2346 2862 ‚
2410 2798 2630 2873 quum

411 2891 634 2965 multa
667 2893 943 2966 videam
969 2895 1041 2964 in
1071 2916 1214 2966 non
1254 2894 1393 2967 levi
1437 2895 1669 2967 adhuc
1705 2892 2128 2966 obscuritate
2171 2895 2456 2966 versari.
2482 2894 2631 2989 Ego

416 3010 851 3102 quantumin
892 3032 1005 3081 me
1030 3021 1188 3092 est,
1240 3009 1329 3082 ad
1372 3010 1575 3083 hasce
1616 3009 2103 3083 dissolvendas
2149 3009 2467 3083 tenebras
2503 3008 2632 3084 ali-

413 3145 625 3216 quam
660 3144 821 3194 cum
846 3126 1092 3195 ceteris
1124 3125 1344 3197 facem
1391 3124 1711 3198 conferre
1737 3137 2027 3200 conatus
2049 3147 2233 3197 sum.
2263 3126 2411 3197 Hac
2444 3124 2631 3196 enim

412 3239 682 3309 ratione
734 3237 1153 3337 plerumque
1204 3240 1464 3314 factum
1510 3242 1833 3328 videmus
1864 3297 1882 3326 ,
1936 3255 2015 3315 ut
2061 3242 2481 3338 quaeinitio
2519 3241 2630 3334 5¹¹7·

411 3365 598 3424 certa
648 3366 854 3428 erant
904 3369 991 3426 et·
1022 3355 1370 3430 laboriosa
1396 3409 1416 3439 ,
1472 3360 1830 3430 communi
1881 3357 2255 3430 doctorum
2315 3356 2628 3436 virorum

414 3481 667 3541 conatu
721 3482 931 3565 atque
976 3470 1314 3542 industria
1359 3472 1498 3543 iam
1550 3494 1740 3543 nunc
1788 3483 2142 3568 comperta
2196 3466 2525 3560 omnibus
2558 3482 2628 3544 et

415 3583 775 3678 explanata
801 3583 1218 3660 habeantur.
1251 3586 1465 3657 Prout
1501 3588 1751 3682 cuique
1775 3585 2020 3659 datum
2045 3598 2148 3657 est
2180 3585 2349 3657 eniti
2385 3605 2630 3656 omnoe

413 3694 749 3771 debemus
774 3753 792 3782 ‚
865 3714 943 3771 ut
990 3703 1063 3772 in
1110 3723 1552 3774 communem
1616 3703 1993 3796 sapientiae
2044 3700 2448 3773 thesaurum
2501 3699 2628 3774 ali-:-

402 3813 584 3907 quid
639 3837 915 3910 semper
965 3814 1448 3887 conferamus:
1504 3815 1677 3910 quid
1727 3838 1860 3912 pro
1925 3837 2077 3887 mea
2132 3826 2328 3911 parte
2382 3824 2629 3885 contu-

409 3927 650 4011 lerim,
680 3951 928 4001 eorum
972 3933 1094 4024 qui
1134 3932 1500 4025 aequiores
1541 3933 1677 4004 mei
1715 3931 1981 4004 iudices
2023 3944 2231 4003 eruut
2265 3929 2524 4006 iudicio
2555 3941 2626 4001 et

407 4044 788 4116 sententiae
823 4044 1022 4116 facile
1056 4045 1406 4140 relinquo.
1440 4045 1814 4120 Affirmare
1856 4059 2084 4119 tamen
2121 4069 2409 4142 possum
2448 4043 2623 4117 nulli

408 4179 522 4228 me
573 4158 973 4255 diligentiae
1010 4173 1081 4232 et
1117 4159 1345 4233 labori
1399 4162 1822 4257 pepercisse,
1877 4185 2096 4259 quum
2148 4161 2221 4233 id
2270 4160 2348 4230 in
2390 4158 2624 4234 animo

410 4272 776 4347 habuerim
853 4298 1127 4373 semper
1194 4289 1270 4348 ut
1342 4275 1686 4371 quidquid
1763 4279 2184 4374 susceperim
2228 4329 2247 4356 ‚
2322 4272 2624 4346 catholi-

408 4411 561 4460 cam
612 4390 1004 4464 doctrinam
1040 4394 1310 4466 sincero
1347 4393 1665 4468 haustam
1715 4392 1906 4467 fonte
1952 4392 2222 4463 meliori
2261 4413 2406 4488 *qua
2451 4410 2624 4483 pos-
