3276 5083
702 452 837 521 384
1134 475 1254 524 ΗΒ.
1301 476 1345 523 1.
1391 474 1563 524 snm.
1610 474 1869 524 ALTERA.
1913 475 1994 524 M:
2029 474 2293 524 unum.
2328 475 2540 524 civim.

797 656 800 659 ,
841 591 1037 664 Nulla
1078 592 1284 688 igitur
1318 593 1486 666 ratio
1520 609 1625 665 est
1658 592 2157 690 conquerendi,
2198 593 2378 691 quod
2417 618 2584 666 rom.
2631 594 2921 692 pontifex

697 709 1131 781 insurrexerit
1165 709 1491 782 adversus
1528 707 1726 780 talem
1763 706 1976 804 legem
2003 766 2018 793 ,
2061 734 2213 779 cum
2252 707 2624 807 periculum
2662 708 2925 805 ingrue—

696 841 795 897 ret
834 824 1101 924 populis
1154 823 1576 909 christianis,
1628 850 1713 895 ne
1763 849 1842 895 ea
1900 849 1940 894 a
1991 823 2275 921 perditis
2336 822 2924 923 pseudo-politicis

699 941 955 1014 eisdem
1010 941 1482 1040 imponeretur.
1518 941 1695 1012 Sane
1739 940 2066 1038 numquid
2119 939 2749 1038 reprehenderetur,
2806 940 2924 1038 qui

705 1057 1245 1130 animadvertens
1299 1056 1684 1156 quempiam
1724 1083 1842 1155 per
1874 1082 2195 1156 praeceps
2249 1054 2374 1127 iter
2432 1055 2649 1127 facere
2682 1055 2750 1127 in
2787 1082 2924 1154 quo

701 1171 854 1256 alii,
896 1171 1014 1270 qui
1055 1189 1594 1271 praecesserunt,
1640 1171 1771 1244 sibi
1820 1171 2081 1243 ruinam
2132 1171 2552 1257 conscivere,
2607 1170 2928 1244 clamaret

699 1313 784 1359 ne
819 1313 893 1359 se
929 1287 998 1358 in
1039 1288 1215 1359 idem
1251 1287 1527 1360 evidens
1579 1286 1946 1386 periculum
1986 1313 2061 1359 se
2095 1286 2456 1360 collidendi
2496 1285 2926 1359 immitteret?

700 1402 844 1474 Hoc
896 1427 1098 1501 porro
1150 1401 1319 1474 illud
1369 1417 1502 1489 est,
1562 1402 1742 1503 quod
1789 1401 1945 1493 fecit
1979 1427 2147 1474 rom.
2181 1393 2501 1502 pontifex,
2543 1400 2704 1473 dum
2742 1427 2818 1473 se
2849 1428 2923 1473 se

700 1514 861 1589 huic
896 1515 1030 1613 legi
1069 1517 1405 1617 opposuit.
1451 1517 1749 1589 Profecto
1800 1516 1915 1615 qui
1968 1516 2055 1590 ob
2104 1531 2555 1616 peramantem
2593 1515 2921 1589 eiusmodi

701 1631 1230 1706 admonitionem
1291 1648 1713 1731 quereretur,
1770 1631 1952 1705 velut
2002 1632 2348 1705 insaniens
2417 1630 2768 1704 habendus
2819 1658 2928 1704 es-

701 1764 843 1832 set;
917 1747 1126 1820 multo
1192 1774 1349 1821 vero
1409 1748 1626 1844 magis
1677 1748 1795 1847 qui
1849 1746 1976 1820 hac
2025 1747 2110 1819 de
2160 1772 2367 1820 eausa
2414 1745 2739 1820 adversus
2789 1745 2927 1821 sol-

700 1862 963 1935 licitum
1030 1862 1413 1961 pontificem
1477 1862 1696 1959 iurgia
1761 1878 2092 1948 moveret,
2163 1879 2357 1962 prout
2406 1889 2449 1934 a
2498 1888 2630 1936 non
2693 1863 2928 1961 paucis

704 1977 953 2049 factum
999 1994 1105 2049 est
1152 1976 1403 2074 insigni
1455 1977 1700 2074 ingrati
1750 1976 1958 2048 animi
2012 1992 2193 2050 nota.

855 2090 1161 2164 Ceterum
1198 2118 1331 2165 non
1368 2091 1566 2166 modo
1602 2091 1938 2191 principio
1974 2091 2191 2188 logice
2224 2093 2520 2167 absurdo
2555 2094 2935 2166 innituntur

707 2207 1271 2307 pseudo-politici,
1329 2209 1489 2281 dum
1529 2208 1596 2279 in
1634 2207 2016 2281 subsidium
2067 2207 2336 2281 theseos
2389 2234 2554 2281 suae
2604 2209 2933 2281 advocant

703 2323 1081 2423 exemplum
1118 2322 1400 2395 aliarum
1437 2324 1732 2421 gentium
1754 2381 1769 2409 ,
1809 2350 2039 2397 verum
2077 2324 2279 2396 etiam
2318 2340 2547 2397 contra
2581 2324 2929 2398 historiam

709 2438 876 2511 falsa
926 2437 1553 2511 comminiscuntur.
1597 2437 1950 2510 Affirmant
1989 2439 2403 2512 confidenter
2435 2439 2690 2512 nullum
2727 2439 2932 2512 detri-

706 2571 1004 2627 mentum
1041 2578 1480 2652 promanasse
1514 2579 1592 2625 ex
1628 2553 1760 2626 hac
1794 2553 1939 2650 lege
1984 2553 2118 2627 illis
2158 2553 2227 2625 in
2264 2554 2681 2651 regionibus,
2722 2580 2933 2652 penes

706 2695 879 2766 quas
904 2668 1109 2764 viget3
1145 2666 1402 2740 nullum
1429 2668 1747 2741 damnum
1775 2668 1917 2741 sive
1946 2669 2013 2739 in
2044 2667 2424 2741 societatem
2453 2668 2594 2739 sive
2623 2668 2688 2737 in
2719 2667 2931 2741 bonos

708 2808 965 2867 moreS,
1009 2782 1152 2855 sive
1189 2782 1256 2853 in
1294 2782 1699 2855 familiarum
1726 2809 1960 2882 pacem
2006 2782 2262 2854 illatum
2309 2781 2467 2853 inde
2501 2781 2714 2854 fuisse
2764 2784 2938 2855 effu-

708 2898 904 2970 tiunt.
947 2897 1075 2969 Sed
1112 2898 1205 2970 ita
1241 2924 1380 2970 rem
1417 2925 1547 2972 non
1583 2926 1736 2972 esse
1760 2898 1955 2971 facile
1980 2896 2347 2981 evincitur3
2386 2897 2552 2969 satis
2581 2893 2780 2969 nobis
2806 2898 2934 2970 erit

709 3013 777 3085 in
806 3012 1099 3086 medium
1130 3015 1449 3113 proferre,
1491 3042 1667 3114 quae
1694 3040 1906 3114 nuper
1939 3013 2068 3088 hac
2104 3039 2310 3111 super
2345 3039 2416 3085 re
2439 3012 2711 3110 vulgata
2741 3030 2923 3087 sunt.

705 3241 816 3278 mus
839 3229 1054 3292 pontifex
1082 3231 1158 3280 iiis
1181 3231 1342 3281 verbIs
1371 3232 1496 3280 hauc
1524 3230 1744 3280 eamdem
1778 3230 1929 3279 solvit
1960 3228 2329 3279 difficultatem.
2353 3230 2442 3278 «V.
2463 3230 2531 3277 M.
2554 3226 2806 3290 aggiunge,
2840 3225 2936 3275 che

709 3312 881 3371 queste
907 3313 1058 3360 stenae
1081 3312 1202 3374 ieggi
1218 3349 1232 3373 ,
1256 3311 1304 3362 le
1324 3311 1462 3374 quali
1483 3324 1605 3360 sono
1631 3312 1679 3360 iu
1698 3312 1867 3374 vigore
1896 3323 2062 3374 presso
2085 3309 2206 3361 certi
2237 3309 2350 3359 stati
2378 3308 2594 3358 limitroti
2615 3307 2662 3356 al
2687 3319 2831 3368 regno
2851 3306 2932 3356 del

710 3391 984 3451 momente,
1026 3404 1122 3440 non
1163 3393 1326 3441 hanno
1364 3389 1601 3454 impedito
1623 3392 1720 3441 aila
1743 3405 1784 3441 s.
1807 3392 1933 3442 Sede
1955 3390 2007 3440 di
2026 3389 2318 3452 rignei-darii
2345 3402 2437 3438 con
2460 3388 2633 3437 occhio
2653 3388 2704 3437 di
2727 3387 2934 3436 benero-

705 3470 843 3520 ienza
860 3483 889 3520 e
908 3470 960 3521 di
981 3484 1163 3521 amore.
1189 3476 1225 3521 Α
1244 3473 1420 3535 questo
1434 3471 1799 3535 risponderemo
1813 3507 1827 3532 ,
1845 3473 1937 3520 che
1950 3473 1996 3521 ia
2015 3474 2165 3520 stessa
2182 3484 2222 3521 s.
2241 3470 2365 3519 Sede
2381 3483 2482 3520 non
2502 3472 2548 3519 si
2565 3468 2592 3519 ὸ
2606 3471 2712 3518 mai
2731 3471 2933 3532 acquie-

706 3552 826 3600 tata
854 3552 941 3600 sui
956 3549 1096 3612 sacti
1111 3586 1129 3610 ,
1150 3552 1243 3601 che
1264 3551 1308 3601 si
1327 3551 1490 3601 citano
1508 3587 1522 3612 ,
1546 3565 1575 3600 e
1593 3563 1794 3615 sempr-e
1818 3552 1886 3600 ha
1907 3550 2192 3601 reclamato
2222 3552 2394 3599 contro
2414 3551 2585 3612 queste
2606 3549 2728 3612 ieggi
2753 3561 2938 3611 appena

711 3643 775 3680 ne
796 3630 1017 3681 conobbe
1040 3631 1339 3695 l'esistenza,
1359 3630 1737 3682 conservandosi
1754 3632 1909 3680 anche
1932 3630 2104 3680 adesso
2124 3631 2199 3680 ue’
2213 3630 2368 3680 nostri
2388 3629 2595 3679 archivii
2619 3629 2635 3678 i
2657 3629 2938 3678 documenti

711 3710 846 3761 dene
864 3711 984 3761 fatte
998 3711 1330 3762 rimostranze.
1344 3714 1423 3761 Ma
1434 3713 1605 3774 queste
1624 3713 1837 3774 protecte
1853 3723 1950 3759 non
1970 3711 2133 3760 hanno
2157 3710 2253 3759 mai
2270 3708 2593 3773 impedito,ne
2606 3708 2939 3773 impediet-ono

710 3789 762 3840 di
801 3803 967 3842 amare
988 3791 1004 3842 i
1023 3792 1240 3843 cattoiici
1268 3791 1320 3841 (11
1342 3792 1505 3855 quelle
1534 3789 1725 3841 nazioni
1743 3828 1758 3852 ,
1786 3791 1877 3840 che
1896 3787 2102 3851 surano
2128 3790 2372 3839 costr-otte
2408 3802 2439 3839 a
2470 3789 2730 3851 sottoporsi
2753 3787 2941 3838 all’esi-

712 3884 863 3935 genn
890 3870 944 3921 di
973 3873 1144 3934 queste
1171 3871 1353 3934 lagi...
1368 3872 1562 3921 intanto
1586 3869 1703 3933 pero
1729 3882 1825 3919 non
1846 3868 2090 3932 possiamo
2112 3882 2141 3918 a
2162 3881 2333 3928 meno,
2357 3869 2470 3918 anzi
2492 3867 2730 3918 sentiamo
2754 3868 2883 3917 tutto
2909 3868 2944 3917 11

712 3949 880 4001 debito
901 3951 995 4001 che
1014 3951 1058 4000 ci
1078 3963 1218 4002 corre
1244 3949 1295 3999 (11
1320 3948 1575 4012 prevenire
1602 3948 1638 3998 11
1664 3948 1792 3997 male
1809 3961 1895 4012 per
1916 3949 2102 4011 quanto
2122 3946 2184 3996 da
2204 3947 2300 3997 Noi
2318 3945 2551 4010 dipende,
2573 3959 2601 3996 e
2621 3945 2944 3995 dichiariamo

710 4041 738 4078 a
760 4033 823 4079 V.
846 4033 910 4081 Μ.
937 4031 1031 4081 che
1055 4030 1103 4080 ia
1127 4045 1171 4080 s.
1194 4030 1320 4081 Sede
1350 4030 1412 4079 ha
1435 4029 1704 4078 reclamato
1728 4028 1853 4078 altra
1880 4027 2017 4077 volta
2035 4029 2209 4076 contro
2233 4029 2406 4090 questa
2428 4025 2591 4089 legge,
2615 4024 2726 4087 oggi
2746 4024 2828 4089 piu
2851 4025 2944 4073 che

715 4110 813 4160 mai
834 4112 863 4161 e
881 4113 1055 4161 stretta
1071 4111 1155 4161 dai
1178 4109 1427 4162 doveredi
1441 4110 1566 4159 farlo
1586 4122 1730 4160 verso
1747 4110 1782 4159 11
1806 4108 2084 4170 vicinante,
2105 4122 2133 4157 e
2150 4107 2228 4158 uei
2247 4106 2382 4156 modi
2401 4107 2417 4156 i
2436 4105 2518 4168 piu
2539 4105 2754 4167 solenni,
2771 4105 2950 4168 perche

715 4194 933 4256 appunto
970 4192 1004 4240 11
1042 4191 1296 4243 ministero
1332 4190 1384 4240 di
1417 4194 1479 4240 V.
1507 4192 1574 4240 Μ.
1596 4189 1775 4239 invoca
1805 4188 1869 4251 gli
1907 4188 2089 4252 esempi
2123 4187 2175 4237 di
2202 4188 2316 4238 altri
2339 4186 2483 4249 stati,
2509 4185 2587 4235 dei
2607 4186 2741 4248 quali
2767 4184 2945 4234 mnesti

716 4271 897 4335 esempi
916 4270 1141 4322 incumbe
1154 4284 1184 4320 ι
1196 4272 1289 4323 Noi
1302 4271 1337 4320 11
1353 4270 1536 4321 dovere
1550 4268 1600 4319 d’
1615 4268 1887 4333 impedit-ne
1905 4268 1954 4316 ia
1970 4267 2009 4316 ri
2014 4267 2134 4332 prod
2141 4266 2361 4316 uzione.»
2376 4267 2432 4315 ln
2447 4269 2481 4315 Α
2493 4263 2781 4314 llocuzione
2801 4261 2949 4313 della

716 4350 917 4401 santii&
937 4350 993 4401 di
1015 4352 1193 4401 nostro
1214 4353 1420 4412 siqnore
1437 4363 1579 4413 papa
1594 4350 1682 4399 Pio
1698 4350 1780 4397 ix.
1801 4347 1888 4396 nel
1904 4348 2187 4396 consistam
2210 4347 2410 4406 seyr-elo
2427 4342 2505 4392 dei
2531 4350 2606 4393 22.
2626 4344 2783 4391 Genu.
2807 4348 2943 4391 1855.

723 4435 876 4481 Roma
899 4444 1008 4496 pag.
1039 4437 1117 4481 181
1152 4444 1289 4494 seqq.
