3276 5083
691 423 831 497 324
1084 446 1207 496 m.
1250 446 1299 496 1.
1340 445 1515 497 sacr.
1550 446 1810 497 Αιτιιυι.
1853 446 1934 497 ns
1969 445 2230 497 urant.
2275 444 2490 497 ctvm.

685 591 836 640 cum
886 564 1201 664 parochis
1223 623 1239 652 ,
1289 590 1440 639 cum
1483 566 1757 663 optimis
1801 564 2186 665 quibusque
2229 538 2736 639 ¹sacerdotibus:
2779 593 2900 641 eos

684 697 1026 779 tamquam
1078 680 1420 754 invasores
1465 679 1628 777 regii
1675 679 1846 752 iuris
1879 677 2275 766 traducunt,
2315 678 2400 751 ad
2436 679 2898 754 eummodum

683 820 818 894 quo
868 794 1069 894 lupus
1119 793 1440 869 adversus
1492 821 1737 892 agnum
1790 794 2182 882 insurrexit,
2223 820 2304 868 eo
2338 793 2520 894 quod
2556 794 2775 868 locum
2812 813 2901 871 te-
2984 814 3002 837 ⁹

682 936 850 983 nens
900 908 1281 984 inferiorem
1322 911 1410 997 ei,
1458 910 1577 1009 qui
1613 910 1928 1009 superius
1978 925 2160 984 esset
2206 908 2496 1007 positus,
2539 908 2905 984 turbaverit

682 1049 951 1123 aquam.
994 1024 1115 1111 lis,
1160 1025 1277 1123 qui
1314 1024 1385 1096 in
1422 1023 1707 1098 historia
1758 1024 2059 1124 hospites
2110 1023 2310 1124 plane
2359 1048 2494 1097 non
2544 1024 2722 1111 sint,
2780 1051 2905 1124 pa·

683 1139 878 1227 tebit,
911 1165 1017 1227 ea,
1050 1164 1226 1239 quae
1250 1139 1568 1228 dicimus,
1601 1140 1961 1238 genuinam
1990 1139 2237 1213 referre
2261 1139 2611 1214 historiam
2636 1163 2899 1228 eorum,

681 1279 854 1353 quae
888 1254 959 1326 in
993 1253 1321 1328 eiusmodi
1349 1254 1494 1327 sive
1519 1254 1744 1352 regnis
1770 1254 1916 1327 sive
1941 1252 2439 1352 rebuspublicis
2467 1253 2707 1353 quovis
2733 1269 2904 1327 tem·

678 1395 842 1467 pore
873 1369 1313 1468 contigerunt.
1343 1370 1599 1444 Verum
1627 1397 1800 1470 opus
1849 1397 1981 1446 non
2017 1385 2122 1445 est
2157 1387 2232 1442 ut
2266 1370 2353 1442 ad
2391 1369 2899 1469 praeteritorum

680 1499 1050 1584 temporum
1088 1486 1437 1560 historiam
1474 1512 1599 1560 nos
1633 1501 2099 1560 convertamus
2122 1543 2138 1573 ,
2179 1509 2332 1557 cum
2369 1483 2593 1557 adhuc
2626 1483 2715 1558 ob
2746 1509 2903 1558 oeu-

678 1599 782 1674 los
830 1599 1203 1673 habeamus
1228 1638 1261 1686 ‚·
1302 1626 1479 1700 quae
1526 1626 1660 1674 non
1711 1601 1804 1674 ita
1854 1600 2112 1699 pridem
2164 1614 2353 1698 gesta
2404 1613 2563 1672 sunt
2594 1624 2748 1672 cum
2792 1624 2903 1671 ar-

678 1713 1111 1814 chiepiscopo
1168 1714 1570 1811 friburgensi
1606 1715 1677 1786 in
1712 1715 2021 1812 Bisgovia
2042 1772 2059 1802 ,
2099 1741 2222 1789 seu
2256 1714 2326 1786 in
2360 1739 2604 1812 magno
2647 1713 2901 1787 ducatu

676 1824 963 1900 Badensi
985 1884 1002 1914 ,
1056 1853 1182 1901 nec
1229 1853 1363 1902 non
1412 1853 1565 1902 cum
1615 1827 1771 1901 aliis
1821 1828 2163 1928 episcopis
2207 1845 2274 1901 et
2309 1827 2774 1902 sacerdotibus
2821 1828 2897 1900 in

678 1941 926 2014 ducatu
974 1943 1391 2017 nassaviensi
1419 1999 1435 2029 ,
1477 1943 1546 2015 in
1583 1943 1886 2017 Helvetia
1910 2000 1927 2030 ,
1982 1944 2053 2015 in
2105 1942 2449 2042 republica
2498 1944 2552 2014 N
2556 1967 2903 2040 eo-grana-

677 2056 892 2143 tensi,
946 2056 1239 2157 aliisque
1285 2056 1690 2145 ditionibus,
1746 2073 1821 2131 ut
1868 2056 2004 2130 alia
2054 2073 2496 2156 praeteream,
2552 2081 2729 2156 quae
2778 2082 2902 2129 an-

676 2170 785 2244 nis
827 2172 1290 2271 superioribus
1325 2172 1395 2244 in
1431 2198 1640 2271 regno
1674 2174 2032 2248 Borussiae
2065 2189 2131 2245 et
2163 2172 2326 2246 alibi
2378 2171 2590 2247 oculis
2643 2171 2894 2246 nostris

675 2286 1170 2384 conspeximus.
1211 2286 1296 2359 Et
1329 2285 1496 2360 haec
1529 2286 1804 2386 quidem
1846 2285 2016 2359 nihil
2060 2286 2367 2363 obstante
2410 2284 2681 2386 publica
2714 2285 2850 2359 fide
2874 2344 2893 2373 ,

679 2400 1075 2500 interposita
1126 2402 1327 2475 etiam
1378 2402 1783 2502 quandoque
1833 2401 2267 2476 iurisiurandi
2324 2400 2644 2499 religione
2677 2400 2765 2473 de
2797 2426 2901 2474 ec-

673 2513 920 2590 clesiae
952 2515 1323 2592 catholicae
1374 2517 1636 2592 iuribus
1686 2534 1924 2593 sancte
1970 2516 2351 2593 servandis.
2471 2585 2474 2588 .

821 2629 1010 2703 Hanc
1060 2631 1279 2729 ipsam
1334 2632 1571 2730 agendi
1629 2633 1952 2707 rationem
2014 2631 2397 2706 didicerunt
2446 2630 2627 2706 haud
2680 2657 2899 2731 pauca

673 2742 1146 2818 catholicorum
1214 2745 1539 2844 gubernia
1574 2775 1589 2832 ;
1659 2773 1814 2819 nam
1864 2746 2098 2822 eadem
2152 2745 2477 2819 ecclesiae
2522 2745 2898 2820 catholicae

676 2859 824 2930 iura
875 2857 1239 2946 invadunt,
1298 2877 1372 2933 ut
1418 2862 1481 2934 ei
1533 2861 2000 2947 dominentur,
2058 2859 2602 2959 archiepiscopos
2643 2876 2710 2934 et
2748 2860 2895 2959 epi-

672 2996 914 3071 scopos
936 3029 952 3059 ‚
1010 2973 1124 3073 qui
1176 3000 1343 3048 suae
1391 2975 1852 3075 obsequuntur
1901 2975 2352 3050 conscientiae
2371 3032 2387 3062 ,
2429 3000 2552 3050 nec
2595 3001 2727 3050 non
2773 3001 2894 3075 pa-

677 3085 915 3160 rochos
942 3144 957 3175 ,
1016 3088 1620 3189 sanctissimosque
1659 3089 2039 3164 sacerdotes
2087 3089 2286 3164 bonis
2330 3088 2709 3187 expoliant,
2766 3095 2895 3162 tor—

672 3218 913 3299 quent,
954 3217 1220 3290 vexant,
1254 3200 1453 3276 exilio
1494 3202 1819 3290 multant,
1860 3229 1940 3278 eo
1982 3203 2163 3303 quod
2197 3202 2402 3276 velint
2435 3201 2714 3275 reddere
2747 3201 2893 3274 Deo

670 3341 843 3413 quae
883 3316 1005 3389 Dei
1047 3332 1235 3404 sunt,
1281 3343 1403 3392 nec
1444 3343 1525 3391 ea
1548 3375 1565 3404 ,
1614 3344 1790 3417 quae
1839 3318 1960 3391 Dei
2011 3334 2203 3405 sunt,
2260 3317 2538 3417 prodere
2577 3315 2879 3389 Caesari.

816 3430 1015 3504 Dirae
1050 3431 1434 3506 istiusmodi
1475 3431 1691 3506 luctae
1725 3432 2056 3506 interdum
2104 3456 2226 3530 per
2268 3456 2482 3506 annos
2531 3455 2612 3504 ac
2659 3429 2890 3504 secula

670 3542 1070 3642 perdurant,
1143 3546 1359 3620 donec
1424 3545 1693 3620 tandem
1741 3547 2053 3621 ‘ecclesia
2103 3572 2230 3621 sua
2298 3547 2450 3645 ipsa
2508 3546 2888 3619 resistentia

668 3659 811 3732 sive
838 3660 1068 3758 potius
1098 3661 1420 3760 patientia
1463 3662 1708 3758 iugiter
1748 3663 2025 3735 vincens
2060 3660 2331 3761 plenum
2377 3661 2617 3735 reserat
2653 3662 2889 3735 trium-

668 3772 904 3870 phum.
965 3776 1267 3849 Attamen
1314 3801 1439 3848 vae
1482 3775 1684 3864 filiis,
1735 3777 1850 3877 qui
1889 3778 2212 3850 moestitia
2244 3792 2399 3850 sunt
2429 3779 2661 3850 matris
2693 3803 2874 3861 suae,

668 3904 808 3960 tum
862 3889 931 3960 in
979 3890 1312 3988 praesenti
1365 3907 1502 3965 tum
1540 3892 1610 3964 in
1648 3891 1869 3967 futuro
1911 3891 2201 3966 saeculo.
2245 3892 2508 3966 Etenim
2548 3890 2878 3965 eiusmodi

668 3999 903 4073 furiosi
945 4004 1267 4080 ecclesiae
1304 4006 1532 4080 hostes
1568 4005 1901 4080 bullarum
1947 4007 2159 4080 instar
2193 4033 2399 4107 super
2430 4031 2643 4107 aquas
2676 4031 2883 4079 emer-

666 4116 963 4211 gentium
1019 4119 1202 4194 brevi
1255 4138 1600 4196 transeunt
1633 4139 1836 4222 atque
1870 4139 2316 4209 evanescunt,
2365 4121 2884 4219 districtumque

667 4228 988 4303 iudicium
1041 4236 1221 4333 apud
1288 4237 1506 4335 ipsius
1558 4237 1885 4312 ecclesiae
1935 4240 2270 4337 Sponsum
2321 4237 2685 4337 aliquando
2726 4236 2884 4310 sub-

667 4343 879 4417 ibunt.
926 4346 1183 4421 Interea
1237 4377 1456 4425 nonne
1508 4353 1926 4451 tyrannicum
1973 4368 2116 4443 est,
2162 4352 2484 4428 ecclesiae
2535 4352 2884 4428 ministros
