3276 5083
666 408 802 476 256
1061 430 1183 477 ιιι.
1227 430 1273 476 1.
1314 427 1487 476 sm.
1522 426 1780 475 urm.
1823 426 1904 473 ns
1939 423 2201 473 ιΑτιιιι.
2243 423 2459 471 cnm.

1522 591 1848 649 culn·
1891 591 2007 645 11.

941 766 1021 813 DE
1071 762 1442 815 numuoffll
1493 762 1717 811 mvlus
1768 760 2023 810 mummi:
2074 761 2147 809 m·
2201 760 2579 810 rnoenssssu.

1521 923 1939 981 ARTICULUS
1964 924 2012 980 1.

886 1086 1085 1161 Neque
1123 1087 1183 1141 in
1222 1081 1649 1154 ecclesiastica,
1693 1094 1877 1154 neque
1916 1080 1977 1135 in
2017 1077 2248 1136 ethnica
2286 1079 2636 1153 antiquitate

1103 1180 1455 1238 matrimoni}
1495 1176 1686 1235 civilis
1727 1177 1889 1251 origo
1930 1176 2175 1233 inveniri
2216 1180 2421 1249 potest.

809 1334 1119 1429 Magnum
1184 1354 1450 1427 semper
1506 1327 1723 1401 cuivis
1783 1350 2031 1399 causae
2088 1323 2406 1396 damnum
2456 1322 2675 1395 attulit
2724 1324 2874 1422 ipsa

663 1448 757 1521 rei
800 1446 1060 1521 novitas
1097 1444 1166 1515 in
1203 1444 1314 1528 iis,
1356 1467 1530 1541 quae
1568 1441 1655 1514 ad
1697 1440 2090 1537 religionem
2127 1452 2454 1536 spectant.
2491 1438 2764 1511 Novitas
2801 1439 2870 1509 in

662 1561 1007 1659 religionis
1057 1558 1322 1655 negotio
1371 1571 1624 1633 certum
1667 1569 1771 1628 est
1810 1554 2134 1627 indicium
2183 1552 2530 1637 falsitatis,
2579 1578 2877 1649 praeser-

660 1677 777 1747 tim
816 1674 875 1747 si
914 1673 1191 1746 novitati
1239 1670 1569 1745 ecelesiae
1621 1667 2000 1767 reprobatio
2049 1667 2429 1741 accesserit.
2482 1667 2670 1739 Talia
2717 1691 2877 1739 vero

659 1816 815 1864 esse
861 1786 1199 1867 connubia
1256 1785 1483 1860 civilia
1541 1809 1748 1883 penes
1808 1782 2284 1856 christifideles
2337 1807 2443 1855 res
2502 1798 2608 1852 est
2653 1779 2880 1878 explo-

661 1905 1023 1981 ratissima.

801 2021 899 2093 Ex
958 2046 1093 2121 quo
1147 2020 1328 2093 enim
1387 2017 1758 2091 'christiana
1817 2016 2058 2112 religio
2112 2012 2542 2088 disseminari
2603 2010 2825 2109 eoepit
2849 2068 2868 2096 ‚

660 2134 958 2208 fidelium
1008 2134 1322 2230 coniugia
1371 2147 1711 2233 tamquam
1763 2158 1956 2204 sacra
1994 2129 2238 2203 ‘habita
2279 2144 2436 2201 sunt
2474 2127 2546 2199 in
2588 2126 2875 2200 ecclesia

660 2251 1008 2335 universa,
1069 2264 1271 2349 atque
1309 2246 1407 2323 >ab
1456 2273 1537 2320 ea
1587 2245 1880 2343 regenda
1911 2261 1977 2319 et
2010 2242 2446 2343 moderanda..
2484 2240 2868 2340 Siquidem,

659 2392 895 2464 quum,
933 2364 1216 2441 docente
1240 2360 1591 2459 Apostolo,
1625 2358 1978 2435 christiani
2004 2355 2320 2430 connubii
2356 2350 2515 2427 finis
2541 2354 2775 2439 fuerit,
2807 2367 2882 2425 ut

661 2481 873 2556 forma
921 2495 1103 2554 esset
1123 2535 1141 2565 ,
1196 2478 1343 2552 sive
1394 2477 1462 2550 in
1516 2502 1667 2556 sese
1718 2475 1991 2548 referret
2038 2470 2573 2547 coniunctionem
2624 2468 2878 2541 Christi

662 2623 814 2670 cum
865 2593 1184 2681 ecelesia,
1225 2609 1299 2667 et
1347 2593 1617 2688 signum
1666 2591 1908 2668 efficax·
1938 2588 2225 2686 gratiae,
2271 2583 2625 2657 conferens
2678 2583 2882 2653 nimi-

661 2736 807 2782 rum
845 2709 1127 2806 gratiam
1171 2707 1257 2778 ad
1297 2704 1720 2778 dilectionem
1766 2697 2334 2802 supernaturalem
2373 2693 2729 2766 fovendam
2774 2694 2881 2765 in-

664 2839 764 2895 ter
812 2822 1168 2918 coniuges,
1214 2820 1345 2893 boc
1389 2821 1536 2919 ipso
1578 2817 1977 2892 sacramenti
2030 2812 2194 2887 ratio
2234 2806 2709 2907 inseparabilis
2763 2833 2881 2881 ex-

664 2938 798 3010 titit
844 2963 887 3009 a
935 2936 1303 3010 christiano
1355 2934 1620 3008 foedere
1672 2931 1983 3031 nuptiali.

807 3052 949 3124 Hac
998 3051 1084 3123 de
1133 3076 1343 3123 eausa
1391 3066 1465 3121 ut
1514 3048 1754 3120 intima
1794 3045 1963 3118 baec
2018 3036 2519 3116 sacramentalis
2582 3037 2877 3133 coniugii

662 3167 1013 3243 christiani
1065 3165 1358 3264 qualitas
1420 3162 1547 3238 sub
1609 3159 1851 3236 sensus
1911 3152 2401 3258 quodammodo
2452 3152 2755 3238 caderet,
2813 3168 2881 3224 et

661 3283 959 3358 omnium
996 3297 1367 3381 patesceret
1398 3279 1693 3364 obtutui,
1727 3275 2038 3358 ecclesia,
2071 3287 2147 3343 ut
2171 3293 2373 3367 saepe
2402 3268 2715 3366 superius
2742 3266 2884 3339 ani-

662 3398 1177 3483 madvertimus,
1221 3396 1551 3495 quosdam
1587 3394 1757 3465 ritus
1798 3387 2113 3472 adscivit,
2155 3382 2401 3481 quibus
2437 3383 2712 3480 dignius
2748 3409 2882 3454 ma-

665 3516 924 3615 iorique
956 3539 1107 3587 cum
1145 3511 1516 3584 reverentia
1550 3535 1631 3581 ac
1663 3505 2089 3579 veneratione
2127 3498 2439 3594 coniugia
2473 3499 2885 3572 celebraren-

664 3650 791 3706 tur.
851 3632 1032 3703 Inter
1079 3645 1299 3702 cetera
1348 3624 1726 3707 constituit,
1766 3637 1841 3693 ut
1892 3639 2181 3717 sponsus
2233 3628 2297 3685 et
2347 3639 2598 3712 sponsa
2649 3614 2881 3687 inituri

661 3746 1044 3842 coniugium
1093 3768 1318 3816 coram
1366 3741 1865 3837 episcopo‚'aut
1896 3730 2241 3805 sacerdote
2279 3753 2354 3800 se
2398 3728 2747 3814 sisterent,
2796 3727 2882 3801 ad

665 3888 817 3937 sese
856 3857 1404 3936 communiendos
1439 3852 1904 3928 benedictione
1940 3844 2249 3945 nuptiali.
2301 3842 2483 3916 Haec
2518 3859 2737 3915 autem
2774 3843 2886 3915 be-

666 3978 958 4052 nedictio
1010 4002 1143 4049 non
1195 3972 1281 4047 ad
1334 3970 1516 4046 solos
1567 3965 2037 4043 contrahentes
2089 3957 2572 4041 coarctabatur,
2629 3954 2749 4028 sed
2798 3957 2885 4027 ad

665 4092 906 4166 anulos
927 4149 942 4177 ,
989 4091 1170 4172 vela,
1220 4113 1502 4163 coronas
1544 4080 2038 4183 porrigebatur,
2085 4102 2220 4176 quo
2257 4072 2602 4170 augustior
2642 4069 2888 4142 solem-

665 4209 949 4306 niorque
997 4218 1364 4303 apparatus
1409 4202 1629 4285 fieret,
1673 4212 1878 4294 atque
1913 4209 1988 4266 ut
2029 4217 2108 4265 ex
2149 4186 2538 4287 multiplici,
2579 4208 2754 4281 quae
2792 4184 2891 4256 ef·—

667 4324 1092 4404 sundebatur‚
1136 4346 1334 4418 prece
1366 4316 1637 4390 uberior
1676 4336 1881 4409 super
1924 4334 2209 4409 sponsos
2250 4302 2465 4402 gratia
2510 4299 2885 4401 obveniret.
