3276 5083
602 383 740 454 232
987 408 1105 460 m.
1152 409 1195 458 ι.
1240 407 1409 459 sscr.
1454 408 1712 459 uram.
1764 409 1841 458 ns
1876 408 2136 461 uranu.
2180 409 2391 461 c1v1u.

598 523 888 620 gamiam
935 522 1214 622 legalem
1267 541 1602 625 tamquam
1648 523 2014 599 remedium
2061 542 2509 624 opportunum
2561 529 2808 604 consti-

592 655 814 727 tuere,
869 638 1038 712 nihil
1078 655 1224 728 est,
1273 640 1452 741 quod
1503 640 1742 716 obstet.

736 753 959 828 Huius
1010 756 1103 827 rei
1156 754 1475 828 indicium
1526 755 1886 831 vehemens
1940 756 2214 856 praebet
2253 758 2612 856 propensio
2648 757 2797 844 illa,

594 896 768 970 quae
810 870 880 941 in
918 870 1066 943 dies
1103 870 1324 967 magis
1360 895 1438 942 ac
1472 872 1686 968 magis
1729 873 1800 943 in
1836 870 2035 945 rebus
2070 872 2472 973 quibusdam
2515 871 2807 972 publicis

596 984 827 1085 patefit
864 986 943 1056 'in
995 986 1607 1084 protestantismum
1631 1043 1648 1072 ‚
1690 987 1806 1085 qui
1844 1002 2058 1060 aetate
2098 988 2226 1061 hac
2276 1004 2503 1064 nostra
2536 1014 2668 1061 non
2703 1005 2808 1062 est

595 1100 727 1173 nisi
768 1098 1048 1200 pallium
1075 1125 1154 1173 ac
1178 1098 1387 1185 larva,
1427 1124 1566 1198 qua
1599 1125 1676 1172 se
1709 1101 2139 1175 incredulitas
2174 1103 2494 1200 contegit,
2529 1119 2595 1176 et
2624 1103 2804 1202 quod

595 1239 1019 1313 consequens
1054 1230 1192 1301 est,
1252 1213 1446 1287 foeda
1495 1238 1751 1287 morum
1801 1216 2159 1314 corruptio.
2193 1215 2385 1289 Hunc
2415 1242 2569 1291 vere
2603 1216 2803 1291 finem

594 1328 864 1403 unicum
903 1326 1190 1415 dixeris,
1216 1325 1316 1400 -ob
1351 1353 1551 1427 quem
1586 1341 1690 1400 tot
1727 1325 2017 1401 libertini
2069 1345 2137 1402 et
2183 1328 2508 1403 increduli
2551 1331 2807 1428 praesi-

594 1442 729 1517 diis
759 1441 1092 1516 omnibus
1131 1442 1520 1515 adnituntur
1563 1442 2182 1540 protestantismum
2225 1470 2643 1543 promovere,
2683 1472 2805 1519 seu

596 1557 821 1658 potius
864 1555 1386 1655 protestantismi
1421 1582 1701 1643 -nomen,
1757 1581 1892 1656 quo
1943 1556 2205 1630 Cacilius
2255 1557 2573 1657 populum
2624 1557 2806 1632 deci·

595 1672 807 1771 piant.
842 1672 1008 1744 Nam
1041 1670 1288 1769 quiita
1325 1686 1482 1743 sunt
1522 1669 1747 1743 animo
1796 1672 2195 1769 comparati,
2236 1698 2368 1745 non
2403 1670 2620 1769 magis
2653 1698 2807 1771 pro-

595 1786 1010 1860 testantismo
1053 1784 1617 1884 quameoclesiae
1661 1784 1860 1858 fidem
1897 1785 2291 1883 adiungunt.
2327 1786 2671 1860 Eiusmodi
2709 1788 2805 1860 si-

593 1900 867 2004 quidem
917 1899 1225 1973 homines
1258 1900 1683 1998 experientia
1730 1899 1947 1974 edocti
1998 1900 2245 1975 saeculi
2306 1900 2565 2001 elapsi,
2623 1902 2800 2003 quod

593 2043 724 2091 non
791 2014 1008 2117 possit
1074 2013 1507 2088 incredulitas
1535 2071 1551 2100 ‚
1606 2039 1729 2087 seu
1789 2014 2367 2115 philosophismus
2417 2016 2805 2090 incredulus

593 2133 853 2208 radices
903 2131 1107 2229 figere
1157 2130 1329 2203 inter
1376 2129 1734 2229 populum,
1772 2131 1832 2203 si
1868 2131 2087 2204 nudus
2139 2148 2577 2231 proponatur,
2628 2159 2805 2206 nunc

593 2249 911 2350 temporis
953 2274 1152 2334 eum,
1190 2262 1268 2320 ut
1287 2246 1394 2319 ita
1428 2244 1698 2346 loquar,
1737 2246 2032 2319 vestiunt
2063 2246 2586 2344 protestantismi
2620 2247 2805 2322 larva

593 2393 674 2441 ac
707 2366 975 2441 nomine
994 2422 1012 2453 ‚
1063 2361 1506 2463 quomdamei
1541 2362 1930 2435 exteriorem
1970 2361 2357 2459 religiosum
2408 2380 2800 2463 apparatum

593 2479 1014 2557 circumdant
1043 2535 1059 2566 ,
1115 2493 1188 2551 ut
1237 2477 1328 2550 ita
1379 2474 1909 2550 incredulitatem
1962 2475 2211 2575 populo
2261 2478 2552 2567 erranti,
2604 2494 2672 2552 et
2715 2478 2802 2553 ab

591 2595 916 2670 eeclesiae
942 2593 1098 2666 sinu
1122 2589 1457 2663 abstracto
1482 2590 1745 2662 facilius
1781 2591 2163 2688 propinent.
2198 2591 2541 2666 Eiusmodi
2582 2610 2802 2667 autem

593 2705 1121 2808 protestantismi
1165 2704 1348 2776 larva
1399 2703 1606 2777 semel
1648 2702 1944 2790 inducta,
1990 2703 2239 2779 nullius
2272 2707 2518 2803 negotii
2545 2734 2651 2780 res
2675 2709 2804 2781 erit

594 2809 1016 2924 polygamiae
1056 2820 1423 2894 libertatem
1464 2844 1886 2918 promovere,
1930 2821 2334 2919 persuadere
2366 2839 2569 2922 atque
2598 2824 2797 2897 etiam

594 2938 861 3013 sancire
904 2938 1074 3035 lege.

738 3053 1109 3128 Accedente
1147 3053 1416 3128 demum
1466 3054 1951 3130 communismo
1975 3110 1991 3139 ,
2040 3054 2157 3153 qui
2192 3079 2233 3127 a
2266 3054 2800 3154 protestantismo

593 3171 843 3272 pariter
895 3170 1190 3268 gignitur
1219 3227 1245 3258 .‚
1310 3171 1563 3272 quique
1614 3171 1794 3245 vires
1850 3197 2111 3270 semper
2167 3170 2511 3245 ulteriores
2568 3172 2804 3271 acqui-

596 3288 682 3360 rit
716 3288 897 3383 (40),
930 3286 1264 3386 quomodo
1314 3288 1557 3386 poterit
1602 3286 1821 3362 civilis
1869 3286 2264 3372 auctoritas,
2310 3312 2485 3385 quae
2525 3287 2589 3360 ei
2623 3288 2800 3361 viam

593 3401 862 3490 stravit,
918 3426 1221 3475 amovere
1270 3400 1754 3502 polygamiam‚
1794 3428 1969 3502 quae
2003 3417 2340 3500 tamquam
2389 3400 2613 3476 minus
2663 3429 2803 3477 ma·-

594 3516 733 3589 lum
774 3515 1059 3589 habetur
1106 3542 1307 3616 quam
1358 3517 1738 3616 promiscua
1779 3515 2215 3590 foeminarum
2243 3516 2675 3591 communio?

738 3629 841 3702 En
894 3630 1118 3730 itaque
1152 3656 1287 3730 qua
1319 3630 1575 3704 ratione
1606 3656 1690 3703 ex
1722 3630 1938 3728 primo
1978 3626 2227 3702 annulo
2269 3643 2402 3701 tota
2450 3647 2803 3705 connecta-

592 3763 704 3818 tur
734 3763 1004 3833 catena,
1035 3745 1122 3819 ab
1146 3771 1360 3846 eoque
1393 3746 1701 3845 pendeat.
1744 3745 2233 3820 Concludamus
2267 3745 2493 3845 itaque
2526 3772 2800 3821 necesse

594 3875 700 3932 est
743 3859 1167 3934 verissimum
1218 3859 1488 3934 omnino
1537 3886 1691 3936 esse
1723 3918 1739 3947 ‚
1809 3860 1987 3961 quod
2051 3860 2553 3933 enunciavimus
2587 3917 2602 3945 ,
2658 3859 2799 3932 sive

743 4035 846 4099 (40)
875 4036 952 4087 cr.
969 4038 1194 4090 A.sudre
1207 4040 1437 4091 Bistam
1460 4039 1538 4091 du
1562 4042 1931 4091 communtsme
1958 4038 2226 4102 quatrieme
2247 4038 2365 4089 edit.
2387 4037 2634 4089 Bruxelles
2660 4041 2795 4088 1850.

593 4114 737 4179 chop.
755 4116 860 4166 xv.
880 4116 1008 4166 suiv.
1028 4119 1152 4168 Item
1173 4120 1214 4168 1.
1232 4121 1270 4170 Ι.
1293 4119 1558 4171 Thonissen
1592 4122 1662 4171 Le
1694 4118 1984 4169 sociali-cmo
2004 4116 2188 4183 depuis
2206 4113 2727 4181 ranuquuejusquu
2747 4115 2804 4166 la

587 4195 930 4246 constitution
953 4195 1232 4258 francas-se
1266 4197 1341 4250 du
1380 4202 1453 4250 14.
1494 4201 1719 4250 Janvur
1752 4205 1886 4250 1852.
1919 4199 2108 4250 Loum
2145 4205 2279 4250 1852.
2311 4200 2430 4248 tom.
2465 4197 2505 4244 1.
2536 4195 2680 4259 chap.
2714 4197 2799 4247 Vl.

593 4274 880 4326 Prae-mim
903 4287 1022 4327 vero
1050 4276 1300 4341 egregium
1329 4291 1453 4343 opus
1473 4279 1677 4343 Augusti
1705 4278 1899 4331 moola
1922 4282 2008 4330 Du
2032 4279 2454 4345 prolatanti-ente
2473 4276 2524 4324 et
2544 4274 2610 4327 de
2632 4278 2802 4327 tontes

593 4353 666 4404 les
688 4353 907 4407 haram
927 4356 1066 4412 dm
1093 4357 1236 4414 {eun
1266 4362 1508 4423 rapport:
1540 4372 1668 4411 avoc
1697 4359 1747 4411 le
1774 4359 2081 4412 sociatum.
2116 4359 2253 4412 Paris
2285 4364 2416 4408 ¹⁸52.
