3276 5083
597 449 732 518 150
979 470 1101 520 un.
1143 471 1214 521 ιι.
1258 469 1429 520 stc-r.
1473 471 1518 518 ι.
1563 469 1643 519 nt
1677 467 1937 519 uram.
1974 465 2406 518 ucuutmo.

595 587 975 687 nuptiarum
996 644 1012 675 ,
1068 612 1148 660 ac
1197 587 1445 659 rituum
1472 644 1488 673 ,
1528 584 1780 685 quibus
1815 581 2224 657 connubium
2258 579 2665 665 celebratur,
2704 595 2807 653 ta-

595 702 725 774 lem
776 727 930 774 esse
977 701 1093 799 qui
1147 700 1517 774 sanctificet
1565 698 2102 772 coniunctionem
2128 754 2144 783 ‚
2200 721 2338 795 qua
2388 720 2681 793 sponsus
2744 712 2810 768 et

595 841 846 915 sponsa
909 816 1241 889 mediante
1310 831 1540 887 mutuo
1603 838 1938 887 consensu
2001 812 2173 884 inter
2239 835 2314 883 se
2381 807 2803 909 copulantur.

594 932 828 1005 Totum
876 931 1055 1003 enim
1091 929 1384 1003 officium
1420 928 1785 1002 sacerdotis
1820 952 1978 1023 erga
2015 924 2340 998 nubentes
2375 924 2445 994 in
2482 948 2563 995 eo
2593 938 2705 995 est
2737 937 2813 994 ut

595 1045 905 1145 precibus
957 1071 1037 1118 ac
1085 1044 1540 1129 orationibus,
1600 1041 1821 1116 fausta
1881 1039 2109 1114 omnia
2168 1037 2305 1110 illis
2363 1035 2761 1134 adprecatur
2789 1093 2805 1121 ‚

594 1161 736 1234 sive
786 1161 854 1231 in
905 1159 1373 1244 coronatione,
1432 1158 1575 1230 sive
1626 1157 1696 1227 in
1748 1155 2147 1229 annulorum
2192 1151 2645 1251 porrectione;
2688 1175 2813 1224 nec

591 1274 869 1347 verbum
922 1273 1194 1373 quidem
1235 1288 1352 1344 'est
1375 1329 1392 1359 ,
1434 1295 1569 1370 quo
1605 1270 2024 1367 significetur
2054 1266 2468 1341 sacerdotem
2505 1290 2658 1338 esse
2691 1265 2812 1364 qui

594 1416 881 1489 sponsos
910 1390 979 1461 in
1006 1386 1501 1460 matrimonium
1531 1385 2048 1481 coniungat,aut
2065 1395 2555 1455 sacramentum
2585 1381 2813 1478 ipsum

592 1505 840 1578 efficiat
887 1519 954 1580 et
1001 1501 1317 1575 conserat.
1363 1499 1575 1599 quue
1610 1499 1778 1572 adeo
1812 1524 2046 1571 verum
2082 1512 2218 1584 est,
2258 1513 2334 1568 ut
2365 1495 2609 1569 exinde
2644 1521 2813 1569 non-

594 1617 760 1689 nulli
809 1615 1135 1712 theologi,
1193 1642 1313 1689 seu
1348 1613 1590 1687 melius
1625 1614 1743 1712 qui
1781 1613 1851 1684 in
1888 1611 2102 1684 sacris
2138 1608 2578 1684 missionibus
2629 1609 2813 1708 apud

595 1733 780 1829 ipsos
828 1729 1299 1815 versabantur,
1359 1753 1712 1826 perperam
1768 1726 2149 1825 putaverint
2184 1750 2391 1823 penes
2424 1749 2700 1821 graecos
2745 1739 2817 1797 et

593 1842 949 1917 orientales
1000 1868 1132 1916 non
1185 1840 1460 1938 agnosci
1512 1840 1897 1938 coniugium
1948 1854 2029 1912 ut<
2072 1854 2610 1925 sacramentum;
2652 1837 2818 1937 quia

596 1984 837 2056 nempe
872 1957 940 2027 in
978 1958 1277 2066 ipsorum
1333 1955 1647 2064 precibus
1684 1981 1765 2027 ac
1802 1952 2044 2026 ritibus
2081 1978 2213 2026 non
2260 1954 2589 2025 invenerit
2634 1952 2818 2052 quod

597 2071 1051 2152 necessarium
1086 2086 1191 2144 est
1223 2070 1308 2142 ad
1336 2085 1828 2143 sacramentum
1854 2124 1870 2155 ,
1905 2082 2239 2166 quatenus
2268 2064 2526 2139 scilicet
2550 2066 2819 2140 diversa

597 2187 850 2260 ratione
884 2185 970 2259 ab
1005 2210 1121 2272 ea,
1164 2210 1340 2284 quae
1373 2182 1628 2258 obtinet
1654 2183 1725 2255 in
1752 2181 2041 2256 ecclesia
2067 2180 2308 2268 latina,
2349 2181 2820 2279 conspexerint

593 2300 916 2374 celebrari
969 2299 1389 2398 coniugium,
1446 2324 1618 2397 quos
1667 2297 1940 2397 quidem
1992 2297 2135 2369 iure
2185 2296 2406 2392 arguit
2454 2295 2820 2396 improbat-

600 2441 731 2514 que
780 2414 1240 2488 Renaudotius
1284 2415 1462 2510 (22).

739 2528 1044 2602 Ceterum
1080 2555 1231 2602 cum
1267 2528 1604 2601 secundae
1638 2528 1917 2626 nuptiae
1946 2585 1962 2615 ,
2003 2525 2212 2600 multo
2246 2552 2407 2601 vero
2442 2525 2661 2624 magis
2695 2541 2818 2599 ten-

597 2644 728 2715 tiae
764 2668 886 2715 nec
917 2658 1423 2726 coronarentur,
1466 2667 1589 2714 nec
1624 2640 2176 2715 benedicerentur
2201 2699 2218 2728 ,
2261 2642 2466 2716 immo
2515 2668 2668 2715 cum
2720 2641 2810 2727 ii,

596 2756 712 2854 qui
742 2756 1036 2829 secundo
1055 2812 1070 2843 ,
1103 2771 1220 2828 aut
1245 2755 1438 2828 tertio
1466 2757 1900 2855 nupsissent,
1934 2757 2380 2856 poenitentiae
2407 2756 2820 2830 subiiceren-

598 2887 735 2956 tur,
794 2885 973 2968 patet
1020 2869 1199 2970 apud
1234 2869 1591 2944 orientales
1616 2928 1632 2958 ,
1677 2871 1793 2971 qui
1832 2887 2051 2944 tamen
2088 2887 2161 2943 ut
2196 2888 2680 2946 sacramentum
2715 2898 2819 2944 re-

595 2985 933 3085 cipiebant
980 2985 1109 3058 hoc
1159 2985 1524 3059 secundum
1578 2987 1927 3061 tertiumve
1962 2987 2501 3074 matrimonium,
2542 2986 2819 3060 minime

597 3117 960 3201 spectatam
996 3102 1207 3175 fuisse
1239 3120 1313 3175 ut
1346 3102 1771 3176 essentialem
1812 3103 1957 3175 sive
1994 3102 2498 3177 coronationem
2536 3102 2678 3176 sive
2703 3101 2818 3175 be—

596 3218 1039 3291 nedictionem
1102 3218 1186 3291 ad
1248 3232 1744 3291 sacramentum
1812 3218 2349 3291 constituendum
2405 3219 2580 3314 (23).
2625 3216 2820 3304 Quod

601 3433 764 3482 sutem
780 3433 830 3482 et
850 3433 1214 3483 consummatur
1231 3446 1317 3496 per
1334 3433 1721 3485 benedictionem
1739 3433 2021 3494 sacerdotis,
2040 3434 2089 3483 et
2103 3431 2328 3496 copulam
2341 3432 2821 3482 carnalem-utalia

598 3510 890 3563 documenta
923 3512 1174 3563 omittam:
1206 3513 1283 3562 ct.
1316 3514 1462 3563 etism
1484 3517 1553 3564 Le
1576 3514 1735 3571 Quien
1757 3514 1808 3563 in
1831 3515 1933 3563 not.
1954 3518 2000 3563 4.
2026 3513 2078 3561 in
2109 3512 2293 3562 iib.1v.
2315 3525 2356 3561 s.
2374 3514 2510 3562 loan-
2535 3512 2819 3562 Damasceni

597 3604 647 3654 p.
673 3596 783 3644 297.
810 3591 894 3642 ubi
922 3591 1068 3643 affert
1103 3592 1321 3641 novellas
1352 3593 1527 3643 Leonis
1554 3593 1799 3656 sapientis
1820 3594 1871 3642 et
1890 3591 2043 3642 Alexi}
2066 3592 2331 3653 comneni,
2373 3591 2556 3655 quibus
2586 3591 2821 3642 statuitur

600 3672 910 3736 «sponsalia
931 3685 1029 3723 non
1058 3671 1201 3721 aliter
1229 3683 1382 3735 qnam
1420 3663 1790 3735 ἶεροτελεστίςι
1812 3685 1954 3721 sacro
1984 3671 2275 3721 initiationis
2301 3672 2398 3722 ritu
2430 3671 2710 3721 firmitatem
2732 3669 2817 3719 ba·

600 3750 735 3812 bere,
764 3754 814 3802 et
834 3765 961 3816 quae
985 3766 1085 3803 non
1111 3752 1184 3801 sic
1206 3751 1552 3815 processerint,
1583 3751 1725 3801 irrita
1745 3754 1798 3802 et
1817 3754 2069 3814 tamquam
2090 3764 2190 3801 non
2211 3750 2342 3801 iacta
2362 3751 2596 3801 censeri.-

745 3830 846 3891 (22)
878 3833 996 3881 Loc.
1017 3831 1102 3881 cit.
1123 3830 1267 3893 cbap.
1290 3832 1327 3879 Ι.
1353 3843 1460 3892 pag.
1482 3834 1592 3880 401.

742 3906 843 3969 (2³)
875 3909 1018 3966 Quod
1040 3909 1237 3959 demum
1261 3908 1402 3960 fateri
1426 3907 1596 3959 debuit
1617 3907 1977 3969 Rensudotius,
1999 3907 2189 3957 etianni
2210 3908 2315 3970 ipse
2339 3909 2502 3958 teneat
2521 3919 2668 3971 penes
2684 3917 2818 3968 grae·

600 3996 686 4035 cos
706 3986 778 4035 uti
804 3987 1106 4038 essentialem
1133 3987 1351 4038 habitam
1375 3987 1525 4037 ruisse
1545 3987 1788 4037 eiusmodi
1824 3986 2091 4037 sacerdotis
2129 3987 2530 4039 benedictionem.
2566 3984 2820 4049 siquidem

600 4076 698 4114 non
720 4063 888 4115 valens
907 4078 960 4114 se
980 4066 1041 4115 ab
1063 4068 1154 4117 hac
1174 4067 1463 4117 difficultate
1497 4066 1740 4117 extricare
1774 4069 1885 4116 orta
1906 4079 1964 4115 ex
1987 4066 2251 4118 omissione
2279 4066 2635 4118 benedictionis
2667 4066 2717 4115 in
2746 4077 2819 4116 sc·

598 4142 773 4193 cundis
803 4144 988 4207 nuptiis
1003 4182 1018 4206 ,
1054 4146 1315 4209 confugere
1353 4148 1552 4197 coactus
1572 4148 1665 4209 est,
1687 4148 1742 4195 ut
1767 4158 1876 4195 eam
1910 4146 2140 4207 solveret,
2159 4145 2223 4196 sd
2243 4147 2528 4197 seutentiam
2548 4145 2611 4197 de
2628 4146 2821 4196 contra·

603 4223 830 4276 bentibus
851 4224 1101 4275 ministris.
1122 4226 1204 4275 Sic
1228 4227 1358 4276 enim
1377 4226 1547 4276 scribit
1565 4239 1676 4290 cap.
1689 4228 1750 4275 V.
1773 4238 1879 4289 pag.
1892 4228 2000 4276 440.
2015 4246 2039 4269 «-
2051 4227 2101 4276 Si
2121 4240 2187 4277 on
2206 4228 2349 4288 croit,
2368 4239 2558 4276 comme
2576 4226 2819 4289 plusieurs

602 4302 918 4366 theologicus,
935 4315 1032 4365 que
1051 4302 1097 4354 le
1114 4307 1474 4356 consentement
1492 4304 1578 4355 des
1596 4305 1793 4368 parties,
1801 4305 1873 4355 les
1887 4304 2046 4367 signes
2065 4308 2114 4355 et
2131 4306 2201 4356 ies
2218 4305 2425 4368 paroles,
2440 4306 2553 4355 sont
2570 4317 2627 4355 ce
2644 4303 2763 4367 qu‘ti
2786 4316 2817 4365 y
2861 4324 2866 4331 ·

602 4396 632 4433 a
651 4383 920 4434 d'essentiei
946 4381 1068 4432 dans
1089 4381 1136 4433 le
1156 4386 1451 4445 sacrement3
1473 4385 1504 4434 il
1528 4397 1580 4435 se
1597 4387 1772 4435 trouve
1793 4382 1915 4435 dans
1939 4384 2008 4435 les
2028 4385 2278 4446 secondes,
2295 4385 2366 4435 tes
2387 4384 2660 4436 troisicmes
2676 4385 2724 4434 et
2746 4384 2818 4433 tes
