3276 5083
677 425 812 495 292
1056 448 1177 499 ιιιι.
1220 448 1265 499 1.
1308 448 1478 500 secr.
1522 449 1782 499 Αιτειιᾼ.
1825 450 1905 499 nn
1957 449 2219 500 numu.
2264 450 2478 501 mvm.

668 564 999 639 lemnibus
1034 567 1266 662 'gentis
1319 567 1712 640 islamiticae
1756 566 2167 641 Machometo
2217 566 2584 668 prophetae
2633 569 2880 645 oblatis

665 680 1015 755 interesse
1038 683 1384 782 precibus,
1440 683 1776 782 simulque
1825 709 2024 783 posse
2076 699 2418 782 tamquam
2467 684 2879 760 christianos

666 795 1005 870 Christum
1050 796 1266 871 colere
1308 798 1592 897 eiusque
1642 797 1855 895 legem
1906 798 2227 897 profiteri.
2275 798 2458 872 Idem
2505 814 2652 873 esto
2705 800 2884 873 iudi-

666 911 842 984 cium
877 911 962 985 de
995 912 1298 1012 principe
1333 913 1692 1000 haeretico,
1736 913 1853 1012 qui
1889 912 2260 986 catholicos
2314 913 2649 1013 quatenus
2702 920 2887 990 cives

665 1043 824 1099 sunt
855 1027 941 1100 ad
976 1053 1057 1100 ea
1090 1027 1420 1124 adigeret,
1462 1053 1637 1127 quae
1671 1053 1824 1101 cum
1858 1027 2197 1102 catholica
2249 1028 2668 1127 professione
2702 1056 2888 1105 com-

665 1144 821 1242 poni
874 1171 1007 1218 non
1056 1159 1361 1244 possunt.
2671 1144 2676 1149 ’
2821 1170 2830 1177 ·

690 1312 693 1317 ·
808 1258 1128 1331 Eiusdem
1173 1259 1439 1356 generis
1479 1275 1584 1332 est
1625 1285 1829 1334 casus
1857 1318 1873 1347 ,
1928 1284 2129 1359 quem
2183 1286 2345 1359 prae
2394 1258 2707 1334 manibus
2759 1260 2885 1335 ha·

663 1373 923 1448 bemus.
961 1372 1509 1475 Pseudo-politici
1558 1375 1706 1473 lege
1739 1401 1781 1448 a
1815 1402 1889 1449 se
1922 1374 2098 1462 lata,
2139 1390 2255 1448 aut
2289 1374 2561 1448 ferenda
2608 1391 2884 1449 conten-

661 1487 828 1562 dunt
868 1491 1141 1588 nuptias
1192 1515 1415 1563 coram
1467 1490 1611 1564 solo
1662 1491 2054 1587 magistratu
2089 1489 2271 1563 civili
2307 1490 2521 1562 inscia
2556 1490 2882 1565 ecclesiae

662 1602 899 1689 initas,
940 1603 1037 1675 uti
1073 1601 1292 1675 licitas
1317 1659 1333 1689 ,
1376 1601 1626 1699 legales
1666 1620 1978 1703 ratasque
2013 1602 2362 1676 habendas
2396 1629 2548 1677 esse
2573 1630 2614 1677 a
2640 1604 2879 1677 subdi-

661 1717 787 1801 tis,
861 1733 1055 1815 prout
1110 1716 1291 1790 cives
1354 1731 1543 1803 sunt,
1617 1717 1916 1791 sobolem
1968 1718 2126 1791 inde
2175 1734 2386 1791 ortam
2455 1719 2706 1818 pariter
2767 1721 2868 1792 uti

658 1830 1017 1928 legitimam
1045 1889 1060 1918 ,
1110 1857 1282 1931 quae
1319 1831 1609 1930 politicis
1643 1832 1957 1937 omnibus
2008 1832 2251 1906 civium
2290 1832 2584 1932 propriis
2618 1834 2878 1934 privile—

657 1945 787 2042 giis
833 1972 951 2018 seu
1002 1946 1261 2019 iuribus
1314 1947 1627 2046 potiatur.
1670 1949 1766 2019 Ac
1800 1947 1860 2019 si
1899 1964 2240 2046 praeterea
2288 1948 2652 2046 legislatori
2704 1948 2876 2022 ulte—

660 2063 798 2135 rius
836 2062 1145 2161 progredi
1180 2062 1440 2149 lubeat,
1483 2063 1822 2162 permittat
1854 2064 2219 2162 perfectum
2256 2063 2342 2136 ab
2377 2064 2564 2137 hisce
2618 2060 2876 2164 nuptiis

656 2177 1052 2264 divortium,
1109 2194 1311 2277 atque
1362 2176 1611 2252 idcirco
1663 2177 1863 2251 etiam
1916 2178 2400 2279 polygamiam,
2459 2178 2871 2253 materialem

656 2293 890 2367 saltem
945 2320 1064 2393 per
1111 2294 1460 2367 transitum
1514 2293 1598 2366 ad
1653 2320 1826 2368 nova
1875 2310 2061 2368 vota:
2113 2294 2589 2394 impedimenta
2647 2295 2877 2367 matri-

653 2408 973 2480 monialia
1028 2407 1374 2495 immutet,
1433 2407 1654 2494 tollat,
1710 2408 2091 2481 constituat.
2152 2408 2407 2482 Norunt
2453 2407 2524 2478 hi
2577 2405 2877 2507 pseudo-

656 2522 944 2621 politici,
997 2523 1397 2623 quibuscum
1449 2518 1756 2621 agimus,
1806 2522 1974 2596 haec
2032 2522 2255 2596 omnia
2313 2520 2532 2594 aliena
2591 2550 2874 2622 prorsus

655 2665 807 2712 esse
841 2665 882 2712 a
916 2639 1236 2736 religione
1287 2639 1616 2713 catholica
1640 2696 1656 2726 ,
1697 2655 1765 2712 et
1798 2665 1949 2712 cum
2003 2639 2127 2724 iis,
2184 2637 2300 2734 qui
2329 2661 2498 2708 ³eam
2551 2636 2873 2734 profiten-

655 2767 783 2838 tur,
812 2770 1039 2851 aperte
1064 2779 1395 2853 pugnare,
1436 2753 1742 2853 adeoque
1767 2751 1854 2824 ab
1878 2749 2112 2823 eadem
2146 2746 2485 2847 repudiari
2504 2805 2520 2835 ,
2554 2747 2866 2821 damnari

653 2885 854 2965 atque
887 2868 1287 2941 execrationi
1324 2868 1581 2943 haberi.
1632 2868 2126 2951 Verumtamen,
2168 2863 2331 2962 quin
2367 2863 2856 2962 perterrefiant,

651 2982 968 3056 audacter
1002 3009 1077 3056 se
1111 2984 1483 3082 sapientiae
1516 2983 1774 3082 apicem
1819 2979 2123 3075 attigisse
2165 2978 2575 3051 arbitrantur
2607 3006 2726 3078 per
2758 3005 2869 3052 ce-

654 3098 900 3170 lebrem
951 3126 1142 3172 suam
1193 3099 1688 3173 distinctionem
1718 3154 1733 3183 ,
1791 3094 1972 3195 quod
2025 3120 2267 3193 nempe
2301 3094 2371 3165 in
2406 3093 2517 3166 his
2551 3094 2866 3167 omnibus

649 3214 779 3313 ipsi
834 3242 967 3288 non
1021 3231 1323 3314 spectent
1363 3211 1858 3287 matrimonium
1886 3267 1902 3297 ,
1942 3208 2076 3283 nisi
2114 3225 2449 3309 quatenus
2485 3224 2866 3282 contractus

649 3328 868 3401 civilis
916 3345 1021 3403 est
1072 3346 1272 3429 atque
1307 3355 1346 3401 a
1381 3327 1642 3401 civibus
1692 3322 2065 3409 ineundus,
2123 3323 2287 3421 quin
2341 3348 2540 3395 curae
2575 3322 2743 3421 ipsis
2775 3322 2866 3394 sit

648 3445 733 3516 de
769 3445 1211 3531 conscientia,
1271 3461 1388 3518 aut
1434 3443 1520 3515 de
1570 3440 1839 3541 pietatis
1890 3438 2303 3535 integritate,
2344 3463 2385 3509 a
2419 3463 2554 3536 qua
2589 3437 2862 3511 omnino

646 3560 1127 3658 praescindunt
1176 3558 1732 3656 abstrahuntque.

791 3674 969 3762 Quid
1022 3700 1217 3774 porro
1265 3672 1627 3747 absurdius
1679 3671 1808 3742 hac
1856 3667 2097 3765 agendi
2148 3667 2403 3741 ratione
2452 3667 2851 3764 excogitari,

649 3806 767 3862 aut
816 3791 977 3889 fingi
1033 3787 1314 3891 potest?
1364 3791 1594 3861 Nonne
1646 3788 1714 3859 in
1764 3784 1999 3859 ordine
2050 3782 2251 3870 reali,
2309 3809 2466 3869 seu,
2506 3799 2581 3856 ut
2612 3783 2852 3864 aiunt,

646 3905 715 3975 in
751 3922 1056 3980 concreto
1098 3905 1303 3978 iidem
1339 3902 1539 3978 simul
1577 3903 1758 3977 cives
1793 3917 1949 3974 sunt
1974 3916 2039 3973 et
2064 3896 2472 3973 christiani?
2507 3896 2856 3983 Quomodo

644 4034 719 4091 ut
760 4019 939 4092 cives
989 4019 1059 4091 id
1111 4036 1326 4092 ratum
1379 4016 1628 4091 habere
1680 4030 1999 4115 possunt,
2042 4013 2222 4113 quod
2257 4040 2298 4086 a
2329 4012 2697 4086 christiano
2730 4035 2854 4083 seu

643 4131 972 4205 catholico
1032 4134 1300 4207 nomine
1351 4130 1723 4205 abhorret?
1773 4130 2120 4214 Quaenam
2169 4144 2275 4200 est
2319 4125 2647 4199 eiusmodi
2700 4125 2803 4196 lex
2830 4180 2848 4210 ,

644 4272 819 4347 quae
865 4246 1383 4320 christianorum
1429 4245 1676 4320 civium
1728 4243 2151 4318 matrimonia
2196 4242 2441 4327 sancit,
2482 4268 2560 4314 ac
2595 4239 2653 4314 si
2689 4239 2853 4312 meri

644 4379 869 4438 essent
919 4361 1165 4437 civium
1217 4361 1652 4437 contractus?
