3276 5083
521 470 657 520 CA!-
689 470 755 517 V.
790 468 870 518 DE
907 467 1142 518 umlsr.
1176 466 1484 517 comm.
1518 467 1659 517 ΑΜ.
1694 468 1763 517 u.
1798 469 1939 518 ΔΒΕ.
1981 469 2331 520 rnAmuoN.
2442 447 2581 520 139

372 586 694 682 theologi,
735 585 853 684 qui
888 583 1296 657 contendunt
1340 585 1768 657 matrimonii
1800 589 2286 658 sacramentum
2330 612 2371 658 a
2418 587 2588 660 ‘solis

372 700 922 776 contrahentibus
950 701 1205 798 perfici,
1228 701 1531 798 adeoque
1553 702 1825 775 eosdem
1857 701 2036 776 solos
2062 727 2215 773 esse
2241 701 2459 799 ipsius
2481 729 2590 775 sa-

375 816 699 890 cramenti
722 814 1066 888 ministros
1091 821 1481 911 argumenta
1507 832 1852 915 promunt,
1880 816 2130 914 quibus
2158 816 2225 887 id
2252 815 2580 888 evincant.

379 933 517 1004 Nos
534 957 683 1003 cum
704 929 874 1028 ipsis
895 929 1062 1002 haec
1079 929 1466 1027 singillatim
1485 931 1862 1016 afferemus,
1879 935 2081 1030 atque
2098 930 2579 1029 expendemus.

521 1044 740 1143 Atque
771 1071 812 1116 a
849 1043 1150 1142 patribus
1202 1044 1617 1117 exordientes
1655 1045 1739 1118 ad
1774 1070 2001 1118 eorum
2037 1070 2422 1142 germanam
2461 1044 2589 1117 hac

372 1161 444 1231 in
470 1159 927 1233 controversia
951 1175 1240 1231 mentem
1267 1160 1760 1258 assequendam
1786 1160 2376 1233 animadvertimus
2404 1159 2585 1231 haud

370 1301 532 1348 esse
578 1274 667 1346 ab
715 1273 799 1346 iis
850 1274 1291 1371 expetendum
1344 1275 1525 1373 quod
1593 1290 1899 1347 asserant
1963 1275 2302 1373 conceptis
2364 1273 2590 1348 verbis

379 1387 847 1462 contrahentes
881 1414 1033 1462 esse
1058 1388 1407 1462 christiani
1437 1389 1727 1487 coniugii
1761 1389 2215 1463 administros.
2243 1390 2588 1488 Siquidem

382 1530 600 1603 neque
644 1503 740 1575 illi
767 1561 783 1590 ,
835 1504 949 1601 qui
991 1504 1391 1577 contrariam
1429 1521 1768 1578 sectantur
1800 1505 2232 1591 sententiam,
2275 1520 2593 1603 expetunt

378 1635 456 1690 ut
500 1635 721 1718 patres
777 1618 1106 1691 affirment
1164 1619 1542 1693 ministrum
1595 1619 1888 1718 coniugii
1937 1645 2091 1693 esse
2140 1620 2577 1694 sacerdotem.

377 1734 636 1806 Etenim
700 1733 1069 1806 absurdum
1121 1733 1286 1808 foret
1332 1760 1412 1807 ea
1462 1750 1676 1809 aetate
1707 1792 1722 1821 ,
1778 1761 1913 1835 qua
1967 1736 2264 1808 nondum
2330 1737 2588 1809 invecta

378 1865 568 1920 erant
605 1846 935 1921 vocabula
966 1850 1273 1920 materiae
1296 1904 1312 1932 ‚
1362 1850 1607 1947 formae
1628 1905 1646 1932 ‚
1702 1852 1993 1923 ministri
2025 1865 2585 1924 sacramentorum

375 1989 456 2036 eo
488 1988 723 2047 sensu,
758 1986 893 2061 quo
930 1987 1107 2034 nunc
1144 1964 1458 2062 temporis
1497 1980 1940 2062 usurpantur,
1974 1965 2041 2036 id
2068 1981 2436 2063 expectare.
2470 1965 2591 2038 Sa·

377 2078 468 2150 tis
509 2077 791 2176 proinde
828 2077 954 2149 erit
993 2077 1348 2151 nonnullos
1384 2103 1675 2152 canones
1712 2095 2024 2166 statuere,
2063 2105 2145 2151 ex
2179 2079 2429 2178 quibus
2467 2080 2589 2153 rite

385 2191 647 2265 illorum
691 2218 880 2266 mens
922 2189 1050 2265 hac
1099 2192 1167 2263 in
1219 2218 1291 2265 re
1338 2192 1751 2291 deprehendi
1802 2194 2038 2291 possit.

530 2306 614 2377 Hi
665 2332 857 2405 porro
905 2332 1196 2381 canones
1261 2322 1465 2380 sunt:
1526 2309 1594 2378 1.
1640 2308 1816 2380 Satis
1867 2313 1998 2380 non
2047 2333 2199 2381 esse
2257 2308 2590 2381 adducere

382 2435 631 2519 patres,
670 2421 784 2519 qui
820 2422 1221 2496 mentionem
1271 2421 1574 2495 iniiciant
1622 2421 2057 2495 sacerdotalis
2105 2422 2589 2498 benedictionis

376 2536 447 2608 in
497 2534 949 2610 celebratione
1001 2536 1294 2634 coniugii
1363 2535 1702 2624 fidelium3
1741 2541 1834 2611 ⁴ut
1881 2536 2059 2609 e'nim
2110 2537 2459 2638 quidpiam
2508 2565 2588 2612 ex

375 2650 486 2724 his
535 2649 976 2725 conficeretur
999 2709 1015 2737 ‚
1067 2677 1342 2726 necesse
1389 2652 1554 2726 foret
1577 2710 1592 2739 ,
1642 2670 1717 2725 ut
1758 2653 1891 2751 ipsi
1944 2669 2284 2752 praeterea
2328 2660 2590 2729 assere-

378 2783 524 2840 rent
572 2765 833 2839 nullum
882 2792 962 2840 ac
1013 2766 1380 2840 invalidum
1422 2794 1575 2841 esse
1616 2766 2020 2842 connubium
2071 2768 2588 2843 christianorum

376 2896 516 2953 tum
562 2879 693 2953 sub
737 2882 991 2954 ratione
1034 2896 1416 2956 contractus
1442 2940 1458 2969 ,
1504 2899 1644 2955 tum
1684 2881 1815 2956 sub
1858 2883 2113 2957 ratione
2156 2884 2582 2971 sacramenti,

377 2995 438 3068 si
488 2994 822 3068 eiusmodi
873 2995 1247 3070 benedictio
1284 3002 1715 3096 quacumque
1759 2998 1845 3071 de
1896 3003 2104 3072 causa
2139 3022 2272 3071 non
2308 2998 2589 3072 habere-

378 3125 508 3181 tur.
542 3109 686 3183 Hac
718 3110 991 3183 enimin
1018 3112 1408 3211 hypothesi,
1442 3112 1700 3186 nullum
1723 3112 2004 3186 dubium
2039 3138 2397 3211 superesse
2431 3139 2589 3213 pos-

378 3241 515 3311 set,
556 3241 781 3323 patres
814 3225 1339 3325 benedictionem
1378 3228 1855 3303 sacerdotalem
1890 3228 2211 3302 habuisse
2245 3245 2587 3328 tamquam

374 3364 654 3411 causam
725 3340 1146 3413 essentialem
1179 3398 1196 3427 ,
1263 3341 1796 3442 efficientemque
1861 3343 2282 3416 sacramenti.
2342 3342 2589 3416 Contra

376 3478 539 3525 vero
571 3453 628 3525 si
663 3480 745 3526 ea
778 3452 1104 3541 habeant,
1145 3455 1392 3554 quibus
1429 3456 1726 3530 indicent
1776 3457 2145 3531 subsistere
2180 3456 2586 3532 connubium

378 3564 819 3640 christianum
845 3625 860 3654 ,
900 3568 1162 3642 etiamsi
1205 3569 1371 3642 haec
1409 3569 1788 3646 benedictio
1820 3571 2141 3645 desuerit.-
2173 3573 2304 3647 hoc
2328 3574 2398 3644 in
2419 3580 2586 3646 ‘casu

382 3680 630 3779 pariter
676 3697 928 3755 certum
967 3683 1134 3757 soret
1173 3682 1323 3756 illos
1364 3710 1494 3757 non
1533 3703 1878 3785 spectasse
1924 3686 2458 3761 benedictionem
2488 3688 2585 3761 uti

380 3811 635 3894 partem
685 3798 1111 3872 essentialem
1163 3801 1596 3885 sacramenti,
1637 3828 1760 3874 nec
1804 3817 2152 3902 propterea
2206 3802 2587 3876 sacerdotes

378 3910 476 3983 uti
523 3911 827 3985 eiusdem
877 3914 1271 3986 sacramenti
1315 3914 1656 3989 ministros
1682 3973 1698 4003 ,
1739 3918 2276 4016 quibuscumque
2316 3918 2584 3991 demum

378 4026 753 4124 praeconiis
803 4026 982 4099 illam
1030 4026 1554 4101 benedictionem
1604 4030 2001 4121 extulerint,
2059 4050 2124 4107 et
2173 4034 2588 4109 commenda-

376 4139 616 4214 verint.
650 4139 1096 4216 Ostendemus
1148 4160 1366 4218 autem
1410 4170 1534 4219 suo
1567 4144 1742 4233 1000,
1797 4146 1980 4221 iuxta
2030 4165 2294 4248 patrum
2343 4148 2587 4222 doctri-

378 4281 572 4342 nam,
631 4283 833 4330 unam
886 4258 1319 4358 eamdemque
1368 4286 1506 4333 rem
1558 4287 1710 4334 esse
1755 4262 1820 4334 in
1869 4265 2179 4362 coniugio
2218 4266 2586 4338 christiano

376 4387 781 4446 contractum
833 4390 898 4447 et
946 4392 1454 4448 sacramentum.
