3276 5083
671 438 765 510 82
1053 457 1176 510 ω.
1218 458 1267 508 ι.
1307 457 1480 510 sacr.
1523 458 1569 507 1.
1612 457 1696 508 nr.
1750 457 2015 512 urum.
2056 455 2500 514 εΑωιεΝτο..

668 575 860 650 docet
897 600 937 647 e
983 588 1221 648 nature
1270 573 1444 650 sacri
1493 573 1844 649 ministerii
1896 575 2227 674 profluere
2246 630 2262 661 ‚
2300 574 2368 648 vi
2403 573 2600 650 cuius
2633 571 2892 675 dispen-

664 692 832 768 satio
878 691 1332 790 mysteriorum
1363 691 1491 763 Dei
1530 690 1743 766 sacris
1793 690 2123 766 ministris
2169 689 2571 789 generaliter
2618 690 2891 767 adserta

666 820 768 879 est
792 861 810 893 ‚
849 831 891 878 a
922 830 1096 904 qua,
1151 819 1225 877 ut
1258 806 1331 877 in
1361 831 1489 878 uno
1539 805 1886 880 recedatur
1933 820 2348 880 sacramento
2377 861 2393 892 ‚
2450 804 2713 880 nullum
2764 831 2891 881 seu

666 946 726 995 s.
759 920 1170 1019 Scripturae,
1211 920 1356 994 sive
1389 919 1607 1020 prima
1648 921 1934 995 ecclesia
1982 921 2489 994 fundamentum
2531 920 2879 1019 praebent·

666 1036 900 1134 ltaque
949 1035 1064 1110 hio
1111 1051 1343 1111 auctor
1387 1036 1676 1112 assumit
1705 1064 1787 1111 ex
1821 1037 2024 1111 allato
2059 1036 2437 1111 testimonio
2471 1036 2890 1112 sacerdotem

666 1149 985 1226 connubii
1019 1150 1370 1226 christiani
1403 1151 1786 1226 ministrum
1819 1150 2169 1227 declarari.
2196 1152 2281 1224 Et
2311 1151 2406 1224 ita
2437 1176 2630 1252 porro
2654 1167 2890 1228 aucto-

666 1292 775 1340 res
827 1265 1067 1366 reliqui
1117 1266 1354 1341 eadem
1403 1266 1602 1367 plene
1651 1266 1905 1343 ratione
1938 1293 2020 1342 ex
2054 1267 2185 1342 hoc
2221 1264 2495 1366 paulino
2529 1282 2712 1342 textu
2742 1292 2887 1341 rem

666 1367 859 1453 suam
918 1381 1312 1468 conficiunt,
1368 1381 1533 1481 quin
1585 1406 1865 1458 necesse
1914 1381 2004 1456 sit
2051 1379 2468 1480 singulorum
2514 1379 2722 1456 verba
2768 1379 2895 1455 de·-

665 1493 989 1582 scribere,
1043 1521 1218 1594 quae
1266 1494 1537 1568 tandem
1585 1494 1821 1568 eodem
1874 1494 2201 1568 recidunt.

808 1608 976 1681 Cum
998 1634 1156 1682 vero
1182 1609 1311 1682 hoc
1337 1608 1554 1683 solum
1581 1609 1673 1683 sit
1696 1608 2172 1683 documentum
2190 1665 2205 1695 ‚
2238 1608 2419 1708 quod
2443 1634 2525 1683 ex
2542 1608 2886 1709 Scriptura

663 1722 1114 1822 depromitur,
1171 1749 1303 1799 non
1353 1740 1459 1799 est
1504 1724 1685 1824 quod
1738 1724 1997 1799 diutius
2035 1724 2104 1796 in
2137 1723 2266 1798 hac
2300 1723 2734 1825 inquisitione
2765 1724 2890 1799 de-

663 1853 1017 1911 tineamur.

1489 2005 1904 2063 ARTICULUS
1942 2006 2015 2061 11.

1360 2149 1721 2227 Argumenta
1757 2149 2170 2211 traditionalis.

806 2296 1354 2373 Traditionalium
1397 2313 1940 2396 argumentorum
1972 2297 2242 2371 nomine
2275 2294 2714 2393 intelligimus
2761 2295 2889 2370 do-

660 2428 971 2488 cumenta
993 2470 1009 2500 ‚
1051 2439 1172 2489 eeu
1204 2413 1427 2488 medie
1462 2413 1610 2500 illa,
1660 2439 1780 2511 per
1812 2438 1990 2511 quae
2021 2411 2109 2485 ad
2144 2438 2266 2488 nos
2301 2411 2581 2510 antiqua
2614 2410 2889 2488 traditio

659 2527 1004 2627 pervenit,
1041 2544 1242 2628 atque
1278 2528 1474 2604 nobis
1517 2528 1754 2602 eadem
1803 2526 2071 2601 traditio
2120 2526 2497 2602 innotescit.
2527 2525 2880 2603 Eiusmodi

659 2667 859 2740 porro
908 2642 1354 2717 instrumenta
1400 2658 1760 2718 censentur
1805 2667 1962 2716 esse
2013 2658 2311 2717 veterum
2360 2658 2627 2741 patrum
2676 2658 2887 2743 atque

659 2756 1061 2856 scriptorum
1094 2757 1701 2832 ecclesiastieorum
1742 2756 1947 2831 effata
1989 2782 2069 2831 ac
2109 2757 2487 2833 testimonia
2507 2814 2523 2844 ‚
2574 2783 2887 2833 romano-

658 2896 807 2942 rum
842 2871 1233 2970 pontificum
1256 2887 1322 2944 et
1344 2871 1775 2946 conciliorum
1795 2929 1810 2959 ‚
1844 2872 2422 2962 oecumenicorum
2450 2871 2874 2972 praesertim,

654 2983 924 3059 decreta
971 3001 1176 3084 atque
1230 2986 1609 3061 sanctiones
1629 3041 1648 3074 ‚
1703 3011 1784 3059 ac
1831 2985 2188 3061 universae
2235 2985 2507 3061 demum
2556 2986 2885 3063 ecclesiae

657 3125 911 3198 praxis.

801 3216 981 3289 Sane
1011 3215 1179 3290 haec
1214 3231 1376 3290 sunt
1405 3215 1806 3290 documenta
1840 3212 1982 3302 illa,
2013 3213 2264 3314 quibus
2287 3213 2375 3288 ed
2402 3213 2879 3288 adstruendam

654 3328 901 3405 thesim
951 3355 1147 3404 suam
1207 3331 1418 3404 utitur
1462 3330 1690 3407 Canus
1709 3386 1727 3418 ‚
1794 3330 1992 3405 cuius
2051 3328 2257 3404 verba
2313 3330 2449 3403 iam
2515 3328 2820 3403 describo
2853 3386 2875 3417 ,

651 3470 962 3544 quaeque
1005 3446 1100 3518 ita
1141 3472 1215 3520 se
1256 3445 1541 3520 habent:
1590 3446 1739 3520 «Ac
1770 3461 2037 3545 patrum
2071 3443 2344 3544 quidem
2378 3443 2700 3519 memoris.
2730 3470 2882 3519 ma-

651 3559 1038 3634 trimonium
1080 3562 1347 3661 proprie
1397 3587 1551 3635 esse
1601 3578 2091 3636 sacramentum
2114 3617 2132 3647 ,
2185 3560 2277 3633 its
2328 3558 2596 3633 demum
2649 3560 2880 3657 prodi-

652 3687 793 3746 tum
827 3691 930 3748 est
953 3732 976 3764 ‚
1013 3676 1073 3749 si
1109 3676 1476 3750 sacerdotis
1508 3676 1953 3751 ministerium
1987 3674 2402 3749 interveniat.
2429 3675 2541 3747 Sic
2574 3674 2878 3750 calixtus

651 3786 723 3858 in
770 3788 992 3887 Epist.
1037 3790 1125 3865 ad
1172 3816 1409 3865 omnes
1458 3790 1821 3864 Galliarum
1872 3791 2228 3891 episcopos
2278 3789 2502 3888 prodit
2559 3790 2618 3862 l.
2668 3816 2738 3889 q.
2801 3791 2870 3862 ί.

650 3926 803 4001 cep.
837 3904 1495 4005 Consequimur-um.
1540 3907 1652 3980 Sic
1700 3905 1985 3981 Ciricius
2033 3905 2121 3980 ad
2164 3905 2539 3980 Comerium
2582 3921 2878 3979 terraco-

650 4042 806 4089 nen.
839 4020 1266 4121 episcopum,
1301 4048 1453 4123 cap.
1492 4025 1559 4095 t.
1594 4023 1707 4097 Sic
1740 4021 2052 4096 Nicolaus
2078 4079 2098 4109 ‚
2139 4024 2258 4094 31.
2300 4035 2566 4120 quaest.
2609 4021 2679 4094 2.
2710 4045 2863 4118 cap.

648 4131 1021 4205 Lothorius.
1057 4135 1168 4207 Sic
1201 4137 1595 4212 Hormisdas
1620 4193 1642 4224 ,
1677 4137 2056 4222 Euristus,
2096 4136 2428 4222 Isidoru3‚
2470 4159 2646 4234 quos
2675 4134 2878 4209 refert

650 4246 1008 4322 Gratiams
1036 4251 1239 4350 aeq.
1265 4256 1333 4323 ὅ.
1354 4252 1736 4351 prodidere.
1753 4251 1864 4322 Sic
1886 4250 2245 4324 concilium
2272 4249 2733 4347 carthaginen.
2756 4249 2864 4320 IV.

647 4389 709 4436 c.
737 4366 852 4436 13.
886 4365 1296 4466 referturque
1324 4370 1443 4439 30.
1465 4393 1535 4467 q.
1566 4371 1637 4438 Β.
1661 4392 1725 4441 c.
1744 4368 2060 4463 Sponsus.
2090 4367 2204 4441 Sic
2232 4364 2590 4442 concilium
2625 4362 2873 4462 lugdu-
