3276 5083
750 476 885 524 cir.
930 474 1023 524 ιιι.
1067 474 1145 522 ιιι
1195 474 1455 525 itu-aiu.
1503 475 1725 525 civius
1769 476 1947 526 Laus.
1994 480 2135 527 Αιιτ.
2178 479 2223 527 ι.
2477 458 2609 527 291

398 595 584 668 nullo
634 593 834 668 modo
880 592 1225 667 distinctio
1276 590 1390 665 illa
1416 650 1432 678 ,
1492 618 1613 666 seu
1665 595 1907 668 mentis
1972 595 2331 670 abstractio
2399 595 2617 671 locum

402 709 651 784 habere
700 723 955 807 potest;
1001 708 1094 781 ita
1127 723 1202 780 ut
1232 733 1369 782 uno
1412 708 1785 807 eodemque
1836 725 2133 809 tempore
2172 710 2396 783 valeat
2429 712 2617 809 quis-

403 827 583 926 piam
630 851 783 900 esse
832 825 999 898 civis
1049 841 1115 897 et
1166 851 1296 898 non
1349 824 1798 913 christianus,
1850 852 2059 925 quum
2100 824 2466 900 christiana
2517 844 2618 900 ta-

402 967 556 1015 men
606 939 1022 1039 professione
1071 955 1449 1012 censeatur.
1506 938 1677 1010 Fieri
1729 940 2003 1013 omnino
2054 940 2310 1039 nequit,
2353 956 2424 1012 ut
2462 940 2616 1039 quis

404 1083 599 1155 porro
663 1054 1076 1129 christianus
1129 1053 1220 1126 sit
1268 1052 1604 1153 simulque
1652 1080 1733 1126 ea
1782 1070 2074 1155 praestet
2095 1112 2111 1139 ‚
2168 1069 2286 1127 aut
2343 1070 2619 1153 peragat

404 1188 469 1244 et
502 1170 778 1269 quidem
817 1170 1096 1267 leqiti'me
1117 1222 1135 1252 ,
1179 1193 1353 1267 quae
1388 1168 1486 1239 illi
1523 1168 1778 1242 nomini
1815 1195 1894 1241 ac
1929 1169 2332 1267 professioni
2381 1169 2619 1242 adver·-

404 1302 663 1359 santur.
722 1284 1037 1357 Christus
1087 1298 1156 1356 et
1204 1281 1415 1356 Belial
1465 1308 1542 1356 se
1591 1309 1669 1357 se
1716 1283 2000 1356 invicem
2064 1282 2430 1357 excludunt
2493 1285 2619 1358 hoc

410 1401 477 1472 in
526 1426 690 1473 casu
739 1399 809 1472 in
859 1426 994 1473 uno
1043 1398 1415 1497 eodemque
1462 1424 1667 1497 opere
1715 1426 1796 1474 ac
1847 1398 2173 1474 subiecto.

551 1514 769 1613 Atque
818 1528 891 1586 ut
937 1513 1108 1586 haec
1157 1511 1376 1586 obviis
1429 1511 1838 1586 illustremus
1896 1513 2257 1611 exemplis:
2315 1515 2443 1587 Fac
2493 1515 2620 1586 im-

409 1645 783 1727 peratorem
834 1654 1178 1701 romanum
1207 1685 1222 1714 ‚
1264 1653 1418 1700 cum
1452 1627 1677 1700 adhuc
1725 1626 2183 1700 dominaretur
2217 1628 2616 1715 idololatria,

410 1742 680 1816 novisse
731 1742 1056 1840 plurimos
1092 1768 1174 1814 ex
1211 1742 1353 1814 suis
1404 1740 1692 1815 subditis
1744 1741 2183 1814 christianam
2233 1743 2622 1840 religionem

414 1857 751 1956 profiteri:
793 1881 875 1929 ac
913 1856 1043 1930 sub
1094 1854 1369 1930 obtentu
1418 1855 1758 1954 praefatae
1808 1854 2257 1929 distinctionis
2309 1856 2480 1928 inter
2529 1855 2625 1929 ci-

406 1998 558 2045 vem
609 1989 677 2044 et
721 1972 1167 2045 christianum
1226 1971 1654 2070 praecepisse
1680 2027 1696 2056 ‚
1753 1987 1827 2045 ut
1879 1988 2217 2070 tamquam
2267 1971 2448 2044 cives
2500 1997 2626 2069 pu-

411 2086 610 2159 blicis
680 2086 1082 2159 interessent
1147 2085 1502 2158 sacrificiis
1525 2142 1540 2171 ‚
1597 2085 1818 2183 deque
1869 2086 1954 2158 iis
2019 2112 2202 2159 more
2250 2086 2467 2183 patrio
2516 2109 2626 2158 oe-

414 2198 689 2275 lebratis
764 2200 1292 2298 participarent,
1356 2200 1586 2273 sinens
1651 2201 2075 2300 caeteroquin
2144 2216 2218 2273 ut
2281 2217 2623 2299 tamquam

411 2314 764 2388 christiani
821 2314 1160 2413 proprium
1211 2330 1620 2388 sectarentur
1670 2313 2011 2411 religionis
2062 2314 2473 2387 christianae
2523 2315 2625 2387 in·-

411 2429 742 2503 stitutum.
794 2430 1026 2502 Nonne
1075 2428 1403 2502 eiusmodi
1457 2429 1843 2528 imperator,
1867 2429 2242 2512 censendus
2294 2445 2473 2504 esset
2523 2429 2627 2502 lu·-

410 2545 597 2619 dicra
646 2546 743 2619 uti
795 2545 1281 2620 distinctione?
1317 2545 1500 2620 Idem
1538 2546 1650 2620 dic
1682 2548 1768 2620 de
1805 2546 2255 2620 Islamitarum
2291 2546 2620 2645 principe,

409 2662 526 2761 qui
579 2662 646 2734 in
698 2661 956 2736 ditione
1006 2688 1132 2736 sua
1182 2662 1344 2735 huic
1393 2662 1524 2761 ipsi
1574 2662 1990 2738 distinctioni
2040 2661 2312 2735 innixus
2364 2677 2626 2735 conten-

406 2776 596 2850 deret
641 2775 1051 2851 christianos
1103 2775 1405 2851 subditos
1456 2802 1618 2851 suos
1648 2835 1663 2862 ,
1705 2791 1930 2875 utpote
1963 2776 2180 2862 cives,
2221 2775 2467 2850 debere
2516 2802 2628 2850 so-

411 3051 531 3101 dum
546 3052 743 3103 cuidam
761 3052 1108 3103 matrimoniali
1127 3053 1219 3115 legi
1235 3053 1543 3116 seopposuit.
1556 3054 1603 3101 ls
1615 3053 1692 3102 est
1705 3051 1782 3101 vir
1797 3047 2192 3102 nobilisIosnnes
2208 3049 2470 3100 deAudrea
2490 3052 2626 3113 pater

413 3132 474 3178 V.
493 3132 551 3179 Ε.
572 3129 856 3192 Hieronymi
895 3130 1202 3193 cardinalis,
1239 3131 1326 3193 qui
1362 3133 1439 3181 tot
1468 3133 1612 3181 autea
1637 3130 1924 3182 muneribus
1958 3130 2169 3195 publicis
2193 3130 2381 3193 optime
2412 3128 2625 3190 functus.

409 3222 540 3260 nuuc
562 3210 697 3259 tanta
719 3209 979 3260 sedulitate
999 3211 1050 3260 et
1068 3209 1305 3272 sapientia
1324 3222 1491 3260 sacrae
1508 3212 1698 3272 praeest
1714 3209 2073 3272 congregationi
2092 3208 2160 3258 ab
2175 3207 2358 3258 Indice
2382 3219 2627 3269 nuncupa·

408 3292 502 3339 tae.
514 3291 719 3339 Ioannes
735 3290 901 3352 itaque
922 3301 1019 3338 non
1040 3289 1200 3338 minus
1217 3288 1422 3338 scientia
1440 3301 1589 3351 quain
1608 3288 1840 3352 religione
1859 3287 2150 3351 conspicuus
2164 3299 2393 3350 magnum
2414 3286 2513 3335 iam
2534 3283 2628 3335 sibi

410 3368 610 3433 Neapoli
638 3381 816 3419 nomen
841 3369 1237 3432 comparaverat;
1267 3380 1382 3420 eum
1403 3368 1457 3417 in
1476 3367 1808 3419 tristissimam
1839 3367 2116 3432 temporum
2143 3366 2509 3418 conversionem
2536 3365 2629 3416 sub

415 3448 595 3500 saeculi
624 3450 771 3501 huius
792 3447 993 3501 exordia
1014 3447 1268 3499 incidisset
1281 3484 1295 3509 ,
1318 3461 1531 3511 cumque
1551 3448 1654 3498 lata
1679 3447 1759 3498 lex
1781 3451 1908 3499 esset
1926 3448 1989 3498 de
2006 3448 2186 3498 nuncio
2208 3446 2444 3497 uxoribus
2461 3445 2624 3497 remit-

408 3529 580 3590 tendo,
607 3529 781 3579 maluit
792 3528 906 3580 exui
926 3529 1161 3593 dignitate
1177 3567 1192 3592 ‚
1220 3531 1391 3579 senatu
1412 3540 1595 3591 carere,
1620 3529 1842 3591 privatus
1865 3527 2015 3578 vitam
2036 3528 2243 3590 exigere,
2263 3539 2411 3590 quarn
2436 3525 2624 3588 religio·

418 3611 494 3659 nis
513 3610 621 3659 iura
641 3610 904 3673 resolvere,
931 3609 1214 3673 nefarioque
1235 3623 1287 3660 se
1306 3622 1358 3659 se
1377 3611 1681 3660 sacramento
1697 3608 1960 3660 devincire.
1983 3607 2265 3671 composita
2285 3619 2431 3669 pace,
2453 3603 2517 3655 ad
2533 3617 2629 3655 am-

415 3688 661 3752 piissimos
688 3688 927 3740 bonorum
954 3689 1133 3753 gradus
1160 3690 1359 3740 evectus
1374 3725 1391 3750 ,
1416 3701 1637 3738 summus
1658 3687 1790 3751 regui
1811 3685 2077 3737 tabellariis
2101 3683 2430 3749 praepositus;
2452 3682 2629 3732 deinde

414 3781 530 3818 vero
549 3770 763 3828 aerario,
789 3771 921 3827 regni
949 3767 1253 3832 sumptibus,
1278 3767 1580 3829 negotiisque
1606 3765 1944 3816 ecclesiasticis
1967 3764 2265 3829 praefectus,
2293 3763 2501 3824 utroque
2521 3774 2625 3811 mu·

414 3861 530 3897 nere
548 3847 616 3897 ita
633 3846 914 3910 perfunctus
932 3850 1005 3897 est
1016 3883 1031 3907 ,
1053 3849 1177 3897 utet
1194 3846 1332 3910 regui
1356 3858 1475 3910 opes
1505 3846 1699 3896 auxerit
1714 3847 1766 3895 et
1784 3843 1849 3894 de
1865 3843 2210 3894 ecclesiasticis
2227 3841 2409 3904 optime
2430 3841 2497 3891 sit
2516 3853 2625 3905 pro·

413 3927 642 3990 meritus,
676 3926 943 3990 episcopis,
977 3927 1223 3992 sacrisque
1250 3926 1472 3979 coetibus
1492 3929 1543 3976 et
1559 3925 1760 3976 familiis
1776 3925 1914 3975 uuila
1935 3937 1989 3974 re
2007 3922 2243 3984 defuerit,
2261 3933 2531 3984 eorumque
2548 3921 2625 3971 ob-

413 4008 553 4072 sequi
571 4007 775 4069 studiis‚
797 4006 1083 4069 dignitatem
1112 4007 1239 4058 tueri
1253 4045 1270 4070 ,
1293 4006 1503 4058 libertati
1527 4005 1781 4056 consulere
1797 4003 2017 4056 muneris
2039 4004 2114 4054 sui
2135 4003 2356 4063 duxerit,
2381 4014 2624 4052 romanos·

415 4103 512 4152 que
532 4088 784 4154 pontifices
818 4088 1050 4148 singulari
1086 4089 1264 4151 pietate
1283 4087 1509 4139 coluerit.
1541 4088 1614 4137 lta
1636 4086 1715 4136 vir
1740 4084 1917 4148 iugiter
1947 4081 2199 4147 religiosus
2229 4082 2415 4143 estitit,
2455 4095 2629 4146 pareus

412 4172 660 4234 optimus,
694 4169 1005 4233 magistram
1039 4169 1401 4233 integerrimus,
1438 4169 1562 4221 civis
1594 4167 1824 4218 eximius.
1842 4167 1920 4217 ct.
1941 4165 2090 4216 buius
2125 4165 2190 4216 cl.
2209 4165 2306 4214 viri
2326 4163 2571 4227 aloytum
2599 4175 2631 4212 a

417 4253 471 4300 Ρ.
495 4254 552 4300 Δ.
571 4249 794 4314 angelini
834 4261 913 4298 an.
951 4253 1085 4299 ¹850.
1124 4249 1305 4297 Romae
1338 4249 1618 4312 vulgatium
1648 4259 1737 4295 nec
1768 4259 1864 4295 uon
1894 4247 2065 4294 Franc.
2093 4242 2347 4307 Guadagui
2377 4245 2446 4293 In
2479 4241 2625 4291 obitu

416 4327 608 4391 Aloysii
636 4331 687 4379 ec
724 4330 936 4378 Heni-ici
956 4326 1201 4389 filiorum
1241 4327 1439 4377 March.
1478 4329 1696 4376 loannis
1735 4323 1798 4374 de
1835 4323 2041 4374 Andrea
2074 4323 2454 4374 consolatoriae
2495 4319 2623 4370 allo·

416 4410 666 4459 nationes.
688 4411 870 4459 Romae
897 4410 1028 4458 ¹8³7.
2485 4480 2524 4520 ᾖ
