3276 5083
466 507 603 558 ω.
622 506 713 556 vl.
741 503 1013 554 txrsun.
1031 503 1177 553 ms.
1200 502 1279 553 ns
1305 502 1442 552 um.
1462 501 1640 552 sica.
1664 500 1809 552 Αιιτ.
1831 502 1925 551 m.
1950 503 2095 553 ms.
2121 503 2346 554 rasos.
2439 478 2578 552 tn

367 624 616 699 exoriri
646 638 1136 697 sacramentum
1169 636 1431 720 putant,
1461 646 1615 694 cum
1649 618 1850 693 ambo
1877 620 2196 717 coniuges
2228 621 2580 696 christiani

372 740 551 812 fiunt
580 738 760 810 iuxta
791 737 1163 835 expositam
1200 735 1515 835 superius
1564 734 1962 810 sententiam
1993 736 2169 831 (42).
2203 736 2581 821 Quoemm-

374 881 513 955 que
556 880 638 927 ex
685 853 795 926 his
845 852 1194 926 sententiis
1244 839 1673 938 admittatur,
1731 876 1838 924 res
1889 851 1959 924 in
2009 867 2150 926 tuto
2197 868 2323 925 est.

523 973 589 1041 6.
650 968 834 1041 Idem
888 993 1061 1067 pene
1107 982 1216 1040 est
1262 993 1495 1054 casus,
1548 966 1671 1067 qui
1731 982 1919 1042 sexto
1981 965 2125 1042 loco
2187 968 2585 1068 proponitur

368 1109 523 1157 cum
564 1080 1010 1182 praecedente
1030 1138 1045 1168 ‚
1087 1080 1393 1181 adeoque
1422 1081 1660 1154 eadem
1694 1081 1910 1182 aptari
1958 1081 2158 1156 debet
2202 1084 2578 1184 responsio.

365 1199 680 1270 Ceterum
731 1194 902 1268 nihil
950 1195 1175 1269 obstat
1222 1197 1388 1300 quin
1436 1195 1686 1296 aliquis
1721 1197 1813 1271 sit
1854 1198 2139 1297 incapax
2186 1200 2587 1273 sacramenti

371 1310 833 1410 suscipiendi,
874 1326 940 1383 et
972 1311 1188 1409 possit
1218 1310 1659 1386 nihilominus
1708 1311 1899 1385 alteri
1943 1331 2431 1388 sacramentum
2465 1316 2590 1388 ad-

374 1425 780 1500 ministrare.
817 1424 891 1497 Id
937 1441 1121 1523 patet
1146 1450 1231 1498 ex
1263 1425 1553 1501 adducto
1600 1425 1909 1526 exemplo
1954 1426 2303 1527 baptismi.
2344 1429 2590 1531 Utique

372 1540 600 1637 agitur
630 1538 717 1613 de
750 1555 1170 1613 sam-amento
1216 1539 1306 1613 ad
1356 1539 1641 1614 salutem
1692 1541 2075 1616 necessario
2094 1599 2111 1630 ‚
2167 1568 2321 1616 cum
2368 1545 2596 1642 agitur

369 1654 464 1728 de
495 1655 868 1755 baptism03
921 1654 1044 1727 sed
1096 1653 1209 1728 hic
1252 1654 1478 1752 agitur
1521 1656 1610 1728 de
1658 1673 2077 1732 sacramento
2126 1657 2234 1731 sui
2283 1659 2588 1757 generis,

366 1772 553 1873 quod
581 1771 921 1871 sequitur,
951 1787 1027 1844 ut
1051 1769 1249 1844 toties
1281 1770 1766 1847 inculcavimus
1786 1827 1802 1859 ‚
1837 1789 2144 1847 naturam
2176 1790 2583 1851 contractus.

519 1889 590 1958 7.
649 1885 1155 1983 Argumentum,
1186 1884 1369 1985 quod
1394 1886 1679 1986 septimo
1711 1883 1858 1961 loco
1887 1887 2164 1962 affertur
2187 1946 2203 1977 ‚
2244 1890 2586 1991 quodque,

371 2017 448 2076 ut
491 2002 723 2089 aiunt,
772 1999 998 2075 Canus
1036 2002 1273 2101 paucis
1302 2017 1379 2075 at
1410 1999 1702 2101 merqt'ce
1734 2003 2065 2092 ostendit,
2119 2004 2256 2078 iam
2304 2004 2596 2080 solverat

373 2113 560 2190 card.
613 2107 1055 2190 Bellarminus
1079 2174 1095 2204 ‚
1152 2117 1270 2217 qui
1318 2115 1791 2193 animadvertit
1834 2119 1930 2192 nil
1979 2120 2224 2192 mirum
2270 2145 2429 2194 esse
2456 2177 2473 2208 ,
2530 2121 2592 2195 si

381 2247 863 2305 sacramentum
911 2232 1317 2334 matrimonii
1372 2234 1574 2307 etiam
1612 2233 1705 2306 ab
1740 2232 2136 2308 absentibus
2186 2234 2551 2334 recipiatur
2568 2292 2587 2323 ‚

378 2371 537 2419 cum
585 2347 672 2420 ad
721 2345 996 2421 sormam
1045 2339 1424 2423 contractus
1476 2348 1858 2421 institutum
1897 2348 2020 2436 sit,
2076 2348 2360 2450 eiusque
2408 2364 2598 2424 natu·

378 2488 523 2536 ram
582 2479 925 2565 sequatur.
986 2465 1127 2537 Iam
1193 2488 1351 2538 vero
1410 2489 1543 2537 usu
1590 2478 1659 2537 et
1704 2463 2189 2539 consuetudine
2251 2481 2598 2568 receptum

368 2594 515 2666 est,
573 2593 652 2651 ut
695 2594 1079 2654 contractus
1127 2590 1249 2679 per
1296 2579 1552 2654 litteras
1586 2594 1654 2654 et
1686 2604 1809 2679 per
1839 2596 2309 2680 procuratores
2338 2583 2598 2684 passim

373 2686 561 2767 fiant.
598 2694 742 2767 Hac
777 2693 846 2766 in
882 2693 1244 2795 hypothesi
1280 2698 1416 2769 non'
1450 2711 1864 2795 procurator,
1897 2696 2021 2771 sed
2045 2696 2451 2774 contrahens
2476 2724 2601 2799 per

374 2825 872 2909 procuratorem
922 2810 1204 2906 gratiam
1252 2826 1318 2884 et
1365 2826 1859 2884 sacramentum
1919 2811 2180 2912 recipit.
2235 2813 2598 2890 Caietanus

372 2950 533 3000 vero
579 2951 625 2998 a
672 2925 869 2999 novis
916 2925 1347 3025 opinionibus
1396 2950 1532 3000 non
1583 2927 1752 3001 satis
1799 2926 2189 3017 abhorruit,
2241 2946 2318 3003 ut
2364 2956 2607 3006 omnes

377 3056 660 3129 norunt,
719 3066 846 3114 nec
893 3040 1101 3114 semel
1136 3041 1278 3115 hac
1325 3041 1479 3140 ipsa
1528 3041 1615 3115 de
1664 3068 1872 3116 causa
1906 3043 1975 3116 in
2009 3043 2603 3143 reprehensionem

378 3156 737 3230 multorum
785 3154 1062 3242 incidit3
1102 3154 1198 3229 nil
1250 3155 1535 3255 proinde
1581 3157 1826 3230 mirum
1873 3156 2088 3232 videri
2136 3156 2373 3246 debet,
2413 3158 2477 3233 si
2529 3159 2601 3232 in

379 3269 509 3345 hoc
531 3329 548 3360 ,
590 3297 727 3372 quo
775 3270 863 3345 de
906 3271 1172 3370 agimus
1195 3329 1212 3360 ,
1255 3286 1647 3369 argumento
1688 3298 1731 3346 a
1767 3297 1927 3346 vero
1958 3296 2096 3346 non
2129 3297 2368 3371 parum
2403 3269 2602 3346 ablu-

382 3385 566 3460 serit.
598 3384 730 3471 Qui
768 3401 991 3459 autem
1031 3385 1349 3461 Caietano
1392 3411 1545 3461 sese
1593 3401 2060 3486 opposuerunt
2089 3411 2226 3461 non
2260 3402 2420 3461 sunt
2449 3412 2605 3460 con-

385 3501 772 3599 temptibiles
804 3500 904 3579 illi
940 3499 1264 3599 theologi,
1321 3501 1441 3602 qui
1492 3500 1720 3577 stultis
1767 3500 2307 3604 turbulentisque
2352 3502 2603 3577 clamo-

386 3616 576 3690 ribus
631 3616 889 3692 alienas
948 3618 1314 3692 sententias
1378 3616 1680 3693 refellere
1726 3617 2172 3718 perrexerint,
2244 3633 2320 3692 ut
2376 3617 2602 3692 Canus

384 3731 713 3833 loquitur,
756 3733 877 3808 sed
928 3718 1249 3808 auctores·
1283 3733 1703 3831 gravissimi3
1760 3759 1937 3834 quae
1983 3759 2140 3808 vero
2190 3732 2408 3807 eidem
2457 3734 2606 3808 visa

380 3864 543 3922 sunt
577 3847 875 3923 absurda
894 3906 913 3936 ‚
960 3848 1116 3926 aliis
1165 3847 1534 3949 probantur
1581 3864 1922 3950 tamquam
1971 3872 2131 3923 vera
2179 3874 2260 3924 ac
2309 3849 2604 3924 rationa-

382 3960 545 4038 bilia
584 3964 763 4060 (43).
807 3963 1042 4039 Exitus
1092 3987 1258 4039 sane
1307 3963 1601 4039 ostendit
1648 3964 1803 4065 quis
1849 3954 2200 4057 veritatem
2249 3979 2603 4042 assecutus

527 4222 633 4287 (η)
662 4223 740 4274 cr.
765 4223 983 4276 saneim
1000 4224 1098 4276 100.
1122 4224 1208 4276 at.

526 4304 630 4369 (ω)
660 4304 739 4357 oe.
760 4305 980 4357 samba
999 4307 1076 4357 ne
1094 4308 1255 4359 matr.
1281 4307 1369 4358 ιιι».
1387 4308 1451 4358 ιι.
1475 4305 1603 4373 (περ.
1629 4313 1678 4358 2.
1696 4306 1746 4371 §-
1771 4310 1849 4371 2⁷·
1870 4305 1954 4357 ιιιιι
1971 4305 2253 4372 quinam
2272 4308 2496 4359 maore·
2517 4318 2609 4370 pro

383 4384 477 4434 sac
495 4386 738 4437 anteum
755 4387 996 4450 manee
1018 4385 1200 4450 quam
1220 4387 1386 4453 pium
1405 4387 1532 4440 auos
1551 4386 1732 4440 adiecit
1752 4385 1933 4453 sagra
1953 4386 2005 4439 tn
2024 4398 2108 4454 op.
2130 4389 2207 4440 ικ
2227 4388 2387 4440 noer.
2411 4399 2463 4439 ιι.
2492 4389 2604 4439 m.

382 4463 501 4517 item
521 4465 748 4519 mrim
764 4479 848 4533 op.
869 4466 956 4519 οιι.
977 4466 1111 4519 rut.
1128 4468 1216 4519 ιιι.
1236 4480 1344 4532 ap.
1364 4468 1404 4519 1.
1418 4466 1467 4534 §-
1491 4468 1555 4521 ιι.
