3276 5083
600 462 742 515 eir.
770 461 864 514 111.
898 460 980 513 ns
1014 461 1332 516 ιιιιιιετιιο.
1363 464 1503 516 iar.
1538 462 1632 518 m.
1667 465 1902 522 Αιιιιιιιι.
1935 467 2346 520 τιιιιοιοιιιοι.
2482 448 2575 520 ⁹5

344 580 648 658 ecclesia
705 580 1070 682 prudenter
1116 608 1159 655 a
1215 582 1532 680 cogendis
1600 582 1914 657 fidelibus
1974 585 2061 658 ad
2120 586 2576 661 renovandum

345 722 587 773 coram
637 695 981 769 sacerdote
1028 720 1430 769 consensum
1480 693 1803 783 abstinet;
1845 713 1985 770 tum
2035 695 2195 797 quia
2245 699 2439 797 plura
2460 759 2477 789 ,
2517 699 2577 774 si

349 811 429 885 id
465 809 758 910 generali
812 808 1184 882 sanciretur
1230 808 1379 908 lege
1403 867 1419 897 ,
1475 810 1808 885 orirentur
1856 812 2275 888 incommoda
2304 815 2480 910 (20).

507 925 735 999 Robur
780 920 940 998 huic
989 939 1377 1023 argumento
1427 925 1688 999 accedit
1733 952 1864 1000 non
1915 925 2267 1001 minimum
2315 955 2397 1002 ex
2445 928 2581 1003 illis

351 1041 806 1117 matrimoniis
831 1096 847 1127 ‚
904 1065 1079 1140 quae
1128 1041 1199 1113 in
1245 1040 1467 1114 radice
1516 1042 1781 1129 sanari,
1841 1067 1963 1116 seu
2022 1044 2431 1118 convalidari
2481 1046 2587 1118 di-

353 1173 637 1244 cuntur,
697 1181 851 1229 cum
904 1154 1160 1229 seilicet
1207 1156 1738 1245 matrimonium,
1795 1157 1975 1257 quod
2025 1185 2106 1232 ex
2156 1157 2383 1259 aliquo
2418 1160 2584 1234 vitio

350 1267 1122 1358 counito-initantum,
1147 1295 1299 1344 cum
1325 1268 1565 1344 initum
1587 1285 1726 1358 est,
1751 1270 1836 1345 ab
1854 1271 2140 1346 ecclesia
2168 1298 2288 1371 per
2308 1272 2582 1373 dispen-

351 1385 685 1463 sationem
730 1383 825 1458 ab
866 1383 1133 1459 occulto
1181 1384 1511 1460 eiusmodi
1568 1385 2081 1486 impedimento,
2138 1402 2354 1461 ratum
2413 1388 2583 1463 vali-

351 1500 665 1600 dumque
707 1497 787 1576 fit
829 1497 896 1574 vi
947 1523 1319 1574 consensus
1383 1499 1720 1574 moraliter
1785 1501 2326 1632 perseverant-is,
2387 1501 2585 1575 nulla

351 1613 462 1692 vel
506 1612 932 1701 alterutrius,
975 1614 1082 1689 vel
1117 1614 1468 1714 utriusque
1500 1615 1904 1715 quandoque
1959 1616 2266 1715 coniugis
2311 1637 2587 1696 renova-

355 1730 538 1805 tione
557 1753 963 1804 consensus.
987 1729 1179 1815 Quo
1161 1757 1230 1801 m
1255 1755 1416 1804 casu
1441 1746 1788 1827 exurgeret
1821 1747 2308 1805 sacramentum
2342 1732 2584 1810 inseiis

353 1842 944 1929 contrahentibus,
993 1868 1116 1915 seu
1158 1842 1517 1931 ministris,
1560 1843 1740 1942 quod
1777 1843 2144 1921 absurdum
2193 1843 2393 1945 plane
2437 1861 2574 1932 est;

356 1953 622 2036 nullum
669 1981 831 2035 vero
878 1973 1061 2031 esset
1108 1957 1473 2031 absurdum
1493 2015 1508 2045 ,
1569 1958 1629 2032 si
1680 1974 2089 2034 contractum
2156 1958 2575 2034 solummodo

352 2097 679 2174 exurgere
722 2072 1059 2150 diceretur
1088 2075 1264 2168 (21).

502 2188 694 2264 Idem
742 2187 857 2264 dic
902 2188 991 2262 de
1050 2187 1186 2261 illis
1238 2188 1602 2286 coniugiis,
1683 2214 1855 2287 quae
1910 2189 2016 2264 vel
2073 2190 2164 2263 ab
2220 2189 2577 2263 haereticis

359 2300 841 2382 mabuntur
885 2328 1108 2379 coram
1159 2303 1301 2377 solo
1344 2304 1735 2401 magistratu
1785 2302 2003 2391 civili,
2054 2303 2160 2378 vel
2210 2330 2252 2376 a
2300 2302 2581 2377 catholi-

357 2419 503 2507 cis,
554 2418 675 2519 qui
730 2419 1138 2496 connubium
1189 2419 1465 2519 quidem
1517 2419 1750 2492 ineunt
1795 2443 2019 2493 coram
2070 2418 2354 2493 ecclesia
2378 2473 2395 2505 ,
2453 2418 2574 2492 sed

357 2533 623 2636 absque
692 2532 1059 2609 intentione
1119 2532 1517 2608 conficiendi
1581 2550 2093 2621 sacramentum,
2157 2532 2246 2606 de
2293 2559 2428 2633 quo
2488 2558 2575 2609 ne

356 2650 675 2750 cogitant-
701 2646 980 2750 quidem
1003 2707 1018 2736 ‚
1075 2674 1229 2731 cum
1278 2649 1581 2748 ignorent
1614 2675 1691 2724 se
1723 2649 1926 2722 huius
1978 2648 2378 2722 sacramenti
2423 2672 2578 2723 esse

358 2764 729 2840 ministros.
764 2763 907 2838 lmo
942 2762 1338 2862 plerumque
1371 2762 1640 2836 nonnisi
1677 2760 1970 2836 carnalia
2004 2777 2224 2835 mente
2269 2760 2568 2850 volvunt,

356 2878 521 2957 dum
550 2898 633 2955 se
660 2892 896 2953 mutuo
926 2903 1262 2953 consensu
1293 2878 1721 2974 obstringunt
1761 2880 1937 2973 (22).
1970 2876 2414 2963 Quamobrem
2447 2877 2576 2948 mi-

358 3019 509 3069 rum
530 3018 687 3079 esse
711 3018 847 3069 non
870 2992 1069 3066 debet
1101 2992 1161 3066 si
1194 2993 1590 3065 Benedictus
1623 2993 1791 3064 XIV.
1817 2992 1886 3063 in
1911 2988 2338 3065 celeberrimo
2371 3016 2574 3091 opere

357 3108 463 3183 De
486 3105 737 3209 synodo
770 3106 1147 3180 dioecesana
1179 3105 1299 3179 lib.
1332 3107 1504 3179 vul.
1537 3128 1688 3206 cap.
1718 3107 1897 3178 xm.
1930 3131 1998 3178 n.
2029 3107 2094 3177 4.
2130 3105 2526 3178 sententiam
2548 3158 2566 3193 ‚

356 3246 534 3324 quae
564 3220 859 3298 adstruit
891 3221 1302 3296 sacerdotem
1336 3245 1489 3296 esse
1521 3219 1728 3294 huius
1759 3221 2158 3294 sacramenti
2194 3218 2570 3292 ministrum

360 3337 553 3415 oddo
592 3337 1003 3438 probabilem
1051 3336 1280 3411 edixit.

492 3565 623 3639 (2)
631 3568 712 3619 lta
732 3565 1135 3620 sebastBerardi
1153 3566 1205 3618 ln
1221 3568 1504 3620 emmeant.
1528 3570 1585 3620 tn
1604 3570 1690 3620 tus
1710 3566 1993 3619 ecclesiast.
2011 3569 2319 3619 universum
2339 3566 2463 3616 tom.
2480 3564 2570 3615 111.

356 3641 555 3699 dul.
608 3640 688 3699 .8.
711 3638 916 3697 Taurini
939 3648 1076 3698 1767.
1100 3659 1209 3709 pag.
1231 3653 1450 3710 assem.

498 3722 580 3789 '01
626 3724 1033 3790 &maone
1054 3725 1378 3790 carriemop.
1396 3726 1566 3778 etloc.
1580 3726 1670 3778 cit

494 3804 609 3873 (²3)
629 3805 1039 3873 nsandida·
1059 3806 1186 3858 ratio
1204 3809 1306 3870 est,
1328 3819 1427 3870 qua
1448 3809 1701 3872 permotus
1718 3807 2011 3860 eatstattler
2027 3807 2085 3857 ut
2101 3806 2353 3867 assereret,
2371 3803 2569 3868 domna·

351 3883 451 3937 flea
482 3882 549 3937 ab
577 3883 787 3937 odada
810 3884 1004 3939 definiri
1023 3899 1167 3952 posse
1188 3885 1488 3938 sacerdotem
1508 3886 1788 3939 ministrum
1810 3900 1916 3940 esse
1936 3882 2226 3939 sacramenti
2244 3880 2569 3947 matrimonii,

354 3954 511 4089 prad
536 3964 685 4018 antea
720 3960 997 4081 matus.
