3276 5083
630 462 770 513 mr.
803 463 901 514 111.
934 464 1015 513 m:
1049 464 1363 515 unusrno.
1397 464 1541 515 ιιι-ι.
1576 466 1669 516 ιιι.
1704 466 1939 520 moun.
1974 468 2383 526 rusotomm.
2526 451 2614 519 93

395 582 891 681 susciperetur,
947 598 1062 656 aut
1110 583 1600 658 ministraretur
1630 641 1648 671 ‚
1714 585 2102 682 praesertim
2152 587 2211 658 si
2273 588 2438 672 ratio
2499 585 2620 662 ba-

398 696 639 771 beatur
685 698 961 771 canonis
1002 699 1067 768 ⁴.
1110 713 1176 770 et
1222 723 1369 770 can.
1416 700 1532 770 32.
1575 714 1837 798 quaest.
1873 702 1941 770 2.

554 812 735 885 Talia
780 839 1050 911 quoque
1098 812 1333 885 haberi
1374 812 1617 887 debent
1650 813 1962 911 coniugia
1995 814 2064 885 in
2100 812 2490 888 infidelitate
2523 816 2618 890 le-

404 927 635 1023 gitime
698 926 863 999 inita
898 984 913 1011 ‚
981 925 1252 1025 quando
1298 942 1534 1026 ¹postea
1581 927 1775 1000 ambo
1827 927 2147 1025 coniuges
2198 927 2615 1002 matrimonio

401 1041 537 1112 iam
563 1040 901 1113 coniuncti
927 1065 1048 1139 per
1071 1040 1479 1139 baptismum
1501 1041 1823 1115 ecclesiae
1847 1041 2616 1120 adscribuntur..H01-um

398 1154 900 1228 matrimonium
934 1170 1088 1253 post
1118 1154 1527 1255 baptismum
1576 1171 2063 1230 sacramentum
2112 1156 2415 1230 evasisse
2463 1156 2617 1255 quis

397 1266 688 1340 dixerit?
725 1266 1094 1368 Quousque
1128 1269 1303 1341 enim
1339 1294 1741 1342 consensum
1779 1296 1977 1342 suum
2012 1269 2081 1341 in
2115 1285 2473 1369 conspectu
2507 1295 2618 1344 ec-

402 1381 650 1456 clesiae
687 1383 1003 1480 coniuges
1041 1383 1149 1457 isti
1186 1409 1320 1456 non
1346 1384 1840 1470 renovaverint,
1879 1382 2130 1479 vigebit
2161 1383 2435 1482 quidem
2468 1409 2619 1456 con-

403 1512 647 1569 tractus
698 1495 1103 1592 coniugalis,
1162 1513 1649 1569 sacramentum
1701 1512 1919 1570 autem
1971 1523 2102 1571 non
2153 1496 2529 1571 habebitur.

553 1611 730 1697 Quid
761 1611 820 1684 si
849 1610 1066 1707 fingas
1092 1612 1408 1708 coniuges
1444 1608 1597 1686 illos
1633 1638 1764 1685 non
1801 1611 2034 1685 eodem
2071 1628 2367 1712 tempore
2397 1612 2622 1713 bapti-

399 1725 581 1799 zari?
629 1727 728 1799 Eo
779 1726 1142 1799 maioribus
1192 1726 1319 1801 hac
1363 1728 1432 1801 in
1467 1727 1866 1827 hypothesi,
1923 1754 2099 1828 quae
2147 1745 2366 1803 tamen
2415 1729 2619 1803 infre-

402 1866 616 1940 quens
681 1867 813 1914 non
880 1857 1013 1928 est,
1083 1841 1590 1916 difficultatibus
1641 1868 1749 1915 res
1799 1840 2083 1916 obnoxia
2130 1868 2284 1916 esse
2332 1843 2618 1917 dicenda

403 1974 545 2031 est:
602 1983 760 2030 nam
807 1983 959 2030 cum
1003 1975 1487 2031 sacramentum
1533 1984 1666 2033 non
1707 1959 1796 2032 sit
1829 1959 1962 2033 nisi
2012 1960 2081 2031 in
2131 1976 2412 2059 utroque
2458 1985 2618 2034 con·-

402 2073 595 2171 iuge,
636 2099 769 2147 non
816 2071 1028 2173 liquet
1074 2075 1408 2174 quomodo
1440 2075 1510 2146 in
1543 2074 1943 2175 baptismate
1978 2076 2177 2148 unius
2216 2077 2433 2173 possit
2464 2073 2617 2149 esse

411 2205 892 2263 sacramentum
941 2189 1232 2288 coniugii
1281 2191 1482 2264 etiam
1518 2191 1587 2261 in
1624 2190 1864 2277 altero,
1923 2191 2038 2289 qui
2090 2191 2313 2264 adhuc
2360 2191 2616 2289 baptis-

409 2320 589 2377 mate
634 2303 947 2378 lustratus
998 2331 1130 2380 non
1180 2321 1316 2392 est;
1372 2321 1488 2379 aut
1534 2304 1869 2403 quomodo
1904 2305 1973 2376 in
2008 2304 2408 2403 baptismate
2454 2304 2618 2379 alte-

412 2419 556 2492 rius
614 2419 888 2518 incipiat
935 2446 1088 2493 esse
1138 2435 1623 2494 sacramentum
1676 2419 1746 2490 in
1796 2434 2111 2518 utroque,
2181 2419 2453 2519 quando
2502 2420 2563 2493 is
2595 2478 2610 2508 ,

400 2534 521 2634 qui
566 2550 764 2608 antea
812 2533 1189 2633 baptizatus
1224 2552 1350 2621 est,
1392 2534 1559 2608 forte
1607 2533 1692 2607 de
1741 2533 2141 2608 conferendo
2174 2560 2308 2608 non
2343 2534 2607 2632 cogitet.

402 2651 502 2723 Ex
535 2677 674 2751 qua
721 2651 1301 2724 animadversione
1349 2652 1644 2750 quisque
1692 2649 2002 2748 intelligit
2050 2650 2313 2739 illorum
2364 2652 2618 2726 theolo-

399 2791 634 2863 gorum
678 2765 1028 2839 concidere
1078 2766 1505 2852 sententiam,
1561 2766 1679 2865 qui
1731 2766 1815 2838 ad
1866 2766 2277 2839 evadendam
2326 2765 2618 2841 difficul-

404 2895 606 2952 tatem
657 2894 1022 2977 reponunt,
1079 2879 1573 2953 matrimonium
1623 2878 2036 2967 infidelium,
2078 2881 2194 2979 qui
2247 2896 2479 2980 postea
2527 2881 2614 2953 ad

404 2994 789 3090 religionem
830 3019 907 3067 se
952 2993 1389 3066 christianam
1438 3008 1860 3081 convertunt,
1914 3020 1996 3066 ex
2045 3020 2227 3067 mero
2276 3011 2615 3070 contractu

405 3110 547 3181 fieri
597 3125 1083 3182 sacramentum
1136 3110 1287 3208 ipsa
1334 3109 1653 3207 baptismi
1704 3110 2147 3209 susceptione.

544 3227 733 3299 Nunc
777 3226 1014 3299 iterum
1053 3225 1228 3322 finge
1260 3226 1752 3300 matrimonium
1802 3225 2119 3299 celebrari
2171 3225 2345 3299 inter
2389 3225 2612 3324 bapti-

403 3354 622 3412 zatum
653 3397 669 3425 ,
726 3357 793 3412 et
839 3338 1382 3414 catechumenam
1417 3399 1431 3426 ,
1488 3340 1784 3437 legitima
1841 3340 2193 3415 accedente
2260 3341 2616 3439 dispensa-

407 3454 603 3526 tione.
634 3456 774 3528 Hoc
808 3456 1101 3554 profecto
1133 3455 1203 3526 in
1238 3481 1399 3528 casu
1434 3470 1810 3537 contractus
1846 3456 1992 3529 sine
2028 3471 2442 3529 sacramento
2490 3457 2616 3531 erit

405 3570 886 3666 agnoscendus.
947 3570 1140 3656 Quod
1191 3571 1249 3643 si
1299 3570 1641 3671 quispiam
1697 3570 1937 3644 dixerit
1998 3588 2484 3646 sacramentum
2533 3600 2615 3646 ex

404 3701 589 3783 parte
634 3684 953 3783 baptizati
1001 3684 1231 3757 haberi
1251 3743 1267 3770 ‚
1308 3711 1440 3758 non
1476 3686 1827 3773 minuitur,
1887 3686 2006 3760 sed
2059 3686 2281 3784 potius
2336 3702 2617 3784 augetur

401 3800 804 3886 difficultas;
845 3815 1001 3872 tunc
1033 3800 1211 3873 enim
1246 3800 1331 3887 is,
1353 3801 1468 3898 qui
1497 3801 1590 3873 ita
1615 3804 1881 3904 sentiat,
1914 3818 2185 3898 urgetur
2216 3817 2289 3874 ut
2325 3801 2609 3888 indicet,

399 3940 535 4013 quo
570 3915 987 3988 ministrante
1020 3930 1505 3987 sacramentum
1538 3914 1918 4014 baptizatus
1954 3915 2313 4014 acceperit,
2344 3933 2409 3988 et
2445 3941 2612 4015 quo-

401 4030 598 4104 modo
637 4030 783 4103 fieri
832 4030 1051 4129 possit
1095 4030 1349 4117 edicat,
1390 4045 1463 4103 ut
1495 4029 2005 4118 catechumena,
2046 4032 2484 4131 quaeimpar
2508 4047 2616 4107 est

399 4165 474 4222 ut
521 4165 1011 4222 sacramentum
1061 4148 1423 4249 suscipiat,
1466 4175 1547 4223 ea
1582 4175 1705 4247 par
1755 4147 1872 4220 fiat
1920 4166 1993 4222 ut
2014 4169 2020 4173 ·
2039 4149 2336 4227 conferat
2385 4176 2613 4223 sacra-

401 4279 720 4336 mentum.
762 4261 1154 4361 Exemplum
1189 4263 1462 4338 ductum
1496 4290 1576 4336 ex
1610 4261 1946 4362 baptismo
1992 4262 2229 4349 collato
2257 4264 2484 4336 ’etiam'
2526 4263 2614 4335 ab

402 4377 657 4452 infideli
695 4406 829 4453 non
865 4378 1269 4476 suffragatur
1318 4380 1443 4466 iis,
1485 4379 1598 4478 qui
1657 4379 1746 4454 ita
1797 4379 2150 4467 sentiunt,·
2180 4405 2329 4454 cum
2381 4392 2618 4475 agatur
