3276 5083
649 455 786 506 οη.
815 452 903 504 iv.
929 451 1009 501 nr
1036 448 1272 501 Ancon.
1309 447 1426 497 rao
1462 444 1620 496 uon
1647 444 1727 495 nn
1762 444 1953 495 nra.
1979 442 2106 494 civ.
2134 443 2276 509 mr.
2308 444 2356 493 1.
2513 420 2650 492 365

430 570 824 672 parentibus
860 583 1195 642 servatum
1232 581 1335 640 est
1373 565 1442 635 in
1480 562 1628 661 lege
1662 577 1939 636 naturae
1962 619 1978 648 ,
2012 562 2284 661 quando
2309 562 2655 662 principes

433 687 838 761 familiarum
896 682 1234 756 Abraham
1263 739 1278 768 ,
1349 682 1541 753 Isaac
1592 695 1660 752 et
1709 679 1911 752 Iacob
1960 693 2190 777 utpote
2246 679 2491 752 summi
2544 705 2655 754 sa-

433 801 738 876 cerdotes
788 800 1278 873 coniunxerunt
1328 796 1398 867 in
1450 793 1875 867 matrimonio
1927 792 2104 867 filios
2154 819 2359 880 suos;
2414 792 2659 870 deinde

435 917 561 992 sub
613 915 760 1014 lege
809 914 1104 989 mosaica
1142 911 1326 985 Deus
1379 911 1527 1011 ipse
1578 910 1645 982 in
1682 909 1974 982 Levitico
2009 933 2130 1007 per
2162 908 2436 1008 Moysen
2473 906 2657 1006 leges

436 1031 624 1105 dedit
655 1031 835 1104 circa
867 1029 1332 1125 coniugiorum
1385 1024 1900 1100 celebrationem
1937 1081 1953 1111 ,
2021 1024 2206 1097 iuxta
2254 1049 2430 1123 quas
2477 1023 2658 1123 leges

441 1146 762 1247 deinceps
815 1145 883 1216 in
935 1141 1187 1242 populo
1236 1140 1359 1213 Dei
1411 1140 1726 1237 coniugia
1788 1139 1956 1212 inita
2006 1154 2212 1225 sunt,
2266 1155 2344 1212 ut
2397 1154 2660 1215 constat

436 1288 517 1336 ex
551 1261 637 1331 11.
674 1256 873 1332 Esdr.
906 1282 1104 1356 capp.
1138 1256 1228 1328 IX
1264 1273 1330 1330 et
1359 1255 1443 1328 X.
1466 1255 1773 1354 Denique
1806 1253 2118 1328 Christus
2152 1253 2653 1328 matrimonium

433 1376 520 1450 ad
547 1375 913 1474 perfectum
939 1372 1254 1458 adduxit,
1293 1371 1482 1457 dum,
1524 1370 1792 1444 sublato
1826 1368 2056 1443 libello
2091 1368 2385 1468 repudii,
2426 1370 2650 1469 ipsum

435 1490 521 1563 ad
574 1487 1026 1564 omnimodam
1077 1485 1426 1571 unitatem,
1467 1510 1546 1559 ac
1580 1481 2242 1557 indissolubilitatem
2294 1484 2650 1571 revocavit,

439 1605 677 1679 dicens
718 1632 736 1676 ε
803 1601 993 1690 Quod
1046 1602 1221 1674 Deus
1270 1602 1612 1673 coniunxit
1640 1656 1660 1684 ,
1736 1599 1915 1672 homo
1962 1624 2091 1670 non
2138 1614 2392 1698 separet
2443 1598 2658 1695 (Mat-

440 1720 539 1793 th.
582 1720 754 1793 x1x.
793 1723 859 1791 ⁶.
885 1722 912 1815 )

584 1834 751 1908 Cum
788 1835 1017 1934 itaque
1040 1833 1128 1907 ab
1152 1834 1304 1933 ipsa
1330 1858 1454 1907 sua
1479 1832 1898 1907 institutione
1933 1831 2432 1906 matrimonium
2466 1855 2655 1931 prae-

439 1953 737 2047 figurans
765 1948 1053 2021 futuram
1080 1948 1331 2020 Christi
1354 1947 1894 2021 coniunctionem
1923 1973 2075 2020 cum
2101 1945 2388 2021 ecclesia
2410 2003 2426 2033 ‚
2458 1961 2658 2045 prout

435 2063 693 2136 iamdiu
726 2061 1194 2135 animadvertit
1217 2086 1276 2134 s.
1296 2060 1425 2134 Leo
1451 2061 1538 2132 M.
1556 2063 1624 2156 (3
1635 2063 1704 2155 4)
1720 2118 1736 2146 ‚
1754 2087 1796 2133 a
1818 2059 2047 2134 divina
2070 2059 2221 2158 lege
2244 2060 2445 2135 fuerit
2467 2086 2662 2159 prae-

438 2191 835 2275 occupatum
862 2231 878 2261 ‚
937 2172 1122 2246 nulla
1169 2172 1466 2246 humana
1517 2175 1621 2246 lex
1680 2172 1835 2247 ferri
1879 2188 2127 2273 potest,
2186 2198 2362 2271 quae
2409 2171 2665 2248 afficiat

436 2294 585 2367 eius
611 2290 1091 2376 substantiam3
1126 2287 1295 2361 nulli
1332 2288 1603 2363 Caesari
1638 2289 2028 2385 coniugium
2056 2287 2449 2373 subiicitur,
2489 2286 2654 2362 nulli

441 2405 737 2480 humano
801 2402 1192 2502 legislatori.
1250 2401 1456 2476 Multo
1519 2427 1675 2476 vero
1742 2401 1968 2475 minus
2017 2426 2101 2474 ex
2162 2426 2298 2502 quo
2347 2400 2659 2478 Christus

438 2536 850 2596 contractum
896 2516 1265 2594 naturalem
1301 2516 1390 2591 ad
1420 2517 1560 2592 veri
1603 2541 1685 2593 ac
1717 2516 1971 2618 proprii
2009 2516 2410 2593 sacramenti
2446 2540 2660 2594 novae

437 2636 609 2734 legis
660 2633 1002 2733 fastigium
1046 2638 1285 2707 evexit.
1329 2633 1504 2707 Sane
1542 2658 1624 2707 ex
1659 2632 1871 2707 sacris
1921 2631 2159 2712 litteris
2207 2632 2656 2733 comperimus

438 2750 794 2854 Apostolos
843 2749 1102 2851 absque
1151 2748 1290 2824 ulla
1339 2775 1382 2823 a
1429 2749 1675 2849 quavis
1726 2748 2020 2823 humana
2068 2747 2486 2846 legislatione
2538 2749 2658 2824 de-

438 2866 801 2966 pendentia
850 2863 1115 2963 regulas
1165 2863 1484 2939 statuisse
1534 2862 1838 2938 eiusdem
1888 2862 2221 2963 coniugii,
2276 2879 2481 2965 atque
2529 2863 2657 2939 im·-

441 2979 824 3079 pedimenta
857 2979 1207 3066 sanxisse3
1249 2979 1431 3080 quod
1478 2977 1797 3080 deinceps
1836 2978 2122 3054 ecclesia
2153 2979 2387 3053 divina
2425 2995 2656 3055 aucto-

444 3092 639 3168 ritate
671 3091 838 3167 freta
871 3092 1115 3191 iugiter
1147 3093 1233 3167 ad
1270 3093 1452 3168 hunc
1484 3118 1704 3193 usque
1745 3093 1925 3167 diem
1967 3092 2233 3168 efficere
2282 3118 2653 3196 numquam

443 3365 560 3413 nota
589 3362 651 3413 nd
685 3375 735 3412 n.
758 3365 866 3414 2⁸7.
891 3362 1086 3425 quoties
1115 3364 1248 3412 Deus
1268 3375 1322 3413 se
1343 3360 1723 3425 adspectabant
1755 3362 1871 3413 feeit
1901 3361 1995 3412 suh
2026 3361 2187 3413 forma
2214 3362 2430 3412 humana
2447 3360 2663 3412 exterius

441 3443 717 3506 mumma,
752 3442 846 3492 fnit
878 3442 983 3506 ipsa
1012 3454 1222 3507 persona
1257 3443 1406 3494 Verbi
1432 3443 1508 3493 sic
1527 3442 1627 3493 inm
1651 3441 1956 3508 proludentia
1988 3441 2050 3493 ad
2081 3442 2298 3492 suturam
2323 3453 2465 3493 suam
2505 3440 2661 3492 inw-

444 3524 721 3586 natione-113
755 3521 977 3586 adeoque
1001 3526 1060 3574 ut
1086 3523 1303 3587 pontifex
1333 3523 1579 3574 maximus
1601 3522 1731 3588 apud
1754 3525 1945 3574 Patrem
1963 3558 1979 3585 ,
2012 3525 2069 3572 ut
2090 3535 2283 3574 rursum
2317 3522 2467 3572 iidem
2497 3523 2660 3586 patres

443 3602 676 3666 tradunt,
712 3604 1010 3668 pontificiam
1033 3603 1255 3654 exercuit
1274 3604 1563 3667 potestatem
1584 3603 1692 3667 ipso
1712 3605 1824 3654 actu
1846 3601 2194 3654 benediaionis
2209 3614 2293 3653 seu
2317 3603 2413 3652 ritu
2438 3600 2661 3653 ucoedo-

445 3683 560 3746 tali,
587 3687 645 3734 ut
669 3684 848 3747 legitur
880 3687 1055 3736 Gentes.
1080 3686 1121 3734 1.
1149 3688 1225 3738 27.
1249 3683 1416 3735 collat.
1436 3685 1561 3735 Gen.
1592 3686 1656 3735 11.
1683 3691 1738 3736 ιι
1764 3697 1901 3748 seqq.
1931 3703 1956 3728 ι
1972 3686 2035 3735 Et
2053 3684 2240 3734 creavit
2259 3685 2392 3733 Deus
2410 3682 2660 3733 hominem

447 3763 511 3816 ad
530 3764 790 3828 maginem
811 3778 1030 3815 suam...
1053 3764 1325 3815 masculum
1346 3767 1397 3816 et
1419 3764 1683 3816 foeminam
1702 3766 1889 3816 creavit
1905 3777 2006 3815 eos.
2020 3762 2401 3828 Remedia-uque
2417 3762 2661 3814 illisDeun

446 3845 498 3895 et
531 3844 628 3893 ait:
661 3843 865 3894 crescite
884 3847 933 3893 et
951 3844 1428 3907 multiplicamini...
1452 3845 1662 3896 immisit
1699 3845 1937 3895 Dominus
1971 3847 2104 3895 Deus
2133 3855 2358 3907 soporem
2394 3843 2447 3892 in
2471 3841 2659 3902 Adam.

443 3935 656 3986 cumque
690 3921 1045 3984 obdormisset,
1082 3924 1203 3975 tulit
1232 3936 1381 3974 unam
1415 3925 1479 3976 de
1507 3925 1658 3975 costis
1692 3924 1943 3976 eius....et
1963 3923 2241 3975 aedificavit
2261 3923 2501 3974 Dominus
2527 3925 2662 3974 Deua

439 4005 657 4064 costam,
681 4015 831 4065 quain
854 4001 1032 4053 uitem
1057 4002 1119 4053 de
1135 4003 1310 4066 Adam,
1335 4005 1387 4055 in
1406 4004 1682 4068 mulierem,
1700 4006 1751 4056 et
1766 4003 1995 4055 &duxit
2012 4017 2121 4056 enm
2143 4002 2206 4054 ad
2230 4003 2403 4054 Adam.
2426 4003 2660 4067 Dixitque

443 4083 623 4136 Adam:
648 4084 743 4134 hoc
763 4096 893 4132 nunc
907 4096 964 4133 os
979 4096 1039 4133 ex
1058 4082 1412 4146 ossibusmeis,
1434 4086 1483 4135 et
1500 4097 1616 4135 caro
1632 4083 1696 4135 de
1711 4097 1857 4134 carne
1874 4083 2399 4143 men....Quamobrem
2421 4082 2663 4148 relinqunt

449 4164 599 4216 homo
616 4166 803 4228 patrem
821 4175 966 4214 suum
979 4166 1028 4214 et
1040 4166 1267 4222 matmn.
1281 4165 1332 4215 et
1347 4163 1629 4216 adhaerebit
1641 4165 1785 4215 uxori
1796 4176 1931 4226 mae,
1944 4167 1995 4216 et
2007 4167 2153 4216 erum
2169 4164 2271 4216 duo
2287 4165 2338 4216 in
2351 4177 2499 4216 carno
2513 4176 2662 4216 una.-

590 4244 693 4308 (⁸⁴)
722 4244 876 4308 Epist.
896 4243 961 4294 ad
982 4243 1169 4295 unaue.
1192 4243 1401 4296 Narbon.
1427 4263 1453 4289 ιι
1473 4243 1691 4296 sociatu
1709 4243 2024 4308 nuptiarum,
2057 4244 2246 4308 inquit,
2283 4244 2355 4296 ab
2394 4246 2556 4296 initio.
2585 4245 2666 4295 it&

448 4321 540 4373 suit
566 4324 857 4386 constituta,
876 4326 942 4378 nt
962 4324 1152 4387 praeter
1177 4335 1380 4375 nexuum
1419 4323 1810 4376 coniunctionem
1834 4322 2032 4375 baberet
2049 4323 2101 4375 in
2121 4337 2175 4376 se
2193 4322 2389 4377 Christi
2417 4326 2472 4376 ee
2499 4321 2658 4376 ecele-

440 4403 550 4452 siae
576 4407 1018 4456 saei-mlum.-
