3276 5083
777 459 916 510 cn.
960 459 1031 511 n.
1075 461 1156 510 ns
1191 457 1513 513 ummrao:
1551 461 1690 513 Αιιτ.
1733 463 1828 513 ιιι.
1871 449 2209 517 conor-mn.
2543 447 2631 516 ’Π

408 575 643 655 bimus
663 637 679 666 ‚
719 571 1220 676 argumentatus
1253 594 1357 652 est
1397 579 1644 654 Paulus
1680 579 1956 680 Sar-pius
1977 638 1993 668 ‚
2026 608 2104 655 ac
2130 581 2373 657 deinde
2408 584 2632 684 plures

410 697 538 770 alii
592 695 739 768 eius
786 694 1093 792 vestigiis
1142 695 1554 769 insistentes

567 803 833 898 Quarto.
871 808 1066 896 Quod
1116 810 1175 882 si
1227 805 1401 884 talis'
1429 811 1832 884 concedatur
1879 800 2032 885 esse
2082 811 2400 886 laicorum
2450 817 2633 914 prin-

415 927 641 1027 cipum
688 939 985 1025 potestas
1034 924 1106 996 in
1155 937 1563 998 contractum
1612 926 2063 1022 coniugalem,
2121 927 2240 1026 qui
2292 921 2633 1002 constituit

413 1040 756 1114 materiam
809 1054 1119 1111 remotam
1169 1040 1567 1115 sacramenti
1637 1040 2093 1127 matrimonii,
2159 1068 2437 1142 pronum
2493 1058 2635 1116 erat

412 1157 565 1230 aliis
616 1156 891 1242 inferre,
948 1155 1128 1253 quod
1180 1155 1426 1227 factum
1476 1170 1614 1229 est:
1661 1181 1820 1252 ergo
1877 1156 1962 1229 ad
2014 1156 2248 1230 civiles
2295 1159 2632 1259 principes

412 1287 614 1369 atque
654 1268 740 1342 ad
778 1264 1117 1342 seculares
1155 1269 1584 1366 magistratus
1630 1284 1883 1369 spectat
1931 1265 2226 1358 efficere,
2258 1287 2334 1343 ut
2358 1274 2633 1347 materia

418 1385 645 1485 inepta
691 1385 782 1458 sit
831 1383 917 1456 ad
969 1397 1454 1457 sacramentum
1472 1441 1488 1470 ,
1533 1384 1836 1484 adeoque
1885 1384 1970 1458 ad
2020 1410 2136 1459 eos
2176 1387 2457 1487 pertinet
2499 1404 2634 1462 sta-

421 1515 602 1573 tuere
657 1498 1138 1598 impedimenta
1200 1493 1695 1572 matrimonium
1755 1499 2138 1574 dirimentia
2170 1558 2185 1587 ,
2244 1517 2311 1574 et
2358 1504 2633 1602 quidem

414 1613 750 1687 exclusive
781 1672 797 1701 ,
868 1614 961 1686 ita
1011 1629 1086 1687 ut
1133 1613 1241 1686 ius
1276 1611 1547 1686 'nullum
1576 1635 1581 1642 ·
1608 1613 1931 1688 ecclesiae
1956 1609 2306 1717 'competat
2354 1611 2469 1690 illa
2516 1618 2634 1692 de-

413 1729 750 1803 cernendi.

561 1846 831 1932 Quinto.
891 1844 1338 1944 Quapropter,
1396 1844 1455 1917 si
1506 1842 1791 1917 ecclesia
1838 1846 2160 1920 anteactis
2218 1847 2629 1947 temporibus

416 1960 898 2062 impedimenta
923 1960 1415 2033 matrimonium
1442 1959 1825 2033 dirimentis
1858 1963 2233 2050 constituit,
2273 1962 2630 2036 dicendum

415 2080 688 2152 omnino
711 2094 840 2165 est,
871 2093 991 2151 aut
1013 2105 1165 2152 eam
1188 2078 1257 2150 id
1284 2079 1590 2153 effecisse
1613 2071 1693 2152 eit
1719 2080 1943 2166 tacito,
1970 2095 2083 2152 aut
2106 2106 2423 2180 expresso
2449 2081 2632 2181 prin-

421 2195 644 2294 cipum
693 2219 1025 2267 consensu
1047 2250 1063 2280 ,
1097 2207 1213 2266 aut
1237 2192 1367 2265 sibi
1393 2207 1785 2294 potestatem
1821 2219 1951 2266 non
1990 2219 2184 2266 suam
2225 2219 2625 2292 usurpasse,

423 2306 647 2384 medio
695 2308 1080 2408 praesertim
1124 2332 1288 2380 aevo
1309 2364 1324 2393 ,
1371 2305 1646 2404 quando
1679 2306 1768 2380 ob
1807 2306 2246 2403 ignorantiam
2295 2306 2635 2381 calamita-

423 2438 690 2521 temque
740 2422 919 2496 illius
970 2422 1206 2496 aetatis
1266 2421 1492 2495 omnia
1551 2421 1700 2494 iura
1759 2415 2050 2494 tenebris
2098 2421 2411 2496 obvoluta
2459 2422 2636 2496 iace—

419 2555 596 2626 rent,
654 2539 1014 2639 omniaque
1065 2537 1388 2639 permixta
1438 2553 1640 2637 atque
1689 2537 1969 2612 confusa
2016 2553 2264 2611 essent.

559 2655 783 2727 Sea-to.
827 2653 993 2727 Cum
1034 2669 1373 2755 praeterea
1421 2668 1660 2751 agatur
1694 2653 1780 2725 de
1817 2653 1961 2725 iure
2008 2652 2457 2740 inalienabili,
2497 2678 2634 2752 quo
2682 2658 2698 2675 '

418 2767 731 2841 fruuntur
771 2768 1109 2869 principes
1157 2768 1226 2840 vi
1276 2767 1582 2867 propriae
1614 2766 2062 2854 auctoritatis,
2108 2767 2217 2855 fit,
2268 2782 2342 2839 ut
2390 2767 2449 2839 si
2502 2766 2633 2867 ipsi

416 2884 622 2957 velint
643 2941 658 2969 ,
716 2883 1101 2983 bonumque
1151 2882 1557 2983 reipublicae
1588 2878 1873 2982 poscat,
1917 2882 2259 2956 vindicare
2292 2882 2423 2955 sibi
2459 2881 2637 2955 hanc

422 3013 812 3098 potestatem
848 3014 1000 3072 actu
1034 2998 1336 3099 possint,
1369 3023 1449 3070 ac
1475 3015 1821 3099 propterea
1843 2994 2183 3095 ‘corrigere
2204 3055 2220 3084 ‚
2255 2990 2628 3085 immutare,

424 3137 594 3185 nova
630 3128 952 3199 statuere,
985 3129 1054 3185 et
1077 3111 1397 3210 abrogare
1438 3108 1913 3211 impedimenta
1938 3169 1953 3198 ,
2003 3137 2180 3211 quae
2229 3137 2406 3184 nunc
2449 3104 2631 3185 'obti-

422 3243 603 3312 nent,
661 3226 749 3300 ab
799 3227 1085 3301 ecclesia
1131 3228 1512 3301 constituta.

564 3344 869 3441 Septimo.
911 3343 1009 3415 Ex
1042 3341 1277 3417 eodem
1321 3343 1497 3416 fonte
1537 3338 1863 3428 dimanat,
1896 3340 2078 3441 quod
2116 3342 2231 3415 alii
2284 3340 2626 3428 dixerunt,

423 3455 731 3530 videlicet
777 3473 852 3531 ut
899 3483 1052 3531 cum
1111 3452 1347 3531 ambae
1405 3454 1765 3559 potestates
1798 3515 1813 3544 ,
1881 3457 2336 3531 ecclesiastica
2394 3482 2633 3558 nempe

421 3586 624 3671 atque
668 3572 917 3660 civilis,
959 3573 1195 3646 saltem
1245 3599 1363 3673 per
1411 3572 1681 3646 modum
1733 3573 1935 3647 unius
1984 3570 2072 3646 ad'
2121 3572 2411 3669 coniugii
2463 3571 2637 3643 chri·

417 3686 619 3759 stiani
659 3682 1146 3762 sacramentum
1180 3684 1606 3774 concurrant,
1640 3687 1928 3761 debeant
1950 3689 2196 3789 pariter
2220 3714 2339 3788 per
2361 3687 2633 3761 modum

419 3802 625 3876 unius
649 3819 716 3877 et
741 3804 883 3903 pari
913 3804 1057 3877 iure
1081 3800 1475 3877 concurrere
1523 3804 1610 3876 ad
1661 3800 1843 3902 leges
1896 3800 2204 3878 ferendas
2244 3803 2423 3876 circa
2454 3803 2636 3876 eius·

415 3919 598 3991 modi
650 3912 1109 4007 matrimonia;
1140 3919 1246 3992 vel
1274 3918 1332 3992 si
1363 3917 1432 3990 id
1466 3918 1686 4019 placet
1721 3920 1971 4016 magis,
2027 3917 2312 3991 ecclesia
2361 3917 2634 4015 quidem

417 4033 660 4132 poterit
716 4059 835 4107 eas
896 4028 1076 4132 leges
1140 4030 1426 4108 condere
1458 4091 1474 4121 ,
1543 4059 1719 4132 quae
1780 4032 2195 4134 prospiciunt
2254 4028 2636 4134 nuptiarum

416 4150 791 4237 sanctitati,
849 4164 1146 4250 potestas
1195 4175 1351 4223 vero
1400 4148 1621 4222 civilis
1672 4173 1789 4221 eas
1840 4149 2059 4234 ferre,
2117 4175 2294 4249 quae
2342 4142 2636 4221 valorem

415 4279 798 4338 contractus
862 4263 1235 4361 attingant,
1300 4287 1590 4363 eumque
1643 4258 2034 4361 legitimum
2061 4264 2342 4338 reddant
2371 4256 2392 4349 ;’
2444 4275 2639 4335 erunt

422 4378 679 4453 scilicet
716 4378 1070 4453 habendae
1112 4394 1461 4479 tamquam
1504 4379 1677 4454 duae
1727 4395 2085 4479 potestates
2135 4406 2174 4453 a
2226 4405 2301 4452 se
2353 4370 2635 4450 invice'm
