3276 5083
570 410 708 460 cn.
735 409 823 458 iv.
850 407 928 456 na
964 406 1198 457 saeua.
1236 407 1349 457 rao
1386 405 1542 458 aaa
1576 405 1657 454 ns
1693 405 1880 455 asra.
1905 405 2033 455 clv.
2060 380 2200 455 aar.
2233 406 2326 454 ιιι.
2441 384 2573 454 433

371 524 580 623 gandi
599 582 615 610 ,
659 525 801 598 sive
837 521 1280 620 restringendi
1324 521 1800 621 impedimenta
1831 520 2156 595 ecclesiae
2191 522 2578 596 auctoritate

373 640 736 713 constituta
766 696 781 723 ,
851 636 955 711 vel
1008 636 1484 735 comprobata;
1556 638 1714 709 item
1765 663 1899 735 qua
1965 652 2153 736 parte
2206 636 2571 737 supponit,

372 755 726 828 ecclesiam
769 779 892 853 per
934 767 1324 851 potestatem
1375 751 1640 824 civilem
1690 750 1965 851 spoliari
2015 777 2217 850 posse
2267 751 2413 823 iure
2457 778 2578 825 suo

371 868 817 969 dispensandi
871 893 1075 969 super
1135 866 1632 967 impedimentis
1686 867 1772 938 ab
1822 867 1972 965 ipsa
2033 866 2414 940 constitutis
2475 866 2580 939 vel

372 982 846 1085 comprobatis.
902 981 1252 1056 Libertatis
1299 1006 1375 1052 ac
1410 981 1751 1078 potestatis
1800 980 2100 1053 ecclesiae
2154 981 2533 1054 subversiva
2553 1036 2572 1064 ,

375 1100 723 1172 tridentino
754 1097 1131 1182 contraria,
1189 1122 1275 1169 eat
1329 1095 1706 1168 haereticali
1743 1121 1946 1194 supra
1986 1095 2289 1168 damnato
2325 1097 2579 1194 princi·-

364 1217 482 1314 pie
523 1214 820 1313 prosecta
851 1214 1128 1309 (118).»

426 1384 430 1389 ,
517 1328 712 1401 Tales
757 1352 998 1426 nempe
1039 1343 1199 1401 sunt
1235 1325 1454 1401 fontes
1505 1353 1586 1399 ex
1635 1326 1884 1426 quibus
1932 1341 2150 1400 orator
2191 1351 2271 1398 ac
2314 1341 2581 1399 senator

371 1443 744 1517 doctrinam
793 1467 984 1514 suam
1036 1440 1305 1528 hausit,
1362 1465 1604 1539 nempe
1654 1466 1735 1512 ex
1785 1455 2088 1540 apostata
2120 1441 2218 1512 De
2240 1439 2572 1526 DominiS,

371 1584 454 1631 ex
481 1555 809 1643 Launoi0,
839 1582 920 1628 ex
956 1499 1391 1628 iansenistica
1433 1553 1694 1654 synodo
1737 1552 2165 1652 pistoriensi,
2206 1551 2397 1626 cuius
2435 1578 2581 1652 pro·

372 1673 739 1772 positiones
790 1687 1130 1771 tamquam
1183 1669 1534 1741 haereticae
1573 1667 1683 1741 vel
1732 1694 2028 1740 erroneae
2080 1667 2209 1740 hac
2265 1668 2334 1740 in
2391 1684 2581 1766 parte

371 1787 673 1861 confixae
713 1801 891 1860 sunt.
951 1784 1183 1882 ltaque
1232 1807 1577 1859 erroneum
1624 1798 1826 1885 atque
1875 1780 2415 1856 anticatholicum
2478 1800 2582 1855 est

373 1901 707 1975 affirmare
735 1956 750 1985 ,
807 1922 1007 1998 posse
1056 1896 1540 1997 principatum,
1587 1923 1737 1970 cum
1775 1898 1837 1968 ei
1875 1896 2233 1995 placuerit,
2292 1912 2582 1971 statuere

376 2040 614 2088 novam
666 2011 1070 2085 matrimonii
1111 2011 1390 2083 formam
1431 2011 1831 2083 contrariam
1883 2009 1981 2081 illi
2034 2036 2237 2109 quam
2286 2012 2585 2084 tridenti-

374 2152 534 2198 num
567 2124 907 2199 constituit
931 2181 946 2208 ,
996 2139 1112 2197 aut
1159 2123 1356 2196 etiam
1406 2122 1493 2194 ab
1543 2122 1660 2195 illa
1709 2121 2080 2211 diversam3
2122 2149 2469 2196 erroneum
2518 2143 2586 2198 et

374 2236 910 2313 anticatholicum
950 2250 1059 2310 est
1106 2235 1439 2309 affirmare
1487 2234 1817 2308 defectum
1869 2236 2264 2310 sacramenti
2318 2237 2389 2308 in
2440 2261 2584 2310 ma-

376 2352 703 2426 trimoniis
736 2409 753 2438 ,
811 2375 987 2451 quae
1045 2350 1211 2423 inita
1261 2349 1505 2422 fuerint
1552 2348 1736 2422 iuxta
1793 2349 2005 2423 solam
2052 2352 2270 2448 legem
2320 2350 2581 2424 civilem

373 2493 641 2541 causam
676 2491 831 2540 esse
855 2480 931 2544 ut
954 2463 1283 2538 eiusmodi
1320 2462 1658 2538 connubia
1691 2465 1947 2539 censeri
1982 2465 2274 2539 debeant
2306 2466 2579 2566 quidem

373 2600 447 2658 ut
494 2610 625 2659 non
665 2597 853 2667 rata,
910 2581 1025 2656 sed
1084 2597 1305 2655 tamen
1354 2596 1428 2655 ut
1479 2581 1771 2680 leqitima
1807 2607 1886 2655 ac
1928 2609 2082 2655 vera
2126 2584 2351 2680 (119).
2396 2582 2583 2668 Quae

517 2925 562 2986 (ι
574 2925 649 2988 ts)
680 2927 742 2976 Bt
760 2925 842 2975 liic
862 2923 1198 2976 animadverto
1218 2922 1496 2975 doctrinam
1517 2923 1610 2973 hac
1627 2922 1680 2973 in
1700 2922 2033 2987 propositione
2057 2920 2338 2973 damnatam
2359 2921 2582 2973 eamdem

370 3014 567 3065 prorsus
588 3015 718 3063 esse,
748 3015 895 3065 quani
928 3003 1094 3053 orator
1123 3004 1287 3054 noster
1316 3001 1541 3052 adstruit.
1562 3004 1685 3052 Tam
1710 3001 1836 3053 altas
1852 2995 2040 3053 radices
2057 3004 2218 3064 egerat
2238 3000 2288 3050 in
2313 3000 2402 3050 illo
2425 3001 2582 3050 archi·

367 3079 617 3146 gymnasio
635 3081 902 3136 taurinensi
922 3080 1146 3132 doctrina
1168 3080 1470 3147 pistoriensis
1489 3082 1541 3132 et
1557 3081 1841 3132 febroniana
1860 3083 1876 3132 2

512 3159 646 3224 (119)
675 3161 808 3210 Haec
846 3160 951 3230 ipsa
985 3158 1149 3223 placet
1185 3160 1474 3210 contii-mare
1510 3159 1812 3212 ineluctabili
1850 3160 1998 3211 etlam
2040 3160 2114 3211 Pii
2151 3160 2260 3209 vll.
2294 3158 2587 3209 auctoritate

367 3242 417 3290 in
440 3242 803 3291 Instructione
823 3238 994 3290 nuntio
1013 3239 1281 3302 apostolico
1298 3239 1350 3289 in
1371 3238 1573 3289 polonia
1590 3237 1709 3290 data
1726 3251 1806 3290 an.
1832 3246 1966 3290 taos.
1983 3240 2040 3289 ln
2052 3251 2111 3290 ea
2125 3250 2349 3288 summus
2369 3237 2586 3300 pontifex

364 3318 572 3382 graviter
591 3316 812 3382 queritur
834 3316 896 3372 de
917 3316 1092 3381 agendi
1120 3317 1305 3369 ratione
1324 3318 1538 3382 episcopi
1570 3318 1897 3369 varsoviensis
1928 3317 2120 3370 dicens:
2141 3336 2165 3361 n
2181 3320 2239 3368 ln
2259 3316 2586 3368 matrimoniis

371 3397 974 3452 catholicis...contraatus
1006 3396 1203 3459 civiles,
1237 3394 1451 3447 divortia
1483 3398 1684 3460 civilia,
1714 3397 1979 3449 sententias
2012 3397 2215 3460 civiles,
2246 3410 2277 3448 a
2306 3396 2442 3448 civili
2477 3397 2584 3460 lege

371 3475 661 3540 praescripta
696 3475 1002 3539 agnoscendo
1026 3475 1283 3540 episcopus
1312 3475 1607 3536 catholicus,
1631 3475 1847 3540 Principi
1878 3476 2162 3540 potestatem
2195 3476 2245 3525 in
2280 3475 2583 3525 sacamenta

373 3558 421 3607 et
451 3554 761 3619 disciplinam
804 3554 1185 3607 ecclesiasticam
1217 3552 1469 3617 concedit,
1490 3556 1541 3606 et
1559 3554 1779 3606 admittit
1792 3558 2084 3621 principem
2099 3567 2252 3620 posse
2267 3552 2510 3617 sormam
2529 3556 2582 3605 et

373 3637 510 3686 ritus
529 3637 771 3695 matare,
799 3646 1022 3692 canones
1051 3633 1332 3699 abrepere,
1363 3633 1664 3685 libertatem
1692 3633 1938 3686 ecclesiae
1968 3633 2199 3696 violae-e,
2238 3636 2581 3685 conscientias

376 3714 621 3778 turbare,
655 3712 955 3780 proindeque
979 3714 1202 3766 eamdem
1223 3716 1508 3779 potestatem
1531 3713 1712 3764 habere
1732 3713 2005 3766 absolutam
2028 3713 2078 3765 in
2100 3727 2177 3766 res
2193 3715 2243 3765 et
2258 3726 2432 3765 causas
2450 3726 2584 3765 mere

373 3793 776 3846 oeelestuticas...
793 3796 845 3845 et
864 3808 924 3845 ex
946 3795 1121 3846 natura
1147 3807 1236 3845 sua
1252 3806 1283 3844 a
1303 3795 1541 3860 potestate
1565 3793 1781 3844 clavium
1802 3793 2086 3858 pendentes,
2098 3792 2424 3857 eumdemque
2441 3805 2586 3856 posse

372 3886 543 3925 manns
557 3872 810 3925 thuribulo
830 3874 1097 3938 imponere,
1110 3876 1260 3938 atque
1279 3874 1383 3924 suis
1404 3871 1591 3937 legibus
1609 3873 1881 3924 canonibus
1897 3874 2129 3926 eeclesiae
2145 3872 2580 3924 dominari....1r·

369 3966 457 4004 ror
478 3954 581 4013 est,
602 3955 1002 4004 matrimonium
1017 3954 1348 4004 contractum
1378 3952 1589 4004 civitem
1618 3956 1892 4019 reputare,
1912 3954 2196 4017 praesertim
2214 3966 2271 4004 ex
2296 3965 2397 4016 quo
2415 3951 2581 4001 matri·

375 4033 594 4084 monium
613 4033 708 4083 sub
730 4033 835 4096 lege
851 4032 1131 4098 evangelica
1151 4033 1212 4084 ad
1235 4032 1524 4097 dignitatem
1560 4035 1852 4085 sacramenti
1880 4034 1976 4085 fnit
2007 4032 2280 4096 elevatum,
2298 4033 2350 4083 et
2369 4030 2484 4082 ideo
2504 4044 2584 4083 res

369 4124 527 4175 sacra,
550 4114 701 4175 atque
717 4123 779 4161 ex
799 4113 976 4162 natura
996 4123 1117 4174 sua,
1135 4115 1190 4162 et
1207 4111 1384 4177 quoad
1404 4111 1643 4162 valorem
1659 4124 1818 4163 sunm
1839 4112 1909 4162 ab
1927 4114 2068 4162 omni
2087 4113 2253 4176 speeie
2271 4110 2446 4174 leynam
2463 4122 2581 4173 pro·

364 4190 625 4252 sananmt
657 4189 1007 4255 independens
1033 4189 1251 4253 sactum
1282 4195 1407 4242 est.»
1424 4190 1568 4254 Apud
1607 4191 1894 4253 Roskovauy
1935 4191 2278 4243 Monumenta
2319 4186 2582 4240 catholiea

370 4284 463 4334 pro
495 4270 899 4336 independentta
920 4273 1198 4334 potestatis
1218 4270 1598 4322 ecclesiastieae
1638 4271 1708 4319 ab
1740 4261 1956 4333 imperio
1990 4268 2153 4322 civili.
2185 4264 2414 4333 Quinque
2436 4269 2582 4320 eccle·

368 4350 451 4401 sila
479 4356 610 4403 1847.
636 4355 756 4402 tom.
779 4353 841 4402 11.
863 4364 972 4415 pag.
1001 4355 1087 4403 152
1104 4364 1244 4415 seqq.

2417 4458 2485 4509 28
