3276 5083
1477 574 1586 646 DE

530 731 1477 856 MATRIMONIO
1583 732 2469 874 CHRISTIANO

1009 1045 1434 1141 unna,
1481 1044 1999 1119 rnnms

1454 1203 1552 1257 DE

412 1322 890 1430 nullom
970 1322 1446 1435 Sinnium«)
1516 1322 1610 1431 ΕΤ
1686 1325 1783 1431 ΠΕ
1850 1324 2317 1432 nullom«)
2371 1321 2599 1475 culm

1121 1600 1489 1668 sssc'rlo
1545 1600 1878 1669 PRIMA

829 1768 940 1848 DE
984 1772 1540 1848 MATRIMONIO
1584 1772 2164 1849 SACRAMENTO.

1292 1945 1622 2032 carn-1·
1658 1948 1729 2025 ι.

606 2079 687 2127 DE
731 2076 998 2130 RATIONE
1044 2079 1431 2131 sacmuurl
1474 2081 1539 2132 ΙΝ
1582 2082 1973 2133 ΙΑΤΙΠΙΟΝῙΟ
2009 2083 2405 2133 cnmsufflo.

1249 2251 1665 2309 ARTICULUS
1705 2253 1748 2307 1.

781 2387 1005 2447 Veritas
1066 2387 1427 2447 Sacramenti
1487 2386 1845 2445 Matrimonli
1904 2384 2227 2446 ostenditur

948 2482 1021 2526 ex
1065 2474 1342 2544 perpetua
1381 2467 1673 2526 Ecclesiae
1712 2465 2002 2525 doctrina.

387 2567 863 2721 Germanam
889 2641 1235 2716 Ecclesiae
1259 2641 1633 2715 doctrinam
1659 2637 1745 2713 de
1767 2641 2175 2714 matrimonii
2202 2650 2624 2714 sacramento

390 2758 586 2833 nobis
624 2758 930 2832 exhibuit
967 2758 1329 2832 tridentina
1367 2756 1709 2858 synoduS,
1743 2755 1904 2828 dum
1931 2756 2269 2830 definivit:
2291 2787 2343 2828 ὁοι
2360 2757 2429 2828 Si
2465 2757 2624 2855 quis

387 2873 665 2960 dixerit,
716 2874 1212 2947 matrimonium
1262 2898 1394 2947 non
1443 2898 1597 2946 esse
1645 2897 1800 2945 vere
1841 2887 1909 2946 et
1961 2872 2232 2971 proprie
2283 2899 2491 2945 unum
2543 2898 2624 2944 ex

388 3004 647 3086 septem
708 2987 880 3086 legis
940 2987 1365 3085 evangelicae
1423 2987 1858 3060 sacramentis
1917 3013 1958 3058 a
2007 2985 2277 3060 Christo
2334 2985 2620 3060 Domino

392 3102 770 3176 institutum
792 3161 809 3190 ‚
853 3104 974 3177 sed
1012 3103 1099 3175 ad
1136 3102 1525 3176 hominibus
1553 3103 1620 3173 in
1651 3102 1939 3175 ecclesia
1974 3101 2315 3175 inventum
2339 3160 2355 3188 ‚
2404 3128 2625 3200 neque

385 3220 675 3315 gratiam
706 3219 1040 3304 conferre,
1086 3218 1320 3291 anath.
1368 3219 1459 3290 sit
1477 3221 1605 3314 (1).
1633 3219 1730 3290 Ex
1767 3217 2017 3317 quibus
2051 3216 2623 3315 deprehendimus

390 3334 889 3408 matrimonium
933 3361 974 3406 a
1017 3334 1300 3409 concilio
1347 3334 1632 3409 conferri
1683 3360 1836 3407 cum
1886 3332 2167 3433 reliquis
2201 3331 2626 3429 evangelicae

389 3448 557 3544 legis
591 3451 1032 3523 sacramentis
1068 3450 1290 3549 iisque
1324 3476 1603 3550 prorsus
1642 3450 1958 3549 aequari,
2004 3449 2099 3522 ita
2132 3464 2208 3522 ut
2242 3473 2625 3521 sacramen-

392 3581 531 3636 tum
556 3565 646 3638 sit
669 3592 710 3638 a
734 3565 1005 3640 Christo
1021 3566 1305 3641 Domino
1329 3566 1708 3640 institutum
1734 3566 1821 3638 ad
1846 3565 2156 3662 gratiam,
2183 3591 2387 3666 quam
2405 3564 2627 3662 'signi-

391 3679 573 3767 ficat,
597 3707 675 3755 ex
691 3707 893 3781 opere
918 3697 1193 3781 operato
1211 3682 1333 3756 rite
1358 3680 1525 3755 illud
1553 3681 2084 3780 suscipientibus
2111 3680 2615 3754 conferendam.

582 3795 771 3870 Hanc
818 3814 1209 3896 perpetuam
1252 3797 1467 3870 fuisse
1503 3814 1572 3869 et
1592 3812 2012 3872 constantem
2043 3796 2370 3870 ecclesiae
2403 3795 2630 3869 catho-

391 3910 561 3985 licae
600 3912 976 3985 doctrinam
1013 3912 1214 3985 modo
1248 3912 1683 3985 ostendemus
1719 3927 1861 3985 tum
1897 3911 2264 4009 generatim
2290 3939 2371 3984 ex
2406 3911 2626 4010 ipsius

387 4025 717 4100 ecclesiae
770 4053 975 4100 sensu
1036 4027 1417 4126 agendique
1478 4027 1733 4100 ratione
1793 4026 2099 4126 publica,
2139 4027 2489 4100 constanti
2550 4052 2630 4097 ac

390 4140 720 4228 solemni,
768 4157 907 4214 tum
950 4143 1300 4240 speciatim
1331 4168 1409 4214 ex
1440 4141 1899 4239 singularibus
1941 4158 2204 4240 patrum
2247 4141 2629 4214 doctorum-

386 4282 519 4354 que
560 4255 984 4330 testimoniis.
1024 4257 1182 4329 ldeo
1209 4282 1364 4329 vcro
1400 4255 1580 4327 hunc
1616 4253 1943 4328 ecclesiae
1981 4281 2252 4329 sensum
2276 4313 2290 4339 ,
2337 4255 2620 4353 eiusque

556 4409 628 4467 (Ι)
659 4409 785 4457 Soes.
809 4409 983 4457 XXIV.
1007 4419 1114 4456 can.
1140 4417 1178 4456 ι.

2504 4520 2522 4566 1
