3276 5083
684 466 826 540 132
1097 486 1221 536 m.
1262 484 1308 535 ι.
1350 483 1522 534 secr.
1566 483 1611 533 1.
1645 484 1726 533 nr.
1761 483 2021 536 nram.
2054 483 2478 536 saeuitum.

678 617 920 677 nentur
970 599 1308 674 Christum
1361 599 1528 674 illud
1578 625 1715 673 non
1768 599 2164 673 instituisse.
2224 601 2358 673 Nec
2409 599 2589 670 enim
2640 600 2907 698 privata

675 717 941 792 illorum
990 716 1218 816 opinio
1266 714 1555 788 destruit
1607 712 1793 812 quod
1842 713 2152 788 Christus
2203 714 2428 811 reipsa
2478 712 2795 787 instituit.

582 916 589 922 ,
816 831 1023 907 Multo
1071 856 1230 906 vero
1278 830 1503 904 minus
1552 829 1764 903 officit
1809 827 2366 902 administrationi
2419 826 2627 901 huius
2682 854 2908 902 sacra·

673 947 921 1035 menti,
962 947 1021 1020 si
1052 947 1225 1019 inter
1274 943 1505 1018 fideles
1552 943 1766 1043 aliqui
1816 945 2271 1042 reperiantur,
2315 942 2431 1042 qui
2466 941 2729 1041 absque
2763 942 2906 1015 ulla

672 1089 993 1162 expressa
1041 1060 1437 1137 sacramenti
1488 1059 1885 1134 conficiendi
1931 1059 2297 1133 intentione
2334 1059 2607 1157 nuptias
2639 1058 2898 1132 ineant.

670 1176 1044 1252 Dummodo
1093 1176 1270 1250 enim
1310 1175 1444 1274 ipsi
1488 1190 1742 1273 ponant
1774 1200 1950 1273 quae
1985 1173 2416 1273 requiruntur
2448 1189 2517 1246 et
2551 1173 2906 1249 sufficiunt

669 1293 756 1365 ad
788 1308 1203 1367 contractum
1246 1289 1665 1387 coniugalem
1699 1288 2126 1363 efficiendum
2147 1348 2165 1377 ‚
2199 1289 2327 1364 hoe
2354 1289 2508 1387 ipso
2532 1287 2904 1363 conficiunt

669 1424 1156 1482 sacramentum
1177 1464 1192 1493 ,
1250 1406 1429 1506 quod
1470 1431 1512 1478 a
1543 1418 1889 1479 contractu
1940 1403 2113 1477 inter
2159 1403 2568 1478 christianos
2623 1403 2902 1502 insepa-

669 1521 882 1597 rabile
928 1537 1075 1606 est,
1131 1546 1351 1619 neque
1400 1521 1468 1591 in
1519 1517 1814 1593 hominis
1862 1533 1967 1591 est
2015 1533 2341 1616 potestate
2379 1516 2661 1590 alterum
2692 1501 2901 1591 abal·

668 1653 808 1710 tero
856 1636 1265 1734 dispescere.
1300 1633 1636 1731 Ignoratio
1679 1658 1877 1733 porro
1927 1632 2137 1707 huius
2185 1631 2639 1732 speculativae
2687 1659 2902 1733 quae-

666 1748 952 1834 stionis,
992 1748 1174 1846 quod
1221 1747 1356 1846 ipsi
1393 1748 1532 1821 sint
1576 1746 1867 1821 ministri
1915 1747 2319 1821 sacramenti
2371 1773 2498 1821 nec
2538 1772 2665 1835 ne,
2710 1746 2901 1822 nullo
2963 1793 2970 1798 -

664 1863 866 1938 modo
913 1863 1123 1937 officit
1172 1864 1436 1937 veritati
1486 1862 1857 1936 obiectivae
1904 1863 2037 1948 rei,
2090 1862 2179 1935 de
2227 1888 2365 1961 qua
2412 1862 2654 1960 agitur.
2714 1862 2900 1936 Satis

664 1977 845 2052 enim
890 1995 996 2053 est
1026 2036 1045 2066 ‚
1100 1995 1176 2052 ut
1220 1978 1426 2052 velint
1472 1978 1969 2052 matrimonium
2017 1977 2434 2052 contr-ahere.
2487 1977 2683 2063 Quod
2733 2004 2898 2053 vero

663 2094 937 2168 additur
980 2094 1066 2167 de
1124 2094 1377 2168 carnali
1443 2094 1981 2168 contrahentium
2028 2109 2254 2168 mente
2300 2093 2563 2194 puerile
2611 2121 2897 2193 prorsus

665 2225 811 2297 eet,
860 2209 1183 2308 gravique
1230 2206 1539 2304 theologo
1584 2209 1732 2281 viro
1781 2208 2159 2306 indignum.
2208 2208 2557 2307 Siquidem
2591 2208 2678 2282 ad
2714 2235 2900 2283 sum-

661 2349 845 2397 mum
879 2324 1049 2399 haec
1080 2323 1440 2423 dispositio
1472 2323 1808 2397 evinceret
1844 2323 2031 2422 ipsos
2076 2322 2352 2419 indigne
2400 2341 2894 2398 sacramentum

662 2453 947 2512 tractare
992 2462 1282 2536 reosque
1332 2436 1509 2509 effici
1557 2463 1783 2510 coram
1823 2437 1966 2510 Deo
2010 2435 2235 2533 gravis
2285 2435 2619 2532 sacrilegii
2652 2439 2834 2531 (47).

804 2551 995 2636 Quae
1024 2553 1087 2624 si
1122 2553 1250 2626 rite
1284 2552 1754 2650 perpendisset
1793 2552 2042 2625 Bened.
2074 2551 2380 2639 Stattler,
2421 2551 2716 2650 profecto
2744 2577 2886 2625 non

657 2664 826 2738 adeo
881 2664 1170 2738 fidenter
1218 2667 1733 2763 pronunciasset
1764 2723 1783 2753 ,
1839 2665 2195 2763 doqvnatioe
2250 2666 2337 2740 ab
2384 2666 2671 2742 ecclesia
2715 2667 2892 2741 defi-

805 2887 907 2949 (47)
939 2889 1078 2939 Hanc
1098 2887 1437 2940 difficultatem
1458 2890 1524 2940 cl.
1548 2888 1804 2953 Avogadro
1824 2890 1954 2941 della
1972 2892 2128 2943 Motu
2149 2892 2376 2942 dissolvit
2393 2892 2443 2941 lo
2463 2904 2553 2942 sua
2575 2893 2759 2944 Tauria
2772 2889 2885 2943 dcl·

662 2965 699 3017 1’
720 2969 1020 3018 istituzione
1044 2966 1134 3018 del
1168 2972 1505 3023 matrimomo
1528 2973 1646 3020 tom.
1673 2973 1714 3019 1.
1738 2983 1845 3034 cap.
1865 2973 1975 3020 Vll.
1995 2984 2106 3034 pag.
2125 2979 2226 3035 82„
2248 2971 2333 3025 ubi
2360 2973 2478 3022 haec
2501 2971 2748 3036 praeclare
2768 2970 2890 3021 scri·

653 3044 749 3096 bit:
768 3044 890 3097 «Noi
909 3046 1269 3096 consider-lamo
1291 3049 1464 3110 questa
1482 3049 1717 3099 esseanlal
1737 3049 1948 3101 divinita
1960 3049 2039 3101 del
2060 3050 2376 3100 matrimonio
2392 3063 2534 3100 come
2554 3050 2752 3114 propria
2773 3064 2894 3112 wa,

655 3140 685 3179 e
697 3139 796 3179 uon
808 3139 950 3178 come
964 3128 1163 3191 propria
1179 3127 1262 3181 dei
1282 3128 1572 3180 eontraentl.
1592 3129 1962 3181 conideriamo
1983 3131 2211 3194 religioso
2229 3132 2263 3180 il
2280 3131 2593 3185 matrimonio
2610 3144 2884 3185 nomenon-

653 3207 857 3259 siderasi
890 3207 1117 3273 religioso
1137 3208 1172 3257 il
1197 3207 1503 3271 giuramento
1540 3208 2047 3275 indipendentemenle
2073 3211 2207 3260 dalla
2238 3210 2372 3274 tede,
2398 3212 2527 3275 pieta
2546 3225 2577 3263 o
2595 3212 2807 3275 unpieta
2833 3212 2885 3264 di

653 3288 734 3340 chi
758 3289 809 3339 lo
828 3287 1119 3353 profer-lece,
1143 3301 1171 3338 e
1190 3301 1277 3352 per
1296 3288 1375 3339 cio
1396 3289 1502 3340 solo
1525 3289 1616 3341 che
1637 3290 1718 3340 nel
1738 3291 2042 3354 ginramento
2068 3292 2109 3342 ι’
2123 3292 2298 3342 invoca
2327 3292 2420 3341 Dio
2446 3293 2600 3342 emese
2627 3305 2717 3356 per
2747 3292 2884 3343 testi·

654 3368 840 3421 monio.
862 3367 1037 3423 nte-te
1058 3368 1110 3423 di
1131 3368 1217 3432 piu
1240 3370 1486 3432 naturale,
1521 3369 1573 3423 dl
1598 3371 1687 3434 pit
1714 3371 1949 3434 profano,
1984 3372 2076 3424 che
2107 3372 2354 3425 emam
2371 3368 2780 3429 ansuino-io:
2798 3385 2885 3425 ιιι

653 3448 855 3512 quando
889 3448 927 3498 n
957 3448 1202 3499 chiamato
1222 3450 1251 3499 e
1271 3450 1390 3512 Dio,
1418 3450 1543 3501 sialo
1566 3464 1654 3514 per
1672 3452 1901 3514 ossequio
1921 3463 1952 3500 o
1974 3465 2064 3515 per
2080 3452 2264 3502 insulto
2277 3489 2295 3515 ,
2319 3453 2349 3502 Ι·
2361 3453 2464 3503 atto
2487 3455 2622 3503 veste
2641 3465 2706 3501 uu
2727 3455 2886 3503 carat-

651 3531 754 3581 tere
776 3529 1022 3592 religioso.
1045 3530 1160 3580 cod
1178 3528 1331 3581 diensi
1355 3529 1434 3580 del
1456 3530 1772 3581 matrimonio
1782 3548 1798 3594 ς
1821 3544 1908 3595 per
1923 3533 2110 3595 quanto
2128 3531 2171 3581 si
2189 3531 2351 3595 voglio
2368 3532 2573 3596 profano
2589 3532 2623 3582 il
2643 3545 2884 3583 consenso

648 3622 681 3660 o
709 3609 954 3659 contratto
977 3606 1052 3658 de·
1069 3608 1291 3671 coniugi,
1322 3608 1415 3659 che
1445 3608 1733 3661 s’uniecono
1763 3610 2254 3661 matrimonialmente
2273 3610 2326 3660 in
2344 3611 2527 3662 sociata
2547 3609 2828 3675 individua,
2852 3624 2884 3662 a

650 3687 695 3738 si
716 3687 880 3739 danne
898 3687 1311 3753 reciprocamente
1330 3688 1377 3739 le
1398 3702 1604 3752 persone
1623 3689 1758 3752 loro,
1778 3690 1988 3741 siccome
2011 3690 2058 3741 lo
2084 3690 2321 3754 applano
2341 3691 2437 3742 essi
2459 3705 2491 3742 o
2513 3691 2602 3753 no,
2621 3691 2651 3741 ὸ
2675 3692 2767 3742 Dio
2785 3691 2883 3742 che

652 3777 753 3813 non
766 3765 873 3816 solo
892 3766 1110 3818 sancisce
1130 3780 1160 3815 a
1179 3766 1376 3817 termini
1393 3766 1445 3816 di
1458 3767 1685 3832 giustizia
1705 3772 1879 3832 queste
1896 3782 2036 3821 come
2056 3770 2167 3821 tntt'
2179 3770 2306 3820 altm
2326 3771 2496 3822 onesto
2510 3772 2773 3833 contrata»,
2795 3783 2880 3820 ma

650 3843 701 3893 lo
727 3846 947 3895 cementa
968 3859 995 3897 e
1020 3846 1126 3912 lega
1150 3859 1242 3897 con
1268 3859 1333 3895 un
1357 3846 1551 3898 vinculo
1571 3860 1711 3899 sacro
1735 3862 1763 3900 e
1782 3845 2128 3912 irrevocabile}
2148 3849 2229 3900 cio
2244 3848 2385 3900 basta
2407 3863 2494 3913 per
2513 3849 2642 3899 dirlo
2660 3849 2876 3900 eminen-

649 3924 862 3973 temente
880 3936 1046 3986 sacro,
1077 3923 1259 3989 quand·
1274 3926 1429 3979 anche
1455 3939 1557 3977 non
1593 3926 1636 3977 si
1673 3926 1861 3992 spleghi
1892 3928 1972 3978 nei
2007 3930 2280 3979 eontraenti
2303 3942 2490 3980 verum
2516 3929 2738 3994 oepnoita
2761 3928 2878 3980 idea

648 4000 703 4052 di
732 4001 990 4067 religione,
1023 4005 1086 4055 ne
1114 4006 1209 4057 essi
1229 4004 1408 4058 mirino
1427 4018 1459 4057 a
1480 4006 1582 4058 tare
1599 4020 1695 4058 con
1717 4007 1795 4058 cio
1815 4010 1918 4058 alto
1937 4007 1989 4057 di
2005 4009 2142 4059 culto
2159 4021 2188 4059 a
2210 4008 2597 4073 vimeneriam>
2615 4008 2667 4059 in
2687 4022 2777 4059 suo
2796 4022 2875 4061 os·

644 4080 847 4145 sequio,
868 4084 1166 4146 pregandole
1186 4085 1402 4149 d'aiuto,
1426 4086 1715 4151 praticando
1750 4087 1961 4152 qualche
1990 4089 2085 4139 rito
2114 4088 2339 4152 religioso
2369 4102 2457 4155 per
2488 4088 2583 4139 dar
2609 4088 2770 4140 tonna
2801 4090 2874 4140 al·

644 4161 678 4212 l’
691 4162 797 4213 atto
830 4161 965 4214 dello
987 4165 1260 4229 sposalizio.
1289 4169 1361 4218 La
1386 4168 1516 4218 virtu
1537 4167 1652 4218 dell’
1671 4169 1917 4232 operante
1936 4166 1965 4217 ὸ
1986 4169 2255 4220 necessaria
2266 4205 2282 4232 ‚
2313 4169 2493 4235 perche
2511 4168 2784 4232 divengnno
2798 4181 2872 4219 re·

644 4240 806 4305 ligioni
840 4241 908 4305 gli
941 4242 1033 4292 atti
1050 4242 1105 4292 di
1129 4244 1235 4296 loro
1268 4248 1444 4297 natura
1474 4245 1801 4310 indifferenti,
1826 4246 2020 4311 rituali,
2042 4259 2069 4297 e
2088 4248 2358 4300 solamente
2377 4246 2652 4310 simbolici3
2667 4260 2748 4297 ma
2767 4259 2870 4297 non

642 4319 672 4372 ὸ
692 4321 966 4377 necessaria
984 4321 1182 4384 quando
1203 4322 1397 4388 l'opera
1416 4326 1675 4390 operatae
1689 4325 1741 4376 di
1756 4339 1842 4390 per
1860 4339 1913 4377 se
1931 4328 2086 4381 etessa
2106 4328 2345 4395 collegata
2364 4327 2656 4381 coll’azione
2678 4325 2872 4390 divina,

642 4414 672 4452 e
692 4401 1114 4455 soetanzialmente
1134 4402 1237 4453 visi
1258 4404 1472 4456 riferisce
1487 4419 1514 4456 e
1531 4418 1592 4456 ne
1611 4405 1869 4470 dipende.»
