<?xml version="1.0" encoding="UTF-8"?>
<!DOCTYPE html PUBLIC "-//W3C//DTD XHTML 1.0 Transitional//EN"
    "http://www.w3.org/TR/xhtml1/DTD/xhtml1-transitional.dtd">
<html xmlns="http://www.w3.org/1999/xhtml" xml:lang="en" lang="en">
 <head>
  <title>
</title>
<meta http-equiv="Content-Type" content="text/html;charset=utf-8" />
  <meta name='ocr-system' content='tesseract 3.04.00' />
  <meta name='ocr-capabilities' content='ocr_page ocr_carea ocr_par ocr_line ocrx_word'/>
</head>
<body>
  <div class='ocr_page' id='page_1' title='image "./dematrimoniochr04perrgoog_0149.png"; bbox 0 0 3276 5083; ppageno 0'>
   <div class='ocr_carea' id='block_1_1' title="bbox 420 447 2517 521">
    <p class='ocr_par' dir='ltr' id='par_1_1' title="bbox 420 447 2517 521">
     <span class='ocr_line' id='line_1_1' title="bbox 420 447 2517 521; baseline -0.001 0"><span class='ocrx_word' id='word_1_1' title='bbox 420 472 556 521; x_wconf 75' lang='lat' dir='ltr'><strong>mr.</strong></span> <span class='ocrx_word' id='word_1_2' title='bbox 585 469 674 519; x_wconf 75' lang='lat' dir='ltr'><strong>iv.</strong></span> <span class='ocrx_word' id='word_1_3' title='bbox 700 466 965 519; x_wconf 74' lang='lat' dir='ltr'><strong>mm.</strong></span> <span class='ocrx_word' id='word_1_4' title='bbox 986 466 1130 519; x_wconf 63' lang='lat' dir='ltr'><strong>Aac.</strong></span> <span class='ocrx_word' id='word_1_5' title='bbox 1152 467 1235 519; x_wconf 78' lang='lat' dir='ltr'><strong>ns</strong></span> <span class='ocrx_word' id='word_1_6' title='bbox 1256 466 1395 520; x_wconf 72' lang='lat' dir='ltr'><strong>mn.</strong></span> <span class='ocrx_word' id='word_1_7' title='bbox 1416 465 1589 519; x_wconf 71' lang='lat' dir='ltr'><strong>uua.</strong></span> <span class='ocrx_word' id='word_1_8' title='bbox 1611 467 1753 519; x_wconf 73' lang='grc' dir='ltr'><strong>Αιιτ.</strong></span> <span class='ocrx_word' id='word_1_9' title='bbox 1772 466 1869 520; x_wconf 92' lang='grc' dir='ltr'><strong>ιιι.</strong></span> <span class='ocrx_word' id='word_1_10' title='bbox 1892 468 2036 519; x_wconf 76' lang='lat' dir='ltr'><strong>ue.</strong></span> <span class='ocrx_word' id='word_1_11' title='bbox 2056 468 2283 520; x_wconf 74' lang='grc' dir='ltr'><strong>τιιεοι.</strong></span> <span class='ocrx_word' id='word_1_12' title='bbox 2378 447 2517 518; x_wconf 72' lang='lat'><strong>125</strong></span> 
     </span>
    </p>
   </div>
   <div class='ocr_carea' id='block_1_2' title="bbox 327 583 2556 4131">
    <p class='ocr_par' dir='ltr' id='par_1_2' title="bbox 327 583 2534 1259">
     <span class='ocr_line' id='line_1_2' title="bbox 327 583 2519 676; baseline -0.001 -13"><span class='ocrx_word' id='word_1_13' title='bbox 327 586 725 663; x_wconf 82' lang='lat' dir='ltr'><strong>testantibus</strong></span> <span class='ocrx_word' id='word_1_14' title='bbox 759 584 1091 659; x_wconf 88' lang='lat' dir='ltr'><strong>obiectum</strong></span> <span class='ocrx_word' id='word_1_15' title='bbox 1116 583 1241 658; x_wconf 78' lang='lat' dir='ltr'><strong>fuit</strong></span> <span class='ocrx_word' id='word_1_16' title='bbox 1263 609 1394 676; x_wconf 83' lang='lat' dir='ltr'><strong>non</strong></span> <span class='ocrx_word' id='word_1_17' title='bbox 1419 584 1617 659; x_wconf 92' lang='lat' dir='ltr'><strong>modo</strong></span> <span class='ocrx_word' id='word_1_18' title='bbox 1650 584 1828 659; x_wconf 90' lang='lat' dir='ltr'><strong>circa</strong></span> <span class='ocrx_word' id='word_1_19' title='bbox 1860 599 2344 659; x_wconf 86' lang='lat' dir='ltr'><strong>sacramentum</strong></span> <span class='ocrx_word' id='word_1_20' title='bbox 2376 609 2519 660; x_wconf 83' lang='lat' dir='ltr'><strong>ma-</strong></span> 
     </span>
     <span class='ocr_line' id='line_1_3' title="bbox 328 697 2534 796; baseline -0.002 -19"><span class='ocrx_word' id='word_1_21' title='bbox 328 702 621 777; x_wconf 89' lang='lat' dir='ltr'><strong>trimonii</strong></span> <span class='ocrx_word' id='word_1_22' title='bbox 641 759 659 787; x_wconf 84' lang='lat'>,</span> <span class='ocrx_word' id='word_1_23' title='bbox 691 700 812 775; x_wconf 85' lang='lat' dir='ltr'><strong>sed</strong></span> <span class='ocrx_word' id='word_1_24' title='bbox 836 700 1014 774; x_wconf 88' lang='lat' dir='ltr'><strong>circa</strong></span> <span class='ocrx_word' id='word_1_25' title='bbox 1036 714 1450 773; x_wconf 83' lang='lat' dir='ltr'><strong>sacramenta</strong></span> <span class='ocrx_word' id='word_1_26' title='bbox 1473 698 1606 772; x_wconf 88' lang='lat' dir='ltr'><strong>alia</strong></span> <span class='ocrx_word' id='word_1_27' title='bbox 1641 723 1811 796; x_wconf 88' lang='lat' dir='ltr'><strong>pene</strong></span> <span class='ocrx_word' id='word_1_28' title='bbox 1840 697 2062 771; x_wconf 90' lang='lat' dir='ltr'><strong>omnia</strong></span> <span class='ocrx_word' id='word_1_29' title='bbox 2078 754 2095 784; x_wconf 91' lang='lat'>‚</span> <span class='ocrx_word' id='word_1_30' title='bbox 2124 713 2191 771; x_wconf 88' lang='lat' dir='ltr'><strong>et</strong></span> <span class='ocrx_word' id='word_1_31' title='bbox 2212 723 2254 771; x_wconf 90' lang='lat' dir='ltr'><strong>a</strong></span> <span class='ocrx_word' id='word_1_32' title='bbox 2275 700 2534 773; x_wconf 80' lang='lat' dir='ltr'><strong>nostris</strong></span> 
     </span>
     <span class='ocr_line' id='line_1_4' title="bbox 327 811 2528 915; baseline 0 -27"><span class='ocrx_word' id='word_1_33' title='bbox 327 816 533 915; x_wconf 89' lang='lat' dir='ltr'><strong>plane</strong></span> <span class='ocrx_word' id='word_1_34' title='bbox 564 813 872 890; x_wconf 84' lang='lat' dir='ltr'><strong>solutum.</strong></span> <span class='ocrx_word' id='word_1_35' title='bbox 905 813 1246 888; x_wconf 87' lang='lat' dir='ltr'><strong>Eiusmodi</strong></span> <span class='ocrx_word' id='word_1_36' title='bbox 1279 811 1765 887; x_wconf 84' lang='lat' dir='ltr'><strong>controversiae</strong></span> <span class='ocrx_word' id='word_1_37' title='bbox 1812 811 2219 886; x_wconf 77' lang='lat' dir='ltr'><strong>domesticae</strong></span> <span class='ocrx_word' id='word_1_38' title='bbox 2252 830 2413 887; x_wconf 83' lang='lat' dir='ltr'><strong>sunt</strong></span> <span class='ocrx_word' id='word_1_39' title='bbox 2444 840 2528 888; x_wconf 89' lang='lat' dir='ltr'><strong>ac</strong></span> 
     </span>
     <span class='ocr_line' id='line_1_5' title="bbox 331 925 2518 1028; baseline -0.002 -23"><span class='ocrx_word' id='word_1_40' title='bbox 331 930 732 1005; x_wconf 77' lang='lat' dir='ltr'><strong>theoreticae</strong></span> <span class='ocrx_word' id='word_1_41' title='bbox 750 986 768 1017; x_wconf 90' lang='lat'>,</span> <span class='ocrx_word' id='word_1_42' title='bbox 807 954 981 1028; x_wconf 88' lang='lat' dir='ltr'><strong>quae</strong></span> <span class='ocrx_word' id='word_1_43' title='bbox 1014 927 1199 1003; x_wconf 90' lang='lat' dir='ltr'><strong>nulla</strong></span> <span class='ocrx_word' id='word_1_44' title='bbox 1233 926 1581 1002; x_wconf 90' lang='lat' dir='ltr'><strong>rationein</strong></span> <span class='ocrx_word' id='word_1_45' title='bbox 1604 926 1701 1001; x_wconf 90' lang='lat' dir='ltr'><strong>rei</strong></span> <span class='ocrx_word' id='word_1_46' title='bbox 1727 926 2016 1001; x_wconf 79' lang='lat' dir='ltr'><strong>influunt</strong></span> <span class='ocrx_word' id='word_1_47' title='bbox 2047 925 2518 1002; x_wconf 80' lang='lat' dir='ltr'><strong>substantiam.</strong></span> 
     </span>
     <span class='ocr_line' id='line_1_6' title="bbox 330 1039 2533 1139; baseline -0.001 -20"><span class='ocrx_word' id='word_1_48' title='bbox 330 1045 526 1120; x_wconf 82' lang='lat' dir='ltr'><strong>Addo</strong></span> <span class='ocrx_word' id='word_1_49' title='bbox 572 1070 729 1119; x_wconf 84' lang='lat' dir='ltr'><strong>vero</strong></span> <span class='ocrx_word' id='word_1_50' title='bbox 776 1044 950 1118; x_wconf 89' lang='lat' dir='ltr'><strong>hanc</strong></span> <span class='ocrx_word' id='word_1_51' title='bbox 997 1041 1473 1117; x_wconf 88' lang='lat' dir='ltr'><strong>sententiarum</strong></span> <span class='ocrx_word' id='word_1_52' title='bbox 1522 1040 1905 1117; x_wconf 79' lang='lat' dir='ltr'><strong>varietatem</strong></span> <span class='ocrx_word' id='word_1_53' title='bbox 1937 1039 2155 1139; x_wconf 81' lang='lat' dir='ltr'><strong>magis</strong></span> <span class='ocrx_word' id='word_1_54' title='bbox 2186 1041 2274 1115; x_wconf 93' lang='lat' dir='ltr'><strong>de</strong></span> <span class='ocrx_word' id='word_1_55' title='bbox 2303 1041 2533 1117; x_wconf 73' lang='lat' dir='ltr'><strong>verbis</strong></span> 
     </span>
     <span class='ocr_line' id='line_1_7' title="bbox 328 1158 1816 1259; baseline -0.004 -24"><span class='ocrx_word' id='word_1_56' title='bbox 328 1186 485 1235; x_wconf 88' lang='lat' dir='ltr'><strong>esse</strong></span> <span class='ocrx_word' id='word_1_57' title='bbox 530 1185 737 1259; x_wconf 89' lang='lat' dir='ltr'><strong>quam</strong></span> <span class='ocrx_word' id='word_1_58' title='bbox 783 1158 871 1232; x_wconf 89' lang='lat' dir='ltr'><strong>de</strong></span> <span class='ocrx_word' id='word_1_59' title='bbox 919 1184 990 1232; x_wconf 91' lang='lat' dir='ltr'><strong>re</strong></span> <span class='ocrx_word' id='word_1_60' title='bbox 1019 1159 1195 1253; x_wconf 76' lang='lat'>(34).</span> <span class='ocrx_word' id='word_1_61' title='bbox 1806 1173 1816 1184; x_wconf 87' lang='lat'><strong>·</strong></span> 
     </span>
    </p>

    <p class='ocr_par' dir='ltr' id='par_1_3' title="bbox 334 1270 2549 3184">
     <span class='ocr_line' id='line_1_8' title="bbox 476 1270 2534 1372; baseline 0 -27"><span class='ocrx_word' id='word_1_62' title='bbox 476 1275 623 1346; x_wconf 84' lang='lat' dir='ltr'><strong>Non</strong></span> <span class='ocrx_word' id='word_1_63' title='bbox 688 1298 911 1347; x_wconf 90' lang='lat' dir='ltr'><strong>moror</strong></span> <span class='ocrx_word' id='word_1_64' title='bbox 971 1297 1145 1372; x_wconf 88' lang='lat' dir='ltr'><strong>quae</strong></span> <span class='ocrx_word' id='word_1_65' title='bbox 1209 1270 1386 1345; x_wconf 90' lang='lat' dir='ltr'><strong>idem</strong></span> <span class='ocrx_word' id='word_1_66' title='bbox 1446 1286 1680 1345; x_wconf 78' lang='lat' dir='ltr'><strong>auctor</strong></span> <span class='ocrx_word' id='word_1_67' title='bbox 1742 1271 1987 1346; x_wconf 83' lang='lat' dir='ltr'><strong>asserit</strong></span> <span class='ocrx_word' id='word_1_68' title='bbox 2030 1270 2110 1344; x_wconf 72' lang='lat' dir='ltr'><strong>de</strong></span> <span class='ocrx_word' id='word_1_69' title='bbox 2165 1272 2534 1345; x_wconf 73' lang='lat' dir='ltr'><strong>iunioribus</strong></span> 
     </span>
     <span class='ocr_line' id='line_1_9' title="bbox 339 1386 2536 1488; baseline 0.001 -29"><span class='ocrx_word' id='word_1_70' title='bbox 339 1387 674 1485; x_wconf 73' lang='lat' dir='ltr'><strong>theoloqt&#39;s,</strong></span> <span class='ocrx_word' id='word_1_71' title='bbox 713 1390 833 1487; x_wconf 78' lang='lat' dir='ltr'><strong>qui</strong></span> <span class='ocrx_word' id='word_1_72' title='bbox 870 1389 1312 1488; x_wconf 70' lang='lat' dir='ltr'><strong>confinxerunt</strong></span> <span class='ocrx_word' id='word_1_73' title='bbox 1357 1387 1612 1460; x_wconf 76' lang='lat' dir='ltr'><strong>civilem</strong></span> <span class='ocrx_word' id='word_1_74' title='bbox 1658 1386 1823 1459; x_wconf 72' lang='lat' dir='ltr'><strong>hunc</strong></span> <span class='ocrx_word' id='word_1_75' title='bbox 1875 1387 2343 1485; x_wconf 74' lang='lat' dir='ltr'><strong>humanumque</strong></span> <span class='ocrx_word' id='word_1_76' title='bbox 2392 1413 2536 1461; x_wconf 74' lang='lat' dir='ltr'><strong>con·</strong></span> 
     </span>
     <span class='ocr_line' id='line_1_10' title="bbox 337 1501 2532 1601; baseline 0 -28"><span class='ocrx_word' id='word_1_77' title='bbox 337 1516 617 1575; x_wconf 75' lang='lat' dir='ltr'><strong>tractum</strong></span> <span class='ocrx_word' id='word_1_78' title='bbox 655 1502 905 1575; x_wconf 76' lang='lat' dir='ltr'><strong>Christi</strong></span> <span class='ocrx_word' id='word_1_79' title='bbox 936 1515 998 1573; x_wconf 82' lang='lat' dir='ltr'><strong>et</strong></span> <span class='ocrx_word' id='word_1_80' title='bbox 1029 1502 1326 1600; x_wconf 73' lang='lat' dir='ltr'><strong>ecclcsiae</strong></span> <span class='ocrx_word' id='word_1_81' title='bbox 1371 1526 1504 1573; x_wconf 76' lang='lat' dir='ltr'><strong>esse</strong></span> <span class='ocrx_word' id='word_1_82' title='bbox 1550 1517 2065 1587; x_wconf 74' lang='lat' dir='ltr'><strong>sacramentum3</strong></span> <span class='ocrx_word' id='word_1_83' title='bbox 2104 1526 2322 1601; x_wconf 88' lang='lat' dir='ltr'><strong>neque</strong></span> <span class='ocrx_word' id='word_1_84' title='bbox 2352 1501 2532 1574; x_wconf 89' lang='lat' dir='ltr'><strong>enim</strong></span> 
     </span>
     <span class='ocr_line' id='line_1_11' title="bbox 334 1613 2536 1713; baseline 0.001 -26"><span class='ocrx_word' id='word_1_85' title='bbox 334 1613 468 1689; x_wconf 91' lang='lat' dir='ltr'><strong>hoc</strong></span> <span class='ocrx_word' id='word_1_86' title='bbox 531 1615 824 1690; x_wconf 90' lang='lat' dir='ltr'><strong>iuniores</strong></span> <span class='ocrx_word' id='word_1_87' title='bbox 887 1614 1265 1689; x_wconf 63' lang='lat' dir='ltr'><strong>confinxere</strong></span> <span class='ocrx_word' id='word_1_88' title='bbox 1324 1613 1653 1712; x_wconf 82' lang='lat' dir='ltr'><strong>theologi,</strong></span> <span class='ocrx_word' id='word_1_89' title='bbox 1708 1615 1828 1689; x_wconf 91' lang='lat' dir='ltr'><strong>sed</strong></span> <span class='ocrx_word' id='word_1_90' title='bbox 1879 1615 2057 1713; x_wconf 81' lang='lat' dir='ltr'><strong>iugis</strong></span> <span class='ocrx_word' id='word_1_91' title='bbox 2102 1630 2171 1690; x_wconf 88' lang='lat' dir='ltr'><strong>et</strong></span> <span class='ocrx_word' id='word_1_92' title='bbox 2217 1630 2536 1690; x_wconf 84' lang='lat' dir='ltr'><strong>constans</strong></span> 
     </span>
     <span class='ocr_line' id='line_1_12' title="bbox 334 1729 2530 1831; baseline -0.002 -26"><span class='ocrx_word' id='word_1_93' title='bbox 334 1729 658 1806; x_wconf 87' lang='lat' dir='ltr'><strong>ecclesiae</strong></span> <span class='ocrx_word' id='word_1_94' title='bbox 679 1731 984 1807; x_wconf 86' lang='lat' dir='ltr'><strong>doctrina</strong></span> <span class='ocrx_word' id='word_1_95' title='bbox 1009 1731 1175 1806; x_wconf 89' lang='lat' dir='ltr'><strong>haec</strong></span> <span class='ocrx_word' id='word_1_96' title='bbox 1199 1747 1325 1819; x_wconf 89' lang='lat' dir='ltr'><strong>est,</strong></span> <span class='ocrx_word' id='word_1_97' title='bbox 1349 1757 1550 1831; x_wconf 89' lang='lat' dir='ltr'><strong>quam</strong></span> <span class='ocrx_word' id='word_1_98' title='bbox 1577 1730 2163 1831; x_wconf 82' lang='lat' dir='ltr'><strong>ipsaabApostolo</strong></span> <span class='ocrx_word' id='word_1_99' title='bbox 2180 1731 2430 1831; x_wconf 87' lang='lat' dir='ltr'><strong>Ephes.</strong></span> <span class='ocrx_word' id='word_1_100' title='bbox 2447 1730 2530 1802; x_wconf 88' lang='lat' dir='ltr'><strong>V.</strong></span> 
     </span>
     <span class='ocr_line' id='line_1_13' title="bbox 334 1843 2525 1946; baseline 0 -30"><span class='ocrx_word' id='word_1_101' title='bbox 334 1843 606 1932; x_wconf 86' lang='lat' dir='ltr'><strong>didicit,</strong></span> <span class='ocrx_word' id='word_1_102' title='bbox 660 1844 1152 1946; x_wconf 80' lang='lat' dir='ltr'><strong>declaravitque</strong></span> <span class='ocrx_word' id='word_1_103' title='bbox 1197 1870 1381 1919; x_wconf 87' lang='lat' dir='ltr'><strong>cono.</strong></span> <span class='ocrx_word' id='word_1_104' title='bbox 1416 1845 1845 1920; x_wconf 88' lang='lat' dir='ltr'><strong>tridentinum</strong></span> <span class='ocrx_word' id='word_1_105' title='bbox 1879 1844 1988 1919; x_wconf 90' lang='lat' dir='ltr'><strong>his</strong></span> <span class='ocrx_word' id='word_1_106' title='bbox 2023 1843 2222 1944; x_wconf 88' lang='lat' dir='ltr'><strong>plane</strong></span> <span class='ocrx_word' id='word_1_107' title='bbox 2267 1843 2525 1919; x_wconf 73' lang='lat' dir='ltr'><strong>verbis:</strong></span> 
     </span>
     <span class='ocr_line' id='line_1_14' title="bbox 341 1959 2540 2061; baseline 0 -30"><span class='ocrx_word' id='word_1_108' title='bbox 341 1990 375 2030; x_wconf 73' lang='grc' dir='ltr'><strong>ι</strong></span> <span class='ocrx_word' id='word_1_109' title='bbox 399 1959 693 2034; x_wconf 83' lang='lat' dir='ltr'><strong>Gratiam</strong></span> <span class='ocrx_word' id='word_1_110' title='bbox 724 1985 883 2036; x_wconf 81' lang='lat' dir='ltr'><strong>vero</strong></span> <span class='ocrx_word' id='word_1_111' title='bbox 907 2017 925 2049; x_wconf 84' lang='grc'>,</span> <span class='ocrx_word' id='word_1_112' title='bbox 964 1985 1137 2061; x_wconf 82' lang='lat' dir='ltr'><strong>quae</strong></span> <span class='ocrx_word' id='word_1_113' title='bbox 1169 1959 1533 2034; x_wconf 86' lang='lat' dir='ltr'><strong>naturalem</strong></span> <span class='ocrx_word' id='word_1_114' title='bbox 1569 1960 1756 2034; x_wconf 91' lang='lat' dir='ltr'><strong>illum</strong></span> <span class='ocrx_word' id='word_1_115' title='bbox 1793 1985 2083 2036; x_wconf 86' lang='lat' dir='ltr'><strong>amorem</strong></span> <span class='ocrx_word' id='word_1_116' title='bbox 2123 1959 2345 2057; x_wconf 89' lang='lat' dir='ltr'><strong>(inter</strong></span> <span class='ocrx_word' id='word_1_117' title='bbox 2376 1985 2540 2034; x_wconf 89' lang='lat' dir='ltr'><strong>con·</strong></span> 
     </span>
     <span class='ocr_line' id='line_1_15' title="bbox 338 2061 2534 2175; baseline 0.001 -30"><span class='ocrx_word' id='word_1_118' title='bbox 338 2075 579 2172; x_wconf 77' lang='lat' dir='ltr'><strong>iuges)</strong></span> <span class='ocrx_word' id='word_1_119' title='bbox 635 2076 1016 2175; x_wconf 84' lang='lat' dir='ltr'><strong>perficeret,</strong></span> <span class='ocrx_word' id='word_1_120' title='bbox 1055 2092 1124 2150; x_wconf 85' lang='lat' dir='ltr'><strong>et</strong></span> <span class='ocrx_word' id='word_1_121' title='bbox 1152 2061 1684 2151; x_wconf 86' lang='lat' dir='ltr'><strong>indissolubilem</strong></span> <span class='ocrx_word' id='word_1_122' title='bbox 1714 2076 2034 2150; x_wconf 85' lang='lat' dir='ltr'><strong>unitatem</strong></span> <span class='ocrx_word' id='word_1_123' title='bbox 2068 2074 2491 2149; x_wconf 76' lang='lat' dir='ltr'><strong>confirmaret</strong></span> <span class='ocrx_word' id='word_1_124' title='bbox 2512 2132 2534 2161; x_wconf 86' lang='lat'><strong>‚</strong></span> 
     </span>
     <span class='ocr_line' id='line_1_16' title="bbox 342 2187 2542 2289; baseline -0 -28"><span class='ocrx_word' id='word_1_125' title='bbox 342 2189 794 2289; x_wconf 75' lang='lat' dir='ltr'><strong>coniugesque</strong></span> <span class='ocrx_word' id='word_1_126' title='bbox 841 2190 1287 2264; x_wconf 85' lang='lat' dir='ltr'><strong>sanctificaret</strong></span> <span class='ocrx_word' id='word_1_127' title='bbox 1309 2247 1327 2278; x_wconf 90' lang='lat'>,</span> <span class='ocrx_word' id='word_1_128' title='bbox 1367 2190 1517 2289; x_wconf 86' lang='lat' dir='ltr'><strong>ipse</strong></span> <span class='ocrx_word' id='word_1_129' title='bbox 1547 2190 1857 2264; x_wconf 85' lang='lat' dir='ltr'><strong>Christus</strong></span> <span class='ocrx_word' id='word_1_130' title='bbox 1902 2187 2382 2264; x_wconf 74' lang='lat' dir='ltr'><strong>venerabilium</strong></span> <span class='ocrx_word' id='word_1_131' title='bbox 2427 2213 2542 2261; x_wconf 85' lang='lat' dir='ltr'><strong>sa·</strong></span> 
     </span>
     <span class='ocr_line' id='line_1_17' title="bbox 342 2299 2542 2403; baseline -0.001 -27"><span class='ocrx_word' id='word_1_132' title='bbox 342 2318 823 2376; x_wconf 69' lang='lat' dir='ltr'><strong>crementorum</strong></span> <span class='ocrx_word' id='word_1_133' title='bbox 869 2302 1209 2378; x_wconf 88' lang='lat' dir='ltr'><strong>institutor</strong></span> <span class='ocrx_word' id='word_1_134' title='bbox 1238 2320 1440 2403; x_wconf 89' lang='lat' dir='ltr'><strong>atque</strong></span> <span class='ocrx_word' id='word_1_135' title='bbox 1472 2303 1801 2402; x_wconf 80' lang='lat' dir='ltr'><strong>perfector</strong></span> <span class='ocrx_word' id='word_1_136' title='bbox 1833 2328 1958 2377; x_wconf 86' lang='lat' dir='ltr'><strong>sua</strong></span> <span class='ocrx_word' id='word_1_137' title='bbox 1992 2301 2188 2375; x_wconf 84' lang='lat' dir='ltr'><strong>nobis</strong></span> <span class='ocrx_word' id='word_1_138' title='bbox 2222 2299 2542 2400; x_wconf 83' lang='lat' dir='ltr'><strong>passione</strong></span> 
     </span>
     <span class='ocr_line' id='line_1_18' title="bbox 344 2415 2542 2517; baseline 0 -27"><span class='ocrx_word' id='word_1_139' title='bbox 344 2416 713 2515; x_wconf 86' lang='lat' dir='ltr'><strong>promeruit</strong></span> <span class='ocrx_word' id='word_1_140' title='bbox 732 2475 747 2490; x_wconf 94' lang='lat'><strong>.</strong></span> <span class='ocrx_word' id='word_1_141' title='bbox 779 2476 794 2490; x_wconf 92' lang='lat'><strong>.</strong></span> <span class='ocrx_word' id='word_1_142' title='bbox 827 2475 845 2490; x_wconf 90' lang='lat'><strong><em>.</em></strong></span> <span class='ocrx_word' id='word_1_143' title='bbox 874 2476 890 2491; x_wconf 93' lang='lat'><strong>.</strong></span> <span class='ocrx_word' id='word_1_144' title='bbox 917 2419 1083 2493; x_wconf 90' lang='lat' dir='ltr'><strong>Cum</strong></span> <span class='ocrx_word' id='word_1_145' title='bbox 1115 2419 1320 2517; x_wconf 78' lang='lat' dir='ltr'><strong>igitur</strong></span> <span class='ocrx_word' id='word_1_146' title='bbox 1349 2418 1839 2493; x_wconf 82' lang='lat' dir='ltr'><strong>matrimonium</strong></span> <span class='ocrx_word' id='word_1_147' title='bbox 1874 2417 1945 2489; x_wconf 89' lang='lat' dir='ltr'><strong>in</strong></span> <span class='ocrx_word' id='word_1_148' title='bbox 1978 2415 2126 2515; x_wconf 80' lang='lat' dir='ltr'><strong>lege</strong></span> <span class='ocrx_word' id='word_1_149' title='bbox 2157 2415 2542 2514; x_wconf 74' lang='lat' dir='ltr'><strong>evangelica</strong></span> 
     </span>
     <span class='ocr_line' id='line_1_19' title="bbox 339 2531 2533 2636; baseline -0.003 -25"><span class='ocrx_word' id='word_1_150' title='bbox 339 2531 673 2611; x_wconf 72' lang='lat' dir='ltr'><strong>veteribus</strong></span> <span class='ocrx_word' id='word_1_151' title='bbox 697 2534 1050 2611; x_wconf 86' lang='lat' dir='ltr'><strong>connubiis</strong></span> <span class='ocrx_word' id='word_1_152' title='bbox 1074 2562 1197 2636; x_wconf 89' lang='lat' dir='ltr'><strong>per</strong></span> <span class='ocrx_word' id='word_1_153' title='bbox 1220 2534 1556 2610; x_wconf 83' lang='lat' dir='ltr'><strong>Christum</strong></span> <span class='ocrx_word' id='word_1_154' title='bbox 1579 2534 1792 2633; x_wconf 78' lang='lat' dir='ltr'><strong>gratia</strong></span> <span class='ocrx_word' id='word_1_155' title='bbox 1825 2546 2115 2635; x_wconf 86' lang='lat' dir='ltr'><strong>praestet</strong></span> <span class='ocrx_word' id='word_1_156' title='bbox 2138 2548 2264 2607; x_wconf 91' lang='lat' dir='ltr'><strong>etc.</strong></span> <span class='ocrx_word' id='word_1_157' title='bbox 2304 2533 2451 2628; x_wconf 73' lang='lat'>(35)</span> <span class='ocrx_word' id='word_1_158' title='bbox 2466 2588 2481 2604; x_wconf 89' lang='lat'><strong>.</strong></span> <span class='ocrx_word' id='word_1_159' title='bbox 2496 2562 2533 2603; x_wconf 84' lang='lat'><strong>»</strong></span> 
     </span>
     <span class='ocr_line' id='line_1_20' title="bbox 340 2647 2547 2750; baseline 0 -28"><span class='ocrx_word' id='word_1_160' title='bbox 340 2647 515 2744; x_wconf 81' lang='lat' dir='ltr'><strong>Ergo</strong></span> <span class='ocrx_word' id='word_1_161' title='bbox 563 2647 694 2723; x_wconf 88' lang='lat' dir='ltr'><strong>hoc</strong></span> <span class='ocrx_word' id='word_1_162' title='bbox 739 2649 889 2749; x_wconf 82' lang='lat' dir='ltr'><strong>ipso</strong></span> <span class='ocrx_word' id='word_1_163' title='bbox 937 2650 1115 2750; x_wconf 89' lang='lat' dir='ltr'><strong>quod</strong></span> <span class='ocrx_word' id='word_1_164' title='bbox 1166 2650 1471 2724; x_wconf 88' lang='lat' dir='ltr'><strong>Christus</strong></span> <span class='ocrx_word' id='word_1_165' title='bbox 1517 2649 1935 2724; x_wconf 84' lang='lat' dir='ltr'><strong>matrimonio</strong></span> <span class='ocrx_word' id='word_1_166' title='bbox 1979 2647 2349 2723; x_wconf 87' lang='lat' dir='ltr'><strong>christiano</strong></span> <span class='ocrx_word' id='word_1_167' title='bbox 2396 2671 2547 2746; x_wconf 80' lang='lat' dir='ltr'><strong>gra·</strong></span> 
     </span>
     <span class='ocr_line' id='line_1_21' title="bbox 342 2762 2537 2867; baseline 0.001 -32"><span class='ocrx_word' id='word_1_168' title='bbox 342 2764 497 2836; x_wconf 85' lang='lat' dir='ltr'><strong>tiam</strong></span> <span class='ocrx_word' id='word_1_169' title='bbox 547 2765 867 2839; x_wconf 85' lang='lat' dir='ltr'><strong>adiecerit</strong></span> <span class='ocrx_word' id='word_1_170' title='bbox 887 2823 904 2855; x_wconf 91' lang='lat'>,</span> <span class='ocrx_word' id='word_1_171' title='bbox 946 2793 1083 2867; x_wconf 85' lang='lat' dir='ltr'><strong>qua</strong></span> <span class='ocrx_word' id='word_1_172' title='bbox 1112 2765 1426 2841; x_wconf 86' lang='lat' dir='ltr'><strong>destituta</strong></span> <span class='ocrx_word' id='word_1_173' title='bbox 1468 2763 1903 2840; x_wconf 89' lang='lat' dir='ltr'><strong>hebraeorum</strong></span> <span class='ocrx_word' id='word_1_174' title='bbox 1938 2781 2129 2840; x_wconf 86' lang='lat' dir='ltr'><strong>erant</strong></span> <span class='ocrx_word' id='word_1_175' title='bbox 2162 2762 2498 2839; x_wconf 87' lang='lat' dir='ltr'><strong>connubia</strong></span> <span class='ocrx_word' id='word_1_176' title='bbox 2516 2821 2537 2852; x_wconf 88' lang='lat'>‚</span> 
     </span>
     <span class='ocr_line' id='line_1_22' title="bbox 341 2876 2547 2978; baseline 0 -28"><span class='ocrx_word' id='word_1_177' title='bbox 341 2876 681 2977; x_wconf 87' lang='lat' dir='ltr'><strong>multoque</strong></span> <span class='ocrx_word' id='word_1_178' title='bbox 728 2905 886 2953; x_wconf 78' lang='lat' dir='ltr'><strong>vero</strong></span> <span class='ocrx_word' id='word_1_179' title='bbox 930 2881 1147 2978; x_wconf 80' lang='lat' dir='ltr'><strong>magis</strong></span> <span class='ocrx_word' id='word_1_180' title='bbox 1180 2879 1512 2955; x_wconf 87' lang='lat' dir='ltr'><strong>connubia</strong></span> <span class='ocrx_word' id='word_1_181' title='bbox 1543 2878 1959 2955; x_wconf 83' lang='lat' dir='ltr'><strong>ethnicorum</strong></span> <span class='ocrx_word' id='word_1_182' title='bbox 1981 2934 1999 2966; x_wconf 83' lang='grc'>,</span> <span class='ocrx_word' id='word_1_183' title='bbox 2038 2903 2119 2953; x_wconf 85' lang='lat' dir='ltr'><strong>ex</strong></span> <span class='ocrx_word' id='word_1_184' title='bbox 2153 2877 2443 2953; x_wconf 84' lang='lat' dir='ltr'><strong>naturali</strong></span> <span class='ocrx_word' id='word_1_185' title='bbox 2476 2894 2547 2951; x_wconf 87' lang='lat' dir='ltr'><strong>et</strong></span> 
     </span>
     <span class='ocr_line' id='line_1_23' title="bbox 342 2992 2549 3095; baseline 0.001 -31"><span class='ocrx_word' id='word_1_186' title='bbox 342 2992 622 3089; x_wconf 77' lang='lat' dir='ltr'><strong>profano</strong></span> <span class='ocrx_word' id='word_1_187' title='bbox 655 3019 920 3067; x_wconf 87' lang='lat' dir='ltr'><strong>sacrum</strong></span> <span class='ocrx_word' id='word_1_188' title='bbox 953 2996 1273 3084; x_wconf 85' lang='lat' dir='ltr'><strong>reddidit,</strong></span> <span class='ocrx_word' id='word_1_189' title='bbox 1305 3011 1506 3095; x_wconf 87' lang='lat' dir='ltr'><strong>atque</strong></span> <span class='ocrx_word' id='word_1_190' title='bbox 1536 2996 1623 3071; x_wconf 89' lang='lat' dir='ltr'><strong>ad</strong></span> <span class='ocrx_word' id='word_1_191' title='bbox 1659 3021 1852 3070; x_wconf 84' lang='lat' dir='ltr'><strong>suam</strong></span> <span class='ocrx_word' id='word_1_192' title='bbox 1883 3020 2036 3070; x_wconf 88' lang='lat' dir='ltr'><strong>cum</strong></span> <span class='ocrx_word' id='word_1_193' title='bbox 2069 2992 2356 3068; x_wconf 84' lang='lat' dir='ltr'><strong>ecclesia</strong></span> <span class='ocrx_word' id='word_1_194' title='bbox 2385 3019 2549 3068; x_wconf 88' lang='lat' dir='ltr'><strong>con-</strong></span> 
     </span>
     <span class='ocr_line' id='line_1_24' title="bbox 342 3104 1579 3184; baseline 0.006 -9"><span class='ocrx_word' id='word_1_195' title='bbox 342 3104 748 3181; x_wconf 83' lang='lat' dir='ltr'><strong>iunctionem</strong></span> <span class='ocrx_word' id='word_1_196' title='bbox 784 3107 1193 3183; x_wconf 80' lang='lat' dir='ltr'><strong>referendam</strong></span> <span class='ocrx_word' id='word_1_197' title='bbox 1225 3109 1579 3184; x_wconf 74' lang='lat' dir='ltr'><strong>ordinavit.</strong></span> 
     </span>
    </p>

    <p class='ocr_par' dir='ltr' id='par_1_4' title="bbox 340 3218 2556 4131">
     <span class='ocr_line' id='line_1_25' title="bbox 487 3218 2544 3323; baseline 0 -30"><span class='ocrx_word' id='word_1_198' title='bbox 487 3221 584 3295; x_wconf 82' lang='lat' dir='ltr'><strong>Ex</strong></span> <span class='ocrx_word' id='word_1_199' title='bbox 620 3221 729 3295; x_wconf 89' lang='lat' dir='ltr'><strong>his</strong></span> <span class='ocrx_word' id='word_1_200' title='bbox 762 3225 1112 3322; x_wconf 78' lang='lat' dir='ltr'><strong>responsio</strong></span> <span class='ocrx_word' id='word_1_201' title='bbox 1147 3225 1343 3323; x_wconf 91' lang='lat' dir='ltr'><strong>pleno</strong></span> <span class='ocrx_word' id='word_1_202' title='bbox 1376 3225 1564 3299; x_wconf 88' lang='lat' dir='ltr'><strong>alveo</strong></span> <span class='ocrx_word' id='word_1_203' title='bbox 1597 3224 1749 3299; x_wconf 89' lang='lat' dir='ltr'><strong>fluit</strong></span> <span class='ocrx_word' id='word_1_204' title='bbox 1781 3224 1866 3298; x_wconf 90' lang='lat' dir='ltr'><strong>ad</strong></span> <span class='ocrx_word' id='word_1_205' title='bbox 1892 3249 2009 3311; x_wconf 86' lang='lat' dir='ltr'><strong>ea,</strong></span> <span class='ocrx_word' id='word_1_206' title='bbox 2041 3248 2216 3323; x_wconf 88' lang='lat' dir='ltr'><strong>quae</strong></span> <span class='ocrx_word' id='word_1_207' title='bbox 2240 3218 2544 3308; x_wconf 86' lang='lat' dir='ltr'><strong>subiicit,</strong></span> 
     </span>
     <span class='ocr_line' id='line_1_26' title="bbox 342 3335 2545 3439; baseline 0.001 -33"><span class='ocrx_word' id='word_1_208' title='bbox 342 3359 467 3406; x_wconf 88' lang='lat' dir='ltr'><strong>seu</strong></span> <span class='ocrx_word' id='word_1_209' title='bbox 515 3335 738 3433; x_wconf 85' lang='lat' dir='ltr'><strong>potius</strong></span> <span class='ocrx_word' id='word_1_210' title='bbox 786 3336 1070 3413; x_wconf 84' lang='lat' dir='ltr'><strong>diversis</strong></span> <span class='ocrx_word' id='word_1_211' title='bbox 1121 3338 1340 3414; x_wconf 83' lang='lat' dir='ltr'><strong>verbis</strong></span> <span class='ocrx_word' id='word_1_212' title='bbox 1392 3338 1632 3439; x_wconf 88' lang='lat' dir='ltr'><strong>repetit</strong></span> <span class='ocrx_word' id='word_1_213' title='bbox 1678 3339 1901 3413; x_wconf 88' lang='lat' dir='ltr'><strong>Canus</strong></span> <span class='ocrx_word' id='word_1_214' title='bbox 1943 3343 2127 3438; x_wconf 89' lang='lat' dir='ltr'><strong>(quo</strong></span> <span class='ocrx_word' id='word_1_215' title='bbox 2178 3336 2255 3410; x_wconf 79' lang='lat' dir='ltr'><strong>fit</strong></span> <span class='ocrx_word' id='word_1_216' title='bbox 2299 3350 2375 3410; x_wconf 91' lang='lat' dir='ltr'><strong>ut</strong></span> <span class='ocrx_word' id='word_1_217' title='bbox 2423 3360 2545 3410; x_wconf 90' lang='lat' dir='ltr'><strong>nos</strong></span> 
     </span>
     <span class='ocr_line' id='line_1_27' title="bbox 344 3448 2552 3550; baseline 0.002 -28"><span class='ocrx_word' id='word_1_218' title='bbox 344 3448 606 3523; x_wconf 86' lang='lat' dir='ltr'><strong>taedeat</strong></span> <span class='ocrx_word' id='word_1_219' title='bbox 649 3451 879 3525; x_wconf 87' lang='lat' dir='ltr'><strong>eadem</strong></span> <span class='ocrx_word' id='word_1_220' title='bbox 932 3453 1344 3550; x_wconf 81' lang='lat' dir='ltr'><strong>ingeminare</strong></span> <span class='ocrx_word' id='word_1_221' title='bbox 1372 3513 1389 3543; x_wconf 86' lang='lat'>,</span> <span class='ocrx_word' id='word_1_222' title='bbox 1442 3479 1674 3528; x_wconf 79' lang='lat' dir='ltr'><strong>verum</strong></span> <span class='ocrx_word' id='word_1_223' title='bbox 1723 3455 1809 3529; x_wconf 90' lang='lat' dir='ltr'><strong>ad</strong></span> <span class='ocrx_word' id='word_1_224' title='bbox 1860 3452 1991 3529; x_wconf 89' lang='lat' dir='ltr'><strong>hoc</strong></span> <span class='ocrx_word' id='word_1_225' title='bbox 2035 3452 2143 3529; x_wconf 83' lang='lat' dir='ltr'><strong>vel</strong></span> <span class='ocrx_word' id='word_1_226' title='bbox 2194 3451 2384 3527; x_wconf 76' lang='lat' dir='ltr'><strong>inviti</strong></span> <span class='ocrx_word' id='word_1_227' title='bbox 2434 3477 2552 3526; x_wconf 83' lang='lat' dir='ltr'><strong>co-</strong></span> 
     </span>
     <span class='ocr_line' id='line_1_28' title="bbox 340 3563 2550 3670; baseline 0.002 -33"><span class='ocrx_word' id='word_1_228' title='bbox 340 3563 567 3660; x_wconf 82' lang='lat' dir='ltr'><strong>gimur</strong></span> <span class='ocrx_word' id='word_1_229' title='bbox 586 3568 640 3660; x_wconf 91' lang='lat'><strong>)‚</strong></span> <span class='ocrx_word' id='word_1_230' title='bbox 670 3583 884 3666; x_wconf 86' lang='lat' dir='ltr'><strong>patet,</strong></span> <span class='ocrx_word' id='word_1_231' title='bbox 932 3569 1206 3669; x_wconf 89' lang='lat' dir='ltr'><strong>inquam</strong></span> <span class='ocrx_word' id='word_1_232' title='bbox 1226 3627 1243 3658; x_wconf 89' lang='lat'>,</span> <span class='ocrx_word' id='word_1_233' title='bbox 1285 3571 1630 3669; x_wconf 82' lang='lat' dir='ltr'><strong>responsio</strong></span> <span class='ocrx_word' id='word_1_234' title='bbox 1663 3570 1750 3645; x_wconf 91' lang='lat' dir='ltr'><strong>ad</strong></span> <span class='ocrx_word' id='word_1_235' title='bbox 1784 3594 1890 3659; x_wconf 86' lang='lat' dir='ltr'><strong>ea,</strong></span> <span class='ocrx_word' id='word_1_236' title='bbox 1940 3596 2117 3670; x_wconf 88' lang='lat' dir='ltr'><strong>quae</strong></span> <span class='ocrx_word' id='word_1_237' title='bbox 2157 3567 2434 3643; x_wconf 86' lang='lat' dir='ltr'><strong>subiicit</strong></span> <span class='ocrx_word' id='word_1_238' title='bbox 2461 3566 2550 3641; x_wconf 90' lang='lat' dir='ltr'><strong>de</strong></span> 
     </span>
     <span class='ocr_line' id='line_1_29' title="bbox 343 3676 2552 3787; baseline 0.004 -38"><span class='ocrx_word' id='word_1_239' title='bbox 343 3676 560 3752; x_wconf 77' lang='lat' dir='ltr'><strong>forma</strong></span> <span class='ocrx_word' id='word_1_240' title='bbox 585 3707 662 3755; x_wconf 92' lang='lat' dir='ltr'><strong>ac</strong></span> <span class='ocrx_word' id='word_1_241' title='bbox 687 3683 964 3757; x_wconf 89' lang='lat' dir='ltr'><strong>materia</strong></span> <span class='ocrx_word' id='word_1_242' title='bbox 997 3686 1275 3784; x_wconf 83' lang='lat' dir='ltr'><strong>profana</strong></span> <span class='ocrx_word' id='word_1_243' title='bbox 1309 3685 1732 3787; x_wconf 88' lang='lat' dir='ltr'><strong>naturalique</strong></span> <span class='ocrx_word' id='word_1_244' title='bbox 1756 3687 1827 3760; x_wconf 91' lang='lat' dir='ltr'><strong>in</strong></span> <span class='ocrx_word' id='word_1_245' title='bbox 1853 3701 2270 3761; x_wconf 86' lang='lat' dir='ltr'><strong>sacramento</strong></span> <span class='ocrx_word' id='word_1_246' title='bbox 2288 3739 2305 3771; x_wconf 90' lang='lat'>,</span> <span class='ocrx_word' id='word_1_247' title='bbox 2345 3709 2552 3783; x_wconf 87' lang='lat' dir='ltr'><strong>quae-</strong></span> 
     </span>
     <span class='ocr_line' id='line_1_30' title="bbox 344 3796 2553 3902; baseline 0.003 -36"><span class='ocrx_word' id='word_1_248' title='bbox 344 3820 479 3893; x_wconf 89' lang='lat' dir='ltr'><strong>que</strong></span> <span class='ocrx_word' id='word_1_249' title='bbox 512 3813 578 3870; x_wconf 90' lang='lat' dir='ltr'><strong>et</strong></span> <span class='ocrx_word' id='word_1_250' title='bbox 611 3797 680 3869; x_wconf 91' lang='lat' dir='ltr'><strong>in</strong></span> <span class='ocrx_word' id='word_1_251' title='bbox 711 3796 1128 3874; x_wconf 87' lang='lat' dir='ltr'><strong>ethnicorum</strong></span> <span class='ocrx_word' id='word_1_252' title='bbox 1178 3800 1462 3875; x_wconf 87' lang='lat' dir='ltr'><strong>naturali</strong></span> <span class='ocrx_word' id='word_1_253' title='bbox 1510 3801 1826 3902; x_wconf 84' lang='lat' dir='ltr'><strong>civilique</strong></span> <span class='ocrx_word' id='word_1_254' title='bbox 1876 3816 2214 3877; x_wconf 81' lang='lat' dir='ltr'><strong>contractu</strong></span> <span class='ocrx_word' id='word_1_255' title='bbox 2265 3799 2553 3900; x_wconf 88' lang='lat' dir='ltr'><strong>reperie-</strong></span> 
     </span>
     <span class='ocr_line' id='line_1_31' title="bbox 344 3908 2555 3992; baseline 0.002 -10"><span class='ocrx_word' id='word_1_256' title='bbox 344 3908 559 3982; x_wconf 84' lang='lat' dir='ltr'><strong>batur.</strong></span> <span class='ocrx_word' id='word_1_257' title='bbox 602 3912 818 3986; x_wconf 83' lang='lat' dir='ltr'><strong>Eccur</strong></span> <span class='ocrx_word' id='word_1_258' title='bbox 858 3914 1035 3987; x_wconf 90' lang='lat' dir='ltr'><strong>enim</strong></span> <span class='ocrx_word' id='word_1_259' title='bbox 1072 3942 1205 3990; x_wconf 90' lang='lat' dir='ltr'><strong>non</strong></span> <span class='ocrx_word' id='word_1_260' title='bbox 1243 3916 1704 3990; x_wconf 77' lang='lat' dir='ltr'><strong>animadvertit</strong></span> <span class='ocrx_word' id='word_1_261' title='bbox 1752 3916 2154 3992; x_wconf 88' lang='lat' dir='ltr'><strong>conditionis</strong></span> <span class='ocrx_word' id='word_1_262' title='bbox 2204 3913 2555 3989; x_wconf 80' lang='lat' dir='ltr'><strong>diversita-</strong></span> 
     </span>
     <span class='ocr_line' id='line_1_32' title="bbox 348 4029 2556 4131; baseline 0.002 -33"><span class='ocrx_word' id='word_1_263' title='bbox 348 4040 513 4114; x_wconf 87' lang='lat' dir='ltr'><strong>tem,</strong></span> <span class='ocrx_word' id='word_1_264' title='bbox 585 4054 761 4127; x_wconf 88' lang='lat' dir='ltr'><strong>quae</strong></span> <span class='ocrx_word' id='word_1_265' title='bbox 808 4029 1163 4131; x_wconf 77' lang='lat' dir='ltr'><strong>intercedit</strong></span> <span class='ocrx_word' id='word_1_266' title='bbox 1222 4032 1393 4107; x_wconf 88' lang='lat' dir='ltr'><strong>inter</strong></span> <span class='ocrx_word' id='word_1_267' title='bbox 1447 4032 1753 4108; x_wconf 84' lang='lat' dir='ltr'><strong>ethnicos</strong></span> <span class='ocrx_word' id='word_1_268' title='bbox 1812 4048 1881 4107; x_wconf 86' lang='lat' dir='ltr'><strong>et</strong></span> <span class='ocrx_word' id='word_1_269' title='bbox 1934 4030 2385 4108; x_wconf 74' lang='lat' dir='ltr'><strong>christianos?</strong></span> <span class='ocrx_word' id='word_1_270' title='bbox 2448 4029 2556 4103; x_wconf 89' lang='lat' dir='ltr'><strong>Illi</strong></span> 
     </span>
    </p>
   </div>
   <div class='ocr_carea' id='block_1_3' title="bbox 345 4245 2555 4374">
    <p class='ocr_par' dir='ltr' id='par_1_5' title="bbox 345 4245 2555 4374">
     <span class='ocr_line' id='line_1_33' title="bbox 345 4245 2555 4374; baseline -0.003 -66"><span class='ocrx_word' id='word_1_271' title='bbox 345 4245 585 4374; x_wconf 49' lang='lat' dir='ltr'><strong>cumgg)</strong></span> <span class='ocrx_word' id='word_1_272' title='bbox 614 4247 693 4299; x_wconf 75' lang='lat' dir='ltr'><strong>Cf.</strong></span> <span class='ocrx_word' id='word_1_273' title='bbox 717 4248 1001 4301; x_wconf 71' lang='lat' dir='ltr'><strong>Bcllnmin.</strong></span> <span class='ocrx_word' id='word_1_274' title='bbox 1024 4253 1102 4303; x_wconf 74' lang='lat' dir='ltr'><strong>Dc</strong></span> <span class='ocrx_word' id='word_1_275' title='bbox 1119 4255 1355 4307; x_wconf 51' lang='lat' dir='ltr'><strong>mettim.</strong></span> <span class='ocrx_word' id='word_1_276' title='bbox 1378 4254 1463 4308; x_wconf 80' lang='lat' dir='ltr'><strong>tib.</strong></span> <span class='ocrx_word' id='word_1_277' title='bbox 1483 4257 1523 4307; x_wconf 85' lang='lat'><strong>1.</strong></span> <span class='ocrx_word' id='word_1_278' title='bbox 1544 4267 1655 4320; x_wconf 72' lang='lat' dir='ltr'><strong>cap.</strong></span> <span class='ocrx_word' id='word_1_279' title='bbox 1678 4254 1789 4307; x_wconf 78' lang='lat' dir='ltr'><strong>xn.</strong></span> <span class='ocrx_word' id='word_1_280' title='bbox 1808 4252 1893 4307; x_wconf 79' lang='lat' dir='ltr'><strong>obt</strong></span> <span class='ocrx_word' id='word_1_281' title='bbox 1910 4255 2038 4307; x_wconf 75' lang='lat' dir='ltr'><strong>hanc</strong></span> <span class='ocrx_word' id='word_1_282' title='bbox 2059 4254 2216 4322; x_wconf 66' lang='lat' dir='ltr'><strong>ipsam</strong></span> <span class='ocrx_word' id='word_1_283' title='bbox 2247 4252 2396 4308; x_wconf 77' lang='lat' dir='ltr'><strong>solvil</strong></span> <span class='ocrx_word' id='word_1_284' title='bbox 2430 4251 2555 4304; x_wconf 70' lang='lat' dir='ltr'><strong>dicti·</strong></span> 
     </span>
    </p>
   </div>
   <div class='ocr_carea' id='block_1_4' title="bbox 488 4404 1141 4475">
    <p class='ocr_par' dir='ltr' id='par_1_6' title="bbox 488 4404 1141 4475">
     <span class='ocr_line' id='line_1_34' title="bbox 488 4404 1141 4475; baseline 0.003 -18"><span class='ocrx_word' id='word_1_285' title='bbox 488 4404 591 4469; x_wconf 72' lang='lat'>(⁸⁵)</span> <span class='ocrx_word' id='word_1_286' title='bbox 619 4408 747 4460; x_wconf 68' lang='lat' dir='ltr'><strong>Sus.</strong></span> <span class='ocrx_word' id='word_1_287' title='bbox 774 4410 944 4460; x_wconf 67' lang='lat' dir='ltr'><strong>xxiv.</strong></span> <span class='ocrx_word' id='word_1_288' title='bbox 968 4422 1078 4475; x_wconf 76' lang='lat' dir='ltr'><strong>cap.</strong></span> <span class='ocrx_word' id='word_1_289' title='bbox 1101 4412 1141 4461; x_wconf 84' lang='lat'><strong>1.</strong></span> 
     </span>
    </p>
   </div>
  </div>
 </body>
</html>
