3276 5083
665 424 803 493 160
1063 443 1274 496 ursi.
1315 443 1487 496 secr.
1528 443 1574 495 1.
1616 443 1698 496 ns
1731 443 1993 498 mrum.
2036 443 2466 498 mommo,

659 578 897 636 ntenta.
951 562 1098 638 Non
1151 561 1455 664 probavit
1484 621 1500 652 ,
1564 580 1641 637 ut
1694 565 1863 637 inter
1926 579 2110 636 testes
2167 579 2629 639 numeraretur
2679 592 2876 666 paro-

661 676 833 752 chus
867 681 1044 776 (43).
1077 679 1189 752 Sic
1230 679 1432 751 etiam
1480 678 1820 752 decretum
1871 678 2175 779 probavit
2220 680 2706 756 Constantinus
2751 683 2885 757 Bo-

664 790 883 865 nellus
916 793 1273 892 episcopus
1315 792 1567 867 Tiferni
1606 794 1968 868 ostendens
2003 792 2106 866 fas
2140 792 2463 869 eeclesiae
2494 821 2648 870 esse
2697 797 2888 871 irrita

660 907 879 981 facere
926 907 1260 981 eiusmodi
1302 907 1640 982 connubia
1660 965 1677 994 ,
1719 933 1851 980 non
1889 908 2161 1008 quidem
2212 908 2399 983 irrito
2432 910 2698 985 reddito
2731 936 2889 985 con-

662 1037 873 1097 tractu
891 1079 907 1110 ‚
947 1023 1129 1095 unde
1154 1047 1286 1095 non
1310 1036 1491 1095 esset
1513 1021 1805 1121 amplius
1841 1022 2117 1100 materia
2150 1022 2394 1097 idonea
2442 1026 2881 1112 sacramenti,

660 1138 863 1213 sicuti
907 1137 1183 1238 quidam
1232 1137 1732 1225 disseruerunt;
1774 1163 1929 1211 nam
1967 1153 2343 1212 contractus
2376 1140 2672 1236 coniugii
2707 1141 2886 1214 inter

665 1253 900 1328 fideles
950 1279 1078 1326 non
1119 1251 1487 1352 praecedit,
1544 1254 1674 1325 imo
1723 1279 1838 1325 nec
1886 1253 2315 1352 distinquitur
2356 1280 2400 1327 a
2438 1270 2879 1340 sacramento,

664 1368 967 1469 adeoque
1025 1367 1404 1442 facultatem
1467 1366 1745 1465 perinde
1807 1365 1992 1440 illius
2043 1392 2122 1440 ac
2171 1367 2374 1440 huius
2426 1393 2561 1441 non
2611 1394 2768 1442 esse
2815 1369 2885 1440 in

662 1482 948 1557 ecclesia
973 1541 990 1571 ,
1045 1484 1166 1557 sed
1224 1508 1426 1583 posse
1473 1481 1560 1554 ab
1609 1508 1691 1555 ea
1741 1481 1998 1555 irritum
2061 1481 2249 1555 reddi
2314 1507 2706 1570 assensum,
2767 1484 2885 1583 qui

661 1597 1063 1673 antecedens
1100 1613 1204 1671 est
1251 1624 1457 1672 causa
1506 1598 1725 1697 ipsius
1774 1613 2151 1672 contractus
2192 1600 2369 1694 (44).
2414 1598 2500 1672 Et
2547 1599 2643 1673 ita
2690 1625 2890 1699 porro

662 1713 734 1785 in
775 1712 1083 1786 eumdem
1133 1739 1408 1787 sensum
1457 1713 1573 1786 alii
1624 1712 1854 1814 plures
1907 1739 2027 1812 pro
2076 1713 2390 1787 alterutra
2439 1729 2624 1814 parte
2672 1713 2886 1788 disse-

663 1843 971 1916 ruerunt,
1003 1853 1237 1903 omnes
1264 1842 1486 1902 tamen
1508 1829 1607 1901 nti
1635 1828 2142 1902 fundamentum
2177 1845 2431 1903 certum
2468 1844 2889 1904 assumentes

662 1943 1068 2018 matrimonii
1106 1959 1580 2018 sacramentum
1620 1968 1741 2044 per
1772 1942 1991 2017 solum
2026 1943 2562 2019 contrahentium
2603 1968 2890 2020 consen-

665 2085 818 2135 snm
866 2060 1119 2161 perfici.

806 2174 1029 2248 Refert
1050 2190 1395 2275 praeterea
1428 2173 1603 2248 idem
1640 2173 2222 2275 historiographus
2257 2174 2476 2275 capite
2499 2173 2882 2273 insequenti

669 2304 769 2362 ter
803 2289 1195 2389 paradigma
1237 2290 1491 2364 formae
1523 2288 1771 2363 decreti
1804 2290 2223 2363 immutatum
2259 2288 2469 2363 fuisse
2487 2346 2503 2377 ‚
2544 2289 2710 2388 quia
2742 2315 2892 2361 um-

663 2429 870 2503 quam
904 2404 1077 2478 faeta
1110 2405 1358 2478 mentio
1405 2403 1607 2478 fuerit
1641 2403 1728 2478 de
1762 2404 2127 2478 sacerdotis
2176 2403 2555 2503 praesentia
2602 2402 2891 2502 eiusque

667 2520 1100 2605 necessitate,
1142 2517 1260 2593 sed
1306 2533 1688 2592 constanter
1734 2518 2165 2592 constitutum
2213 2533 2291 2591 ut
2337 2535 2471 2594 tres
2522 2532 2726 2592 testes
2773 2516 2892 2590 ad-

668 2631 1058 2705 biberentur
1083 2633 1168 2705 ad
1196 2632 1600 2705 matrimonii
1627 2631 2136 2706 celebrationem
2169 2634 2314 2728 (45)
2331 2689 2346 2703 .
2371 2632 2474 2704 Ad
2501 2632 2889 2706 instantiam

663 2744 958 2844 denique
1005 2745 1188 2818 card.
1230 2745 1640 2843 Lotharingii
1691 2760 1909 2819 actum
1943 2761 2050 2819 est
2087 2745 2175 2818 de
2208 2744 2617 2820 stabilienda
2653 2770 2889 2819 neees-

662 2859 865 2934 sitate
913 2859 1332 2960 praesentiae
1375 2859 1742 2935 sacerdotis
1776 2876 2118 2960 tamquam
2153 2860 2345 2934 testis
2381 2858 2696 2933 celebrati
2728 2884 2893 2933 con—

664 2973 830 3071 iugii
850 3031 866 3061 ,
897 2999 1020 3047 nec
1054 2989 1274 3047 tamen
1309 2973 1394 3047 ab
1429 2973 1620 3047 initio
1671 2966 1895 3075 patres
1946 2975 2448 3074 acquieverunt.
2480 2974 2581 3046 Ad
2616 3000 2885 3048 omnem

662 3089 931 3163 tandem
982 3088 1323 3163 vitandam
1373 3088 1701 3178 fraudem,
1740 3114 1894 3164 cum
1927 3090 2360 3165 convenerint
2380 3090 2469 3163 de
2493 3090 2893 3164 necessitate

665 3204 951 3280 alicuius
1003 3204 1193 3279 testis
1245 3204 1508 3279 stabilis
1528 3262 1544 3293 ‚
1600 3204 2041 3280 deliberatum
2083 3220 2190 3280 est
2228 3220 2449 3278 utrum
2496 3205 2613 3278 hic
2660 3221 2895 3303 posset

661 3347 818 3397 esse
849 3321 1072 3396 scriba
1104 3346 1225 3395 seu
1256 3320 1568 3421 publicus
1601 3321 1874 3396 tabellio
1891 3378 1908 3409 ,
1942 3347 2028 3395 an
2060 3345 2219 3396 vero
2253 3319 2588 3421 parochus
2609 3377 2625 3407 ,
2664 3322 2892 3394 omni-

661 3436 792 3513 bus
817 3436 1172 3538 perpensis
1205 3435 1543 3510 decretum
1576 3435 1848 3511 tandem
1874 3451 1976 3511 est
1996 3494 2013 3524 ,
2045 3452 2122 3513 ut
2151 3436 2513 3537 parochus,
2555 3459 2679 3509 sen
2711 3433 2892 3508 alius

661 3552 980 3626 sacerdos
1029 3577 1110 3625 ex
1160 3550 1433 3651 parochi
1483 3549 1901 3648 delegatione
1941 3553 2455 3626 constitueretur
2485 3552 2665 3648 (46).
2698 3548 2891 3624 Com·

662 3670 851 3741 muni
886 3667 1360 3766 suffragiorum
1394 3692 1730 3742 consensu
1760 3658 2006 3741 novum
2038 3666 2290 3742 decreti
2324 3664 2701 3766 exemplum
2731 3687 2890 3738 con-

664 3781 909 3855 fectum
949 3799 1092 3871 est,
1135 3807 1270 3881 quo
1302 3779 1388 3854 ad
1422 3781 1793 3855 efficaciam
1827 3780 2235 3855 matrimonii
2270 3779 2657 3855 necessario
2688 3778 2890 3854 ades-

665 3911 818 3970 sent
863 3897 997 3972 duo
1044 3897 1285 3973 saltem
1335 3912 1541 3972 testes
1588 3912 1656 3973 et
1701 3896 2034 3998 parochus
2052 3953 2070 3986 ,
2123 3910 2240 3972 aut
2283 3896 2460 3972 alius
2510 3894 2825 3974 sacerdos
2859 3952 2878 3979 ,

806 4149 910 4212 (⁴8)
939 4150 1085 4200 Num.
1125 4159 1200 4203 12.

806 4229 911 4292 (44)
940 4231 1086 4280 Num.
1124 4238 1199 4282 16.

806 4309 909 4373 (⁴5)
940 4310 1064 4373 cap.
1088 4311 1172 4362 lx.
1194 4322 1244 4361 n.
1276 4318 1351 4362 16.

808 4387 911 4451 (48)
941 4386 1068 4440 thid.
