3276 5083
668 471 807 519 cn.
838 471 925 519 lv.
953 469 1032 517 ΒΕ
1062 467 1298 518 moun.
1328 466 1442 516 PRO
1470 467 1627 517 Laos
1655 467 1734 515 m:
1761 467 1951 517 nnn.
1975 467 2103 516 mv.
2130 467 2273 517 Aur.
2301 467 2371 518 n.
2508 444 2645 516 389

426 604 626 688 geant
658 588 1057 687 foedamque
1092 587 1466 684 transigant
1497 586 1729 660 vitam.
1767 587 1886 659 Pia
1920 612 1962 660 a
1997 576 2428 660 s.Francisco
2451 586 2651 685 Regis

427 719 816 803 nuncupata
866 702 1152 776 societas
1203 717 1341 775 tota
1391 701 1546 774 licet
1597 702 1687 774 sit
1721 702 1788 773 in
1825 701 2271 776 matrimoniis
2320 703 2654 777 eiusmodi

425 820 823 892 miserorum
860 816 1426 914 redintegrandis,
1460 843 1796 915 expensas
1835 816 2256 889 necessarias
2293 815 2649 904 solvendo,

427 949 729 1033 spectata
764 933 1028 1006 illorum
1067 932 1493 1005 multitudine
1528 959 1608 1004 ac
1644 958 1850 1031 prava
1886 932 2264 1021 voluntate,
2306 933 2524 1032 impar
2555 948 2660 1006 est

424 1049 794 1122 remedium
846 1064 1029 1121 tanto
1081 1046 1257 1120 malo
1307 1047 1569 1120 afferre.
1630 1046 1908 1119 Interim
1960 1047 2198 1121 vitium
2252 1062 2458 1121 totam
2519 1047 2659 1122 fere

422 1164 641 1238 inficit
690 1164 1075 1237 societatem
1120 1154 1298 1258 (66).

570 1279 719 1366 Qua
767 1279 975 1376 igitur
1025 1279 1239 1351 fronte
1292 1278 1646 1377 improvidi
1701 1276 2250 1378 pseudo-politici
2285 1280 2373 1351 ad
2410 1277 2655 1353 Gallia-—

425 1408 571 1468 rum
612 1421 693 1468 ac
725 1394 935 1491 Belgii
987 1394 1254 1468 codices
1305 1409 1702 1492 provocant,
1744 1409 1820 1467 ut
1855 1395 2023 1468 adeo
2057 1392 2393 1469 exitialem
2429 1394 2645 1493 legem

423 1510 922 1583 innumerorum
976 1534 1149 1608 pene
1200 1508 1337 1582 illis
1393 1509 1462 1579 in
1516 1508 1907 1606 regionibus
1975 1509 2302 1584 malorum
2371 1510 2655 1609 amplis-

423 1624 663 1695 simam
717 1624 1226 1720 scaturiginem,
1285 1622 1727 1698 cohonestent
1778 1639 1980 1723 atque
2031 1623 2413 1697 suadeant?

571 1739 892 1811 insanum
937 1762 1099 1810 vero
1135 1752 1241 1810 est
1275 1737 1689 1836 paradoxum
1739 1738 2056 1836 turpique
2106 1738 2507 1837 sophismati
2547 1738 2654 1810 in-

421 1855 651 1927 nixum
686 1853 978 1928 ministri
1016 1854 1183 1952 regii
1222 1870 1553 1926 assertum
1578 1911 1593 1941 ,
1640 1880 1776 1954 quo
1810 1853 2011 1928 vellet
2056 1855 2202 1929 suis
2244 1854 2654 1955 persuadere

416 1969 633 2066 legem
691 1970 778 2043 de
836 1970 1154 2065 coniugio
1213 1968 1394 2041 civili
1449 1994 1711 2041 morum
1767 1969 2129 2066 integritati
2182 1971 2656 2071 sanctitatique

418 2082 791 2156 consulere.
852 2084 921 2153 Si
976 2081 1194 2155 Gallia
1249 2108 1362 2154 an.
1418 2084 1632 2153 1793.
1702 2082 1770 2153 in
1833 2097 2086 2155 trucem
2148 2083 2655 2184 inauditamque

425 2196 933 2271 subversionem
978 2195 1206 2283 irruit,
1251 2222 1387 2269 non
1421 2195 1709 2268 defectui
1747 2196 2043 2295 profecto
2081 2195 2287 2270 huius
2323 2196 2494 2295 legis
2531 2196 2652 2270 ad-

419 2311 850 2385 scribendum
893 2327 1034 2397 est,
1075 2312 1256 2410 quod
1308 2310 1677 2384 absurdum
1732 2312 1901 2385 foret
1946 2311 2052 2382 vel
2106 2312 2437 2411 suspicari
2464 2370 2479 2400 ‚
2522 2313 2646 2387 sed

421 2426 872 2502 incredulitati
909 2426 1754 2529 pseudo-philosophorum
1776 2486 1791 2514 ‚
1826 2454 1905 2501 ac
1934 2427 2649 2528 pseudo-politicorum

417 2571 545 2644 ope
570 2560 981 2645 propagatae
1010 2559 1214 2644 atque
1237 2544 1529 2618 diffusae
1554 2603 1570 2633 ,
1612 2544 1967 2618 universae
1995 2545 2483 2644 propemodum
2511 2572 2656 2620 mo-

418 2687 563 2732 rum
601 2660 1011 2759 corruptioni
1049 2687 1132 2733 ex
1172 2660 1642 2733 incredulitate
1692 2659 2064 2748 derivatae,
2124 2659 2476 2734 hostilitati
2531 2661 2652 2734 ad-

415 2801 650 2849 versus
687 2775 1125 2876 apostolicam
1165 2775 1393 2849 sedem
1436 2776 1504 2847 in
1549 2776 1845 2875 acceptis
1888 2776 2114 2849 referri
2160 2775 2358 2849 debet
2390 2777 2651 2850 subver-

414 2893 511 2962 sio
539 2889 655 2962 illa
687 2893 863 2986 (67).
886 2890 1080 2977 Quod
1117 2891 1175 2965 si
1213 2892 1440 2965 mitior
1466 2892 1593 2965 fuit
1617 2919 1722 2978 ea,
1750 2918 1924 2992 quae
1947 2893 2229 2990 contigit
2253 2919 2362 2965 an.
2391 2895 2641 2981 1848„

418 3028 554 3075 non
589 3001 719 3099 legi
766 3004 851 3077 de
895 3005 1207 3102 coniugio
1257 3007 1478 3092 civili,
1535 3007 1718 3105 quod
1772 3006 2100 3080 absonum
2162 3007 2410 3106 pariter
2466 3025 2648 3082 esset

416 3116 640 3190 dicere
673 3175 689 3204 ,
735 3117 855 3190 sed
904 3119 1184 3191 influxui
1239 3120 1769 3195 adscribendum
1806 3147 2009 3221 quem
2052 3121 2380 3195 catholica
2413 3122 2650 3220 religio

416 3232 766 3306 exercebat
800 3232 870 3304 in
908 3235 1207 3307 omnium
1243 3262 1416 3333 pene
1451 3236 1714 3309 animos
1738 3294 1754 3323 ,
1802 3237 2046 3309 reiecto
2080 3252 2149 3309 et
2179 3236 2480 3311 obsoleto
2530 3237 2650 3313 illo

416 3347 1172 3450 pseudo-philophismo
1213 3351 1625 3425 voltaeriano
1652 3352 1790 3424 fere
1828 3353 2230 3438 universim,
2276 3352 2651 3454 maiorique

416 3489 575 3562 erga
601 3465 830 3539 sedem
860 3465 1298 3565 apostolicam
1330 3469 1789 3567 propensioni.
1818 3469 2057 3542 Verum
2084 3484 2152 3541 et
2183 3468 2353 3543 haec
2378 3469 2651 3543 subver-

416 3579 521 3654 sio
546 3580 929 3655 exitialibus
966 3581 1291 3657 doctrinis
1321 3583 1789 3658 Universitatis
1825 3611 2070 3683 magna
2104 3610 2184 3658 ex
2222 3599 2412 3685 parte
2444 3584 2650 3659 debe-

554 3861 653 3924 (66)
688 3863 819 3911 Haec
840 3861 958 3910 mihi
982 3876 1039 3912 ex
1062 3861 1226 3925 Belgio
1245 3875 1273 3909 a
1291 3862 1354 3911 cl.
1374 3860 1762 3925 doctissimoque
1781 3861 1888 3912 viro
1909 3875 1994 3925 per
2013 3862 2266 3926 epistolam
2284 3861 2453 3911 datam
2473 3862 2554 3912 die
2569 3868 2646 3913 ³⁰.

416 3939 649 3991 Decemb.
679 3937 815 3994 1855.
838 3942 1199 3992 communicata
1217 3944 1357 4003 sunt,
1379 3954 1492 3992 cum
1513 3954 1626 3991 eum
1647 3944 1741 3992 hoc
1757 3955 1904 4008 super
1922 3943 2117 4006 negotio
2135 3942 2491 4006 consuluertm3
2511 3945 2562 3994 et
2580 3944 2651 3994 h·

414 4034 527 4073 men
549 4022 717 4084 aliqua
737 4022 933 4072 silentlo
959 4022 1132 4085 pressi.

559 4103 660 4164 (67)
693 4102 822 4151 Satis
860 4104 934 4152 est
975 4102 1053 4151 vel
1092 4102 1263 4152 leviter
1293 4115 1577 4166 percurrere
1602 4101 1793 4152 celebre
1827 4116 1952 4167 opus
1983 4103 2061 4153 ab.
2082 4096 2282 4158 Bar-mel
2306 4139 2322 4164 ,
2352 4102 2432 4153 cui
2451 4104 2528 4153 ut.
2551 4106 2652 4155 Μό-

407 4184 596 4232 motres
622 4194 762 4246 pom·
781 4184 955 4231 servir
985 4181 1020 4231 ὰ
1054 4180 1322 4232 l’mstolre
1341 4181 1415 4232 du
1427 4182 1776 4244 jae-omnimo
1796 4186 2009 4246 quatuor
2029 4182 2130 4233 vol.
2146 4183 2266 4233 in·8.
2279 4183 2580 4248 Hembourg,
2600 4185 2650 4237 et

412 4259 632 4314 hundret
652 4265 790 4312 1798.
805 4261 862 4310 ut
883 4260 1095 4324 quisque
1108 4259 1348 4323 intelligat
1361 4261 1638 4312 animorum
1662 4262 2076 4325 comparationem
2093 4262 2230 4314 nllus
2247 4263 2421 4314 aetatis
2433 4299 2448 4325 ‚
2464 4262 2653 4326 compt-

407 4340 646 4392 rationem
670 4341 996 4393 unlversnlem
1018 4340 1633 4405 pseudo-philosophorum
1655 4341 1891 4392 adversus
1912 4342 2195 4406 religionem
2214 4343 2647 4406 chrlstlanam,seu

408 4420 642 4473 adversus
667 4422 943 4485 ecclesiam,
965 4424 1015 4473 et
1044 4421 1342 4485 impletatem
1373 4421 1519 4486 longe
1549 4422 1744 4486 lateque
1774 4424 2090 4486 grassantem.
