3276 5083
680 361 817 433 294
1085 386 1205 436 us.
1250 387 1293 434 ι.
1338 387 1508 436 sacr.
1553 388 1810 437 Αιτειυι.
1846 387 1924 437 m:
1957 389 2219 438 nimiu.
2255 388 2468 438 civim.

823 504 1118 577 Huiusce
1150 505 1320 603 legis
1355 507 1644 579 fautores
1695 506 1986 580 fatentur
2007 564 2023 593 ,
2069 532 2147 581 se
2176 532 2252 580 se
2286 508 2561 580 omnino
2595 533 2745 582 esse
2781 536 2920 582 ca-

680 623 997 708 tholicos,
1038 619 1404 694 catholicos
1439 645 1593 693 esse
1624 618 1832 705 cives,
1876 647 1993 720 pro
2028 621 2277 720 quibus
2327 622 2432 695 lex
2484 622 2602 695 illa
2651 648 2914 721 propo-

679 740 893 812 nitur:
953 736 1337 833 religionem
1391 762 1466 808 se
1511 735 1616 808 vel
1670 736 2018 807 minimum
2069 736 2335 809 laedere
2384 754 2662 834 negant;
2701 754 2767 811 et
2804 741 2911 811 si-

677 853 812 926 mul
866 849 1176 951 profundi
1232 848 1657 948 philosophi,
1713 849 2137 922 distinctione
2187 851 2354 924 civis
2405 850 2912 951 christianique

679 966 933 1041 suffulti
962 992 1042 1037 ea
1068 960 1327 1036 civibus
1364 963 1759 1061 permittunt
1791 979 1859 1035 et
1893 964 2207 1036 sanciunt
2229 966 2677 1052 matrimonia,
2719 992 2915 1065 quae

677 1101 742 1155 et
790 1077 1256 1155 contrahentes
1306 1091 1373 1149 et
1422 1075 1589 1173 legis
1643 1076 1864 1175 ipsius
1917 1076 2195 1163 latores,
2253 1095 2480 1177 utpote
2530 1080 2844 1153 catholici
2886 1141 2903 1167 ,

678 1197 946 1270 credere
997 1193 1240 1266 debent
1287 1190 1471 1264 nulla
1521 1192 1795 1265 omnino
1844 1218 1924 1265 ac
1973 1193 2162 1265 irrita
2210 1219 2386 1267 esse.
2438 1196 2523 1267 At
2561 1220 2719 1268 vero
2768 1196 2911 1268 hu-

680 1310 969 1385 iusmodi
1024 1306 1563 1408 pseudo-politici
1617 1308 1676 1380 si
1730 1306 1944 1380 nolint
1990 1308 2192 1379 simul
2229 1334 2395 1383 sese
2446 1310 2903 1409 pseudo-phi-

680 1426 998 1525 losophos
1059 1422 1407 1497 ostendere
1442 1480 1458 1508 ‚
1517 1422 1731 1519 logice
1781 1423 1910 1495 sibi
1961 1422 2362 1496 cohaereant
2412 1449 2692 1498 necesse
2735 1441 2843 1499 est
2882 1455 2899 1509 ;

680 1541 984 1638 adeoque
1021 1538 1080 1612 si
1115 1536 1556 1610 christianam
1595 1561 1716 1608 seu
1752 1536 2147 1609 catholicam
2177 1537 2558 1634 religionem
2586 1534 2912 1638 profiten-

680 1648 824 1740 tur,
884 1652 1061 1726 hanc
1110 1652 1419 1723 desinant
1467 1650 1681 1747 legem
1735 1678 2137 1750 proponere,
2195 1653 2299 1725 vel
2352 1654 2410 1726 si
2461 1679 2611 1725 eam
2663 1678 2905 1752 propo-

681 1782 905 1852 nunt,
973 1766 1304 1838 fateantur
1353 1791 1426 1838 se
1478 1791 1609 1838 non
1676 1764 1892 1838 solum
1962 1767 2173 1839 civem
2235 1793 2275 1839 a
2333 1767 2706 1841 christiano
2775 1793 2902 1841 seu

682 1882 1013 1956 catholico
1049 1880 1517 1980 philosophice
1550 1881 2003 1979 distinguere,
2045 1883 2164 1956 sed
2203 1884 2406 1982 impie
2440 1884 2902 1957 antichristia-

686 2024 837 2071 nam
874 1999 1084 2096 legem
1123 1996 1475 2071 catholicis
1512 1998 1877 2097 imponere.
1924 2000 2239 2098 Princeps
2287 2014 2401 2072 aut
2444 1998 2695 2072 desinit
2741 2025 2900 2073 esse

686 2113 1121 2198 christianus,
1165 2138 1495 2211 suumque
1531 2112 1849 2211 populum
1897 2128 2102 2185 totum
2140 2130 2214 2185 ut
2247 2112 2687 2187 christianum
2739 2140 2903 2187 con-

680 2227 1017 2314 siderare,
1075 2243 1190 2299 aut
1241 2225 1782 2299 irrationabiliter
1830 2227 1990 2322 agit,
2047 2225 2207 2298 dum
2259 2227 2668 2301 christianus
2718 2228 2904 2299 chri-

679 2343 914 2415 stianis
966 2341 1129 2415 tales
1181 2341 1362 2438 leges
1413 2340 1747 2440 proponit.
1793 2340 2365 2413 Incohaerentiam
2403 2341 2580 2413 hanc
2612 2341 2893 2439 quidam

679 2457 927 2557 politici
967 2456 1262 2529 sentiunt
1296 2472 1498 2556 atque
1529 2455 1664 2528 alia
1700 2455 1872 2527 facta
1905 2452 2337 2529 distinctione
2372 2456 2762 2556 profitentur
2786 2483 2894 2543 se,

679 2588 876 2669 prout
937 2572 1364 2666 magistratus
1433 2587 1636 2656 sunt,
1696 2595 1846 2643 esse
1893 2570 2098 2643 veluti
2150 2570 2386 2644 atheos
2414 2627 2430 2657 ,
2487 2570 2894 2670 atheamque

680 2710 907 2757 revera
957 2710 1111 2757 esse
1161 2684 1647 2781 legislationem
1673 2742 1690 2772 ,
1746 2685 2002 2759 scilicet
2037 2685 2198 2759 dum
2233 2703 2307 2758 ut
2339 2711 2671 2784 personae
2707 2688 2895 2786 quod

679 2809 869 2871 aiunt
919 2799 1254 2898 privatae,
1314 2799 1698 2896 religionem
1750 2799 2022 2886 colunt,
2079 2819 2152 2874 ut
2202 2827 2528 2900 personae
2579 2801 2896 2900 publicae

684 2940 720 2985 a
758 2914 1082 3013 religione
1131 2913 1629 3013 praescindunt.

828 3031 910 3102 At
943 3055 1172 3103 revera
1224 3030 1551 3129 quidquid
1605 3030 2142 3130 pseudo-politici
2193 3030 2398 3104 verbo
2447 3049 2645 3105 tenus
2696 3031 2905 3131 profi-

684 3163 982 3233 teantur,
1024 3147 1191 3219 satis
1229 3161 1456 3245 aperte
1505 3146 1866 3232 ostendunt
1900 3173 1973 3219 se
2007 3147 2137 3220 hac
2170 3147 2316 3244 lege
2359 3173 2491 3221 non
2517 3148 2743 3222 ‘solum
2783 3173 2910 3246 per

683 3263 949 3336 inanem
993 3261 1504 3335 abstractionem
1543 3289 1582 3332 a
1618 3261 1941 3357 religione
1993 3261 2496 3362 praescindere,
2540 3264 2659 3335 sed
2697 3261 2906 3360 impie

684 3406 831 3451 eam
890 3378 1260 3477 negligere,
1338 3395 1761 3451 contemnere
1812 3404 1891 3450 ac
1942 3377 2335 3477 repudiare,
2391 3378 2571 3477 quod
2623 3377 2902 3477 quidem

680 3494 1048 3624 multiplici
1086 3521 1163 3566 ex
1206 3492 1426 3593 capite
1476 3492 1670 3566 facile
1720 3493 2120 3566 ostenditur.

822 3610 914 3682 Ac
949 3610 1165 3709 primo
1215 3634 1295 3681 ea
1344 3607 1445 3681 lex
1501 3608 1727 3708 prodit
1776 3609 2044 3682 tacitum
2098 3608 2507 3683 christianae
2557 3608 2904 3705 religionis

676 3740 1151 3824 contemptum.
1222 3725 1484 3796 Etenim
1536 3725 1715 3824 quod
1771 3724 2111 3823 quispiam
2163 3749 2245 3795 ex
2289 3724 2722 3809 infirmitate,
2778 3740 2900 3795 aut

678 3839 878 3910 etiam
914 3867 994 3912 ex
1031 3840 1283 3914 malitia
1327 3839 1539 3937 legem
1575 3840 1870 3939 aliquam
1924 3838 2247 3912 ecclesiae
2293 3840 2650 3937 infringat,
2692 3838 2903 3939 probe

680 3952 1074 4050 intelligitur
1123 3956 1190 4027 id
1244 3955 1392 4028 sine
1452 3952 1794 4051 religionis
1856 3971 2243 4055 contemptu
2298 3953 2440 4026 fleri
2495 3979 2731 4053 posse;
2788 3978 2896 4025 ve-

678 4095 821 4141 rum
870 4070 1048 4168 quod
1097 4072 1252 4171 quis
1300 4088 1372 4144 ut
1422 4071 1769 4144 honestam
1807 4088 2138 4170 proponat
2172 4096 2251 4144 ac
2289 4070 2583 4143 vindicet
2632 4069 2844 4166 legem
2873 4126 2890 4150 ,

674 4211 847 4283 quae
899 4186 1201 4282 religioni
1253 4187 1501 4261 directe
1550 4188 1969 4271 adversetur,
2015 4187 2078 4258 id
2117 4204 2294 4259 certe
2328 4188 2476 4261 sine
2506 4200 2896 4284 contemptu

675 4302 906 4374 saltem
959 4303 1156 4375 tacito
1206 4302 1422 4375 facere
1473 4329 1603 4374 nen
1658 4318 1893 4400 potest.
