3276 5083
762 503 903 552 car.
939 501 984 551 1.
1019 502 1097 550 nc
1134 499 1391 552 numu.
1434 498 1658 550 civms
1698 498 1964 548 mrum.
1999 499 2138 548 aar.
2171 497 2265 547 111.
2472 474 2609 545 233

405 623 764 697 theoretice
829 619 971 693 sive
1021 616 1310 716 practice
1364 641 1470 687 res
1521 630 1857 713 spectetur
1896 672 1911 701 ,
1970 615 2350 710 coniugium
2422 613 2618 687 civile

407 736 826 837 polygamiae
878 733 1113 806 saltem
1165 730 1489 803 materiali
1533 755 1611 802 ac
1656 729 1851 827 legali
1905 730 2159 814 favere,
2216 729 2282 800 in
2334 755 2619 827 eamque

407 853 753 936 inducere,
800 848 1101 946 adeoque
1139 862 1213 918 ut
1259 845 1521 918 duobus
1572 845 1761 918 hisce
1809 843 2108 919 articulis
2155 842 2607 930 ostendimus,

406 964 658 1064 duplici
694 961 1042 1036 christiani
1093 959 1492 1032 matrimonii
1544 959 1972 1058 proprietati,
2026 958 2339 1030 nimirum
2373 957 2613 1030 unitati

409 1095 473 1151 et
522 1074 1089 1152 indissolubilitati
1117 1131 1134 1160 ,
1191 1073 1571 1146 adversari..

1229 1305 1659 1365 ARTICULUS.
1704 1307 1798 1362 iv,

521 1469 948 1529 Matrimonium
980 1469 1152 1528 civile
1177 1475 1385 1528 natura
1401 1484 1506 1527 sua
1534 1468 1873 1528 adversatur
1910 1466 2168 1544 publicae
2197 1467 2507 1543 honestati,

797 1567 1130 1643 inducitque
1173 1568 1232 1625 in
1274 1572 1528 1643 apertam
1571 1581 1800 1625 morum
1844 1566 2247 1642 corruptelam.

551 1770 618 1841 Si
672 1769 1169 1842 matrimonium
1219 1767 1415 1840 civile
1468 1782 1704 1840 natura
1747 1791 1871 1840 sua
1911 1766 2126 1865 turpis
2159 1781 2264 1839 est
2307 1765 2620 1838 concubi-

411 1901 604 1958 natus
629 1900 694 1957 et
716 1883 1067 1957 christiani
1106 1883 1508 1956 matrimonii
1546 1883 1989 1966 sanctitatem,
2030 1880 2375 1967 unitatem,
2410 1881 2622 1952 indis-

411 1999 1022 2097 solubilitatemque
1078 1997 1471 2082 contemnit,
1534 2014 1729 2096 prout
1777 1997 2098 2069 hactenus
2149 1996 2614 2080 ostendimus,

411 2113 638 2185 multis
688 2139 857 2213 opus
902 2140 1032 2185 non
1068 2130 1177 2187 est
1208 2129 1281 2185 ut
1323 2113 1731 2210 intelligatur
1765 2111 2099 2211 pessimos
2143 2111 2299 2184 inde
2341 2112 2622 2184 effectus

415 2226 792 2300 necessario
840 2227 994 2299 oriri
1044 2225 1287 2299 debere
1311 2283 1325 2310 ,
1384 2224 1720 2324 publicam
1773 2251 2014 2323 nempe
2065 2224 2452 2324 nequitiam,
2484 2223 2625 2296 soe-

414 2339 706 2438 damque
755 2365 1009 2412 morum
1060 2338 1499 2439 corruptelam
1520 2396 1536 2427 ,
1578 2365 1658 2413 ac
1698 2338 2018 2439 paulatim
2069 2337 2360 2411 familiae
2409 2337 2623 2411 socie-

415 2456 704 2556 tatisque
745 2455 1028 2528 ruinam.

555 2571 649 2643 Ac
701 2569 953 2670 primo,
1010 2571 1190 2670 quod
1239 2570 1471 2643 attinet
1502 2570 1588 2643 ad
1625 2569 1962 2669 publicam
2015 2570 2455 2656 honestatem,
2513 2568 2622 2641 cui

413 2685 752 2760 adversari
791 2686 1084 2758 diximus
1112 2685 1491 2783 coniugium
1527 2684 1750 2771 civile,
1783 2703 2043 2785 oportet
2066 2702 2218 2760 ante
2244 2684 2467 2757 omnia
2501 2684 2626 2757 ho-

413 2802 688 2875 nestatis
743 2800 1048 2900 publicae
1099 2801 1398 2874 notitiam
1451 2803 1899 2900 praemittere.
1948 2799 2128 2874 Haec
2177 2826 2375 2899 porro
2425 2798 2622 2872 alicui

415 2914 711 2986 societati
767 2915 990 2989 inesse
1040 2931 1377 2999 censetur,
1419 2941 1570 2987 cum
1604 2914 1851 2988 civium
1903 2916 2201 2990 actiones
2249 2913 2627 3011 diriguntur

415 3041 483 3097 et
511 3026 902 3100 ordinantur
938 3028 1025 3100 ad
1059 3027 1353 3126 regulam
1398 3044 1612 3101 rectae
1660 3029 1939 3103 rationis
1992 3055 2030 3102 a
2081 3029 2397 3127 religione
2435 3054 2628 3127 prae-

416 3140 642 3210 sertim
693 3138 1058 3213 illustratae
1105 3157 1305 3240 atque
1358 3140 1698 3215 suffultae.
1747 3144 1886 3215 lam
1926 3169 2083 3216 vero
2125 3167 2245 3242 per
2291 3142 2626 3215 connubia

417 3251 639 3324 civilia
685 3253 987 3328 eiusdem
1034 3254 1210 3329 laedi
1261 3254 1594 3355 publicam
1658 3255 2071 3331 honestatem
2123 3256 2426 3329 evincere
2468 3281 2628 3354 ope-

417 3392 639 3439 rosum
690 3394 823 3441 non
883 3385 1009 3441 est.

557 3483 816 3556 Etenim
870 3483 1124 3558 firmior
1172 3483 1258 3557 ad
1307 3486 1741 3559 continendos
1792 3485 2075 3587 populos
2124 3484 2412 3569 habena,
2461 3509 2545 3556 ne
2585 3510 2627 3556 a

416 3597 674 3668 tramite
736 3596 1103 3673 honestatis
1166 3600 1515 3688 diffluant,
1583 3603 1881 3676 omnium
1934 3628 2267 3675 consensu
2314 3617 2382 3673 et
2428 3626 2629 3699 expe-

415 3710 652 3782 rientia
692 3708 1005 3797 docente,
1053 3731 1157 3786 est
1205 3714 1461 3812 religio.
1512 3715 1674 3787 Cum
1721 3716 1929 3803 haec,
1986 3733 2102 3789 aut
2142 3740 2453 3817 parvam,
2512 3731 2631 3806 aut

414 3824 664 3898 nullam
715 3844 975 3900 exercet
1020 3830 1151 3901 vim
1205 3831 1273 3900 in
1327 3831 1671 3902 hominum
1707 3830 2119 3916 voluntates,
2162 3831 2295 3930 ipsi
2333 3847 2628 3930 spectata

411 3939 653 4013 actuali
692 3957 1044 4039 corruptae
1085 3960 1361 4016 naturae
1399 3945 1816 4030 conditione,
1865 3945 2045 4018 illico
2080 3946 2149 4017 in
2188 3945 2352 4020 vitia
2387 3964 2622 4033 ruunt,

413 4056 735 4153 pudorem
788 4057 1167 4142 excutiunt,
1222 4059 1670 4132 conscientiae
1713 4086 2014 4133 normam
2068 4060 2448 4159 negligunt,
2494 4063 2629 4136 imo

411 4171 816 4268 proculcant.
872 4173 1071 4244 Porro
1109 4198 1229 4270 per
1277 4173 1697 4247 matrimonia
1743 4173 2006 4259 civilia,
2063 4174 2369 4277 deposita
2408 4176 2628 4252 omnis

412 4289 782 4362 sanctitatis
819 4290 1067 4374 forma,
1124 4314 1302 4386 quae
1347 4290 1734 4389 coniugium
1785 4291 2083 4380 comitari
2144 4293 2452 4381 deberet,
2510 4320 2631 4393 pe-

414 4403 689 4479 riculum
741 4424 843 4481 est
891 4434 974 4480 ne
1021 4433 1174 4480 cum
1229 4405 1544 4501 religione
1583 4436 1662 4483 ac
1702 4410 1821 4482 Dei
1874 4410 2106 4484 timore
2129 4469 2143 4497 ,
2194 4412 2395 4485 etiam
2436 4425 2629 4483 natu·
2683 4439 2689 4450 ·
