3276 5083
718 456 855 528 428
1102 479 1225 528 ιιιι.
1269 478 1316 527 1.
1357 477 1531 527 secr.
1574 477 1835 527 amem.
1879 478 1959 527 ns
2012 477 2274 528 numu.
2320 478 2534 529 civim.

714 596 841 669 lint
878 594 1397 669 catholicitatem
1432 620 1699 669 servare
1721 654 1736 683 ,
1776 595 2024 670 debent
2057 595 2384 669 ecclesiae
2411 596 2695 670 subesse
2744 598 2969 698 eique

715 712 786 784 in
820 709 1285 811 spiritualibus
1315 737 1549 811 parere
1575 712 1751 784 sicut
1777 712 2018 810 privati
2056 737 2317 786 omnes.
2345 710 2658 786 Christus
2688 715 2970 814 quippe

716 826 976 928 absque
1008 826 1399 927 exceptione
1432 826 1572 900 ulla
1604 826 1777 899 dixit
1799 826 2144 927 Apostolis
2180 854 2261 902 ac
2298 828 2579 927 proinde
2610 828 2965 926 legitimis

717 969 949 1019 eorum
998 942 1505 1018 successoribus
1548 974 1561 1014 :
1627 973 1663 1012 α
1703 942 1957 1018 Euntes
2009 944 2244 1019 docete
2294 971 2529 1019 omnes
2580 960 2846 1043 gentes.
2871 1006 2886 1017 .
2908 1005 2924 1017 .
2946 1007 2961 1018 .

718 1059 1033 1135 docentes
1068 1085 1183 1134 eos
1220 1085 1490 1133 servare
1521 1059 1750 1134 omnia
1782 1085 2250 1160 quaecumque
2300 1060 2614 1134 mandavi
2663 1061 2904 1134 vobis.
2925 1094 2965 1131 s

717 1175 1094 1275 iisdemque
1127 1173 1411 1249 contulit
1442 1190 1838 1275 potestatem
1874 1175 2323 1274 legislativam
2346 1235 2362 1265 ,
2403 1178 2510 1250 cui
2546 1202 2785 1250 omnes
2824 1176 2964 1250 filii

719 1291 996 1367 obedire
1036 1306 1365 1365 tenentur.
1424 1292 1561 1364 Nec
1601 1291 1780 1365 valet
1828 1292 2186 1365 coarctatio
2237 1293 2353 1366 illa
2379 1349 2395 1380 ‚
2456 1319 2592 1393 qua
2641 1292 2910 1366 dicitur
2948 1353 2964 1381 ,

720 1423 1073 1508 utramque
1110 1420 1506 1507 potestatem
1552 1406 2113 1505 independentem
2149 1433 2303 1480 esse
2338 1409 2512 1480 intra
2548 1407 2717 1481 fines
2753 1435 2964 1483 suos.

723 1521 1053 1609 Quisnam
1105 1521 1233 1594 erit
1282 1520 1483 1594 iudex
1533 1520 1774 1595 horum
1816 1521 2101 1619 finium?
2131 1520 2354 1594 Dubia
2379 1578 2395 1609 ,
2437 1522 2688 1618 iurgia,
2740 1549 2970 1622 quae·

722 1637 979 1712 stiones
1025 1636 1224 1710 vitari
1262 1634 1458 1708 facile
1496 1652 1849 1736 poterunt,
1885 1635 1942 1708 si
1972 1635 2392 1735 respublicae
2417 1662 2495 1710 ac
2521 1662 2730 1734 regna
2757 1665 2972 1735 agere

719 1752 901 1827 bona
925 1752 1060 1825 fide
1095 1750 1343 1838 velint;
1387 1776 1518 1825 non
1566 1767 1788 1824 autem
1816 1752 1875 1822 si
1905 1776 2236 1849 usurpare
2270 1752 2741 1825 attentaverint
2772 1753 2970 1851 quod

724 1867 1018 1942 alienum
1072 1883 1198 1942 est.

870 1984 1042 2058 Pace
1094 2010 1255 2059 vero
1310 1984 1594 2059 oratoris
1648 1985 1906 2070 nostri,
1969 1986 2464 2059 matrimonium
2527 1984 2708 2084 quod
2771 2010 2971 2059 mere

727 2098 925 2175 civile
966 2100 1250 2186 dicitur,
1305 2100 1579 2199 proprie
1620 2099 1715 2170 nil
1769 2100 1956 2172 aliud
2008 2117 2151 2187 est,
2209 2126 2415 2198 quam
2470 2104 2679 2197 turpia
2731 2127 2970 2172 concu-

730 2215 989 2288 binatus
1015 2272 1035 2301 ,
1105 2213 1500 2314 reprobatus
1548 2240 1589 2286 a
1628 2214 1768 2287 Deo
1820 2232 1885 2288 et
1932 2215 2017 2287 ab
2065 2215 2398 2301 ecclesia;
2456 2216 2968 2289 concubinatum

726 2329 1121 2429 singillatim
1183 2354 1474 2429 eumque
1524 2344 1781 2429 turpem
1832 2331 2095 2403 vocavit
2143 2331 2300 2403 Pius
2354 2331 2464 2401 lx.
2523 2347 2597 2404 ut
2648 2358 2774 2404 suo
2817 2331 2973 2406 loco

724 2445 1045 2521 vidimus.
1075 2445 1309 2545 ltaque
1370 2470 1503 2517 non
1540 2442 1677 2517 alio
1711 2444 1982 2517 nomine
2018 2444 2329 2541 insigniri
2366 2444 2750 2543 coniugium
2799 2445 2972 2520 illud

729 2576 951 2662 potest
981 2578 1049 2635 et
1082 2561 1315 2647 debet;
1376 2586 1500 2633 nec
1551 2560 1686 2633 nisi
1727 2588 1847 2661 per
1887 2560 2071 2634 vocis
2117 2561 2404 2634 abusum
2459 2575 2680 2661 potest
2729 2568 2970 2636 matri-

726 2680 1016 2750 monium
1065 2676 1230 2762 dici,
1281 2702 1434 2750 cum
1472 2676 1604 2749 tale
1640 2702 1775 2751 non
1813 2678 1923 2750 sit.

877 2793 1073 2865 Errat
1126 2793 1328 2866 etiam
1378 2806 1600 2865 orator
1649 2790 1809 2864 dum
1861 2808 2051 2891 putat
2098 2792 2246 2864 dari
2296 2793 2364 2862 in
2418 2793 2707 2865 ecclesia
2761 2820 2968 2893 posse

733 2907 1233 2980 matrimonium
1292 2933 1521 2980 verum
1575 2932 1655 2979 ac
1707 2905 2079 3004 legitimum
2134 2906 2251 2979 sed
2307 2934 2441 2981 non
2493 2924 2735 2980 ratum.
2797 2910 2970 2982 Nam

735 3022 866 3096 hoc
910 3021 1063 3121 ipso
1114 3020 1295 3121 quod
1348 3020 1649 3094 fidelium
1709 3020 2118 3096 connubium
2170 3049 2404 3095 verum
2459 3041 2563 3098 est
2613 3050 2694 3097 ac
2745 3024 2972 3121 legiti-

735 3165 920 3212 mum
955 3195 969 3225 ,
1028 3152 1133 3210 est
1181 3136 1384 3210 etiam
1433 3153 1694 3224 ratum;
1750 3138 1808 3210 si
1862 3152 2078 3209 ratum
2115 3163 2247 3212 non
2285 3137 2483 3211 suerit
2509 3198 2525 3225 ‚
2583 3165 2804 3240 neque
2847 3165 2971 3213 ve—

736 3281 885 3328 rum
919 3254 1049 3327 erit
1080 3278 1299 3353 neque
1332 3251 1727 3351 legitimum.
1755 3253 2255 3325 'Matrimonium
2302 3270 2519 3327 ratum
2553 3271 2773 3354 potest
2806 3280 2971 3329 esse

734 3368 995 3444 licitum
1062 3384 1177 3441 aut
1241 3366 1545 3440 illicitum
1581 3426 1596 3454 ,
1653 3392 1733 3440 ac
1783 3367 2069 3440 fortasse
2120 3366 2249 3440 hoc
2307 3368 2694 3464 significare
2749 3367 2970 3442 voluit

737 3500 959 3560 orator
1009 3499 1256 3558 noster.
1300 3483 1422 3557 Ast
1471 3482 1658 3556 aliud
1709 3499 1814 3557 est
1863 3483 2217 3582 quidpiam
2251 3508 2406 3556 esse
2440 3481 2695 3557 licitum
2731 3501 2848 3557 aut
2880 3484 2971 3555 il-

738 3741 838 3782 noa
861 3731 1029 3780 antem
1060 3728 1268 3780 ecclesia
1303 3728 1565 3791 receperit,
1588 3739 1675 3777 seu
1706 3726 1960 3777 admiserit
1987 3727 2356 3791 rempublicam.
2380 3730 2505 3778 Nam
2525 3726 2770 3779 eiusmodi
2790 3727 2980 3791 princ-i-

736 3808 874 3871 pium
888 3809 964 3859 est
981 3811 1152 3861 eontra
1172 3808 1446 3858 historiam.
1463 3807 1632 3858 velint
1651 3807 1812 3857 nolint
1823 3806 2066 3858 eiusmodi
2079 3807 2322 3871 homines,
2344 3808 2551 3858 ecclesia
2568 3807 2727 3871 reipsa
2742 3808 2794 3857 in
2807 3807 2980 3858 sinum

733 3901 880 3940 suum
900 3888 1085 3953 recepit
1101 3900 1332 3952 regnum,
1362 3888 1449 3939 aut
1472 3886 1828 3951 rempublicam
1844 3925 1859 3950 ,
1891 3889 1940 3938 et
1968 3900 2054 3951 per
2082 3887 2382 3952 baptismum
2405 3888 2659 3952 cooptavit
2680 3888 2787 3939 sive
2810 3887 2977 3953 priva·

735 3970 817 4020 tos
835 3970 942 4021 sive
961 3968 1222 4034 principes.
1247 3971 1360 4032 lpsa
1381 3968 1554 4018 contra
1573 3968 1850 4032 principum
1879 3966 2184 4018 voluntatem
2214 3981 2363 4032 regna
2392 3968 2667 4032 penetravit
2707 3982 2796 4033 per
2829 3980 2980 4018 evau-

737 4047 946 4112 gelicam
969 4046 1397 4112 praedicationem.
1422 4048 1586 4104 Quum
1617 4046 1863 4111 principes
1905 4046 2106 4097 admissi
2147 4047 2199 4097 in
2230 4048 2437 4099 ecclesia
2466 4050 2607 4112 sunt,
2629 4048 2980 4113 utplurimum

734 4127 835 4178 iam
853 4140 1031 4192 magna
1046 4127 1356 4178 subditorum
1378 4139 1493 4190 pars
1513 4124 1575 4175 ad
1599 4138 1766 4176 veram
1791 4124 2076 4190 religionem
2097 4128 2374 4177 transierat.
2398 4128 2524 4178 Saue
2545 4140 2702 4191 quum
2725 4125 2979 4192 praedica·

734 4208 808 4258 tio
826 4206 1109 4272 evangelica
1129 4206 1436 4259 disseminari
1455 4205 1644 4270 coepit,
1668 4205 1918 4268 quomodo
1939 4206 2183 4271 principes
2202 4209 2498 4272 exceperunt
2521 4208 2762 4272 evangelii
2786 4220 2980 4272 praeco-

738 4290 865 4338 nes?
903 4286 1080 4351 virgis,
1109 4286 1395 4348 securibus,
1428 4284 1676 4350 equuleis,
1700 4285 1934 4349 omnique
1953 4287 2309 4338 tormentorum
2331 4289 2568 4352 apparatu
2591 4299 2651 4338 ac
2666 4288 2827 4337 morte
2848 4286 2975 4350 ipsa.

742 4365 937 4417 Devicti
957 4364 1177 4428 tandem,
1196 4365 1248 4415 et
1270 4364 1362 4429 ipsi
1376 4363 1657 4415 debuerunt
1675 4363 1916 4415 cervicem
1936 4364 2157 4427 flectere,
2175 4367 2225 4416 et
2252 4379 2338 4417 eos
2361 4367 2542 4431 recepit
2571 4366 2779 4418 ecclesia
2819 4364 2977 4417 admi·

739 4446 902 4510 sitque
924 4445 987 4496 ad
1012 4458 1206 4497 sacrum
1230 4445 1480 4496 lavacrum
1502 4446 1553 4496 et
1569 4444 1822 4508 cooptavit
1841 4444 1891 4497 in
1911 4445 2042 4496 tilios
2064 4458 2197 4496 suos.
