3276 5083
647 476 787 526 cir.
833 475 902 525 ιι.
950 477 1029 526 nn
1076 468 1392 526 mmsrao.
1436 477 1574 526 Aur.
1620 478 1666 526 ι.
1711 477 1969 537 ουᾼεετ.
2012 481 2221 530 onico.
2497 461 2583 530 65

500 594 943 668 Stambachus
968 593 1402 668 Wendelinus
1440 596 1679 695 Suppl.
1705 612 2033 668 comment.
2079 597 2406 671 Gabrielis
2450 600 2588 672 Biel

358 710 431 782 in
492 712 558 781 4.
593 711 768 783 Sent.
809 709 972 783 dist.
1019 711 1132 782 27.
1181 740 1216 779 «ι
1245 709 1631 783 consensus
1682 711 2213 785 contrahentium
2238 771 2276 799 ‚.
2313 714 2531 813 inquit
2566 773 2580 799 ‚

359 840 469 897 est
515 851 715 898 causa
761 824 1069 898 efficiens
1121 824 1523 897 matrimonii
1575 826 1769 920 (27)»
1821 840 1886 898 et
1921 825 2172 898 «debet
2212 852 2363 899 esse
2410 843 2588 901 exte—

363 939 508 1012 rius
555 939 1051 1025 manifestatus,
1109 939 1271 1037 quia
1333 955 1750 1013 sacramenta
1815 956 1970 1013 sunt
2032 942 2228 1038 signa
2298 942 2588 1014 sensibi-

362 1053 454 1126 lia
485 1056 715 1148 (28).»

502 1170 900 1245 Franciscus
963 1168 1237 1244 Orando
1285 1169 1597 1268 Mogillon
1657 1171 1742 1243 de
1793 1172 2082 1244 Paredes
2143 1173 2213 1243 in
2280 1174 2346 1243 4.
2399 1175 2579 1246 Sent

358 1284 522 1356 dist.
565 1286 679 1355 27.
727 1309 921 1381 prop.
956 1284 1041 1354 11.
1077 1283 1207 1355 ait:
1257 1282 1531 1356 «Causa
1582 1283 1886 1357 efficiens
1940 1276 2437 1359 matrimonium
2488 1309 2591 1361 est

363 1423 732 1471 consensus
781 1412 1050 1471 mutuus
1100 1399 1455 1496 coniugum
1495 1424 1855 1496 expressus
1891 1425 2011 1497 per
2041 1399 2245 1472 verba
2280 1399 2365 1473 de
2400 1429 2590 1501 prae-

364 1512 539 1584 senti
572 1513 744 1607 (29).
783 1542 821 1581 ιο
853 1511 937 1584 Et
961 1512 1118 1585 dist.
1157 1514 1271 1584 28.
1307 1511 1571 1585 subdit:
1619 1541 1655 1605 σι
1687 1511 2115 1585 clandestina
2166 1515 2590 1589 matrimonia

364 1625 633 1698 fuerunt
695 1651 889 1712 vera,
948 1641 1089 1698 rata
1127 1641 1192 1698 et
1235 1626 1422 1697 firma
1481 1640 1633 1697 ante
1693 1626 2049 1698 concilium
2112 1626 2584 1715 tridentinum,

366 1755 518 1838 post
567 1740 749 1813 istud
790 1755 947 1812 sunt
997 1740 1149 1838 ipso
1198 1740 1342 1811 iure
1393 1739 1575 1812 nulla
1609 1741 1836 1835 (30).»

503 1854 887 1954 Stephanus
936 1853 1219 1927 Brulifer
1268 1879 1388 1927 seu
1437 1854 1817 1927 Brulever
1800 1882 1869 1926 ιιι
1928 1856 1992 1926 4.
2036 1854 2194 1927 dist.
2242 1859 2355 1955 26.
2399 1859 2471 1954 §.
2512 1860 2577 1928 1.

362 1969 641 2042 scribit.
705 1998 742 2039 α
773 1970 1274 2042 Sacramentum
1336 1983 1558 2041 autem
1623 1969 2029 2041 matrimonii
2082 1984 2186 2041 est
2242 1972 2589 2068 expressio

362 2102 692 2160 certorum
742 2085 1095 2160 verborum
1134 2086 1240 2158 vel
1280 2088 1624 2182 signorum
1675 2087 1882 2159 maris
1925 2101 1991 2158 et
2030 2085 2360 2159 foeminae
2395 2086 2480 2160 ad
2517 2115 2592 2160 se

368 2202 660 2274 invicem
711 2202 1233 2299 significantium
1278 2202 1701 2276 traditionem
1747 2215 2015 2272 mutuae
2059 2202 2406 2297 potestatis
2445 2227 2592 2274 cor-

370 2341 683 2414 porum.»
710 2316 793 2388 Et
824 2316 1027 2416 paulo
1069 2331 1220 2415 post
1259 2314 1480 2388 addit:
1529 2344 1564 2384 α
1587 2316 1664 2386 Ιιι
1691 2316 1842 2413 ipso
1868 2329 2283 2387 sacramento
2325 2316 2590 2411 signum

366 2446 474 2502 est
506 2428 778 2503 verbum
820 2429 939 2531 vel¹
967 2446 1204 2502 nutus:
1247 2427 1451 2502 verba
1489 2443 1682 2501 sunt:
1723 2429 1822 2500 Do
1856 2430 1921 2499 si
1950 2427 2145 2512 desp»
2178 2443 2245 2499 et
2268 2427 2427 2501 dist.
2468 2431 2583 2501 27.

363 2573 433 2645 q.
473 2549 540 2618 3.
579 2575 616 2616 α
647 2545 1033 2619 Consensus
1074 2561 1179 2619 est
1218 2571 1422 2619 causa
1471 2545 1906 2618 matrimonii.
1942 2604 1954 2617 .
1985 2604 1998 2617 .
2032 2602 2047 2617 .
2071 2560 2137 2617 ot
2169 2569 2302 2617 non
2339 2545 2592 2620 sufficit

362 2686 732 2735 consensus
783 2659 1038 2734 vocalis
1088 2660 1238 2733 sine
1287 2660 1557 2733 mentali
1592 2717 1608 2747 ,
1667 2659 1828 2759 quia
1878 2660 1947 2730 in
1998 2660 2311 2733 omnibus
2369 2687 2593 2734 sacra-

366 2778 611 2851 mentis
663 2777 1027 2877 requiritur
1075 2777 1355 2850 intentio
1414 2776 1703 2850 faciendi
1755 2775 1936 2876 quod
1986 2776 2145 2849 facit
2180 2776 2538 2850 ecclesia.»
2573 2835 2580 2844 .

510 2892 830 2965 Nicolaus
872 2891 958 2964 de
997 2890 1289 2966 Orbellis
1331 2893 1401 2963 in
1451 2894 1515 2963 4.
1550 2890 1709 2964 dist.
1748 2892 1863 2962 27.
1895 2917 1971 2989 q.
2008 2893 2073 2961 1.
2116 2890 2337 2963 «Cum
2366 2892 2597 2965 matri-

366 3007 664 3079 monium
716 3008 808 3079 sit
857 3021 1345 3080 sacramentum
1399 3005 1484 3078 de
1532 3006 1726 3079 cuius
1778 3006 2034 3077 ratione
2082 3021 2220 3091 est,
2270 3005 2453 3105 quod
2505 3008 2595 3078 sit

366 3120 638 3218 signum
691 3121 1048 3208 sensibile,
1106 3137 1364 3220 oportet
1412 3147 1815 3195 consensum
1869 3120 2424 3193 matrimonialem
2475 3146 2595 3219 per

373 3238 574 3310 verba
622 3238 731 3310 vel
781 3236 916 3310 alia
968 3237 1165 3335 signa
1214 3237 1572 3335 exprimi.»

510 3353 607 3425 Io.
642 3350 891 3424 Paulus
918 3349 1377 3424 Palanterius
1360 3377 1429 3422 ιιι
1463 3353 1529 3422 4.
1553 3350 1711 3423 dist.
1743 3352 1857 3420 27.
1878 3364 2041 3422 sect.
2059 3349 2290 3421 CXIII.
2319 3347 2593 3433 «Quae-

369 3463 528 3537 dam
579 3476 735 3538 sun‘t
785 3463 871 3538 de
919 3464 1317 3540 sacramenti
1373 3465 1807 3550 necessitate,
1857 3479 1922 3536 et
1963 3462 2296 3562 quaedam
2348 3461 2433 3533 de
2484 3487 2592 3535 so-

368 3578 729 3652 lemnitate.
749 3581 824 3651 In
840 3579 1246 3668 matrimonii
1274 3578 1713 3652 substantiam
1734 3593 1837 3651 est
1851 3603 2221 3652 consensus
2249 3603 2370 3675 per
2392 3576 2594 3649 verba

366 3692 457 3766 de
507 3695 838 3791 praesenti
890 3719 1249 3794 expressus
1268 3722 1306 3763 ι
1346 3707 1413 3766 et
1444 3693 1724 3766 iterum:
1776 3723 1810 3762 α
1833 3707 2320 3767 sacramentum
2363 3691 2591 3762 matri-

366 3808 577 3881 monii
627 3824 734 3882 est
778 3810 1123 3908 expressio
1172 3808 1523 3882 verborum
1577 3809 1784 3881 maris
1828 3821 1894 3880 et
1939 3808 2270 3883 foeminae
2320 3807 2592 3904 signan-

364 3921 528 3994 tium
584 3921 1007 3996 traditionem
1058 3938 1327 3997 mutuae
1379 3921 1727 4021 potestatis
1760 3923 1988 4016 (31).»

509 4110 615 4172 (27)
646 4111 764 4173 Pag.
792 4113 897 4160 144.

509 4187 612 4251 με)
643 4191 760 4253 Peg.
796 4192 900 4240 1⁴⁶.
923 4189 1019 4239 σοι.
1049 4197 1087 4240 ι.

508 4268 612 4331 (29)
642 4269 747 4320 1²01.
774 4276 821 4320 5.
844 4282 973 4320 vers.

510 4346 613 4410 (³0)
645 4347 747 4398 Fol.
776 4356 823 4400 9.

511 4426 613 4490 (ιι)
646 4429 1000 4491 pagata-³³5.
