3276 5083
728 487 866 537 cu.
900 484 990 535 vi.
1026 485 1105 535 1111
1150 484 1352 537 lustr.
1398 486 1621 538 coma.
1668 487 1743 536 111·
1790 487 1970 538 sien.
2012 488 2150 537 1111.
2185 488 2255 538 11.
2466 466 2596 537 201

385 606 522 680 lica
579 604 882 678 doctrina
930 620 995 676 et
1055 602 1507 701 theologorum
1570 604 1867 678 omnium
1935 607 2263 679 sententia
2321 608 2609 707 spectari

386 723 639 795 debeat
667 721 765 794 uti
809 719 1090 793 materia
1117 723 1427 818 proxima
1446 776 1463 805 ,
1506 746 1683 820 quae
1716 722 2113 820 adipiscitur
2146 722 2466 796 rationem
2502 750 2611 797 sa-

392 836 711 910 cramenti
766 834 835 906 in
891 852 1042 907 actu
1099 835 1250 934 ipso
1296 861 1431 935 quo
1480 835 1854 910 celebratur
1901 837 2307 935 coniugium.
2358 838 2613 912 Idcirco

391 954 488 1024 ita
512 977 586 1025 se
610 950 814 1023 habet
846 966 1222 1023 contractus
1248 951 1335 1024 ad
1363 968 1853 1026 sacramentum
1880 1010 1895 1039 ,
1936 952 2502 1051 quemadmodum
2537 979 2615 1027 se

389 1066 594 1139 babet
643 1065 892 1137 ablutio
927 1064 997 1135 in
1031 1063 1612 1139 administratione
1661 1065 2002 1166 baptismi.
2038 1066 2206 1140 Cum
2254 1093 2413 1142 vero
2456 1068 2613 1142 talis

387 1178 646 1253 ablutio
700 1203 740 1249 a
791 1194 1207 1251 sacramento
1254 1178 1580 1275 distingui
1631 1195 1956 1279 nequeat,
2017 1181 2178 1281 quia
2228 1182 2299 1255 in
2349 1207 2430 1254 ea
2475 1208 2613 1256 una

386 1319 542 1366 cum
587 1293 800 1366 forma
852 1292 1167 1390 apposita
1204 1292 1605 1366 sacramenti
1642 1294 1935 1367 essentia
1974 1295 2315 1382 consistit,
2355 1296 2449 1369 ita
2483 1322 2614 1371 non

388 1423 611 1507 potest
655 1406 980 1504 distingui
1047 1422 1425 1480 contractus
1475 1406 1846 1504 coniugalis
1897 1434 1936 1480 a
1986 1424 2406 1483 sacramento
2462 1411 2617 1510 ipso

392 1521 830 1608 matrimonii,
871 1521 1034 1620 quia
1060 1520 1132 1593 in
1158 1546 1264 1609 eo,
1295 1520 1411 1593 ubi
1446 1520 1814 1596 celebretur
1846 1521 1973 1595 sub
2007 1522 2253 1598 debitis
2288 1525 2616 1602 conditio-

395 1635 631 1722 nibus,
687 1635 985 1708 essentia
1034 1635 1432 1709 sacramenti
1476 1636 1884 1709 matrimonii
1934 1638 2293 1712 constituta
2335 1656 2459 1715 est.

538 1752 635 1824 Ne
683 1766 906 1824 autem
937 1748 1289 1824 videamur
1322 1751 1391 1823 id
1425 1754 1716 1848 gratuito
1750 1752 2125 1842 affirmare,
2165 1755 2407 1830 iuverit
2441 1755 2615 1830 hanc

391 1865 764 1939 doctrinam
799 1864 1206 1938 ineluctabili
1239 1865 1587 1941 adstruere
1620 1874 2011 1941 auctoritate
2047 1895 2106 1942 s.
2139 1870 2466 1959 Thomas,⁴
2494 1872 2613 1972 qui

390 2006 772 2080 proponens
838 1980 1208 2054 doctrinam
1271 2007 1395 2054 sua
1463 1997 1680 2056 aetate
1735 1981 2068 2080 vigentem
2131 1984 2310 2058 circa
2368 2010 2614 2085 aquam

394 2094 713 2194 baptismi
739 2095 907 2168 haec
930 2094 1017 2169 ad
1043 2120 1183 2168 rem
1211 2110 1506 2168 nostram
1535 2096 1804 2170 scribit:
1833 2127 1866 2167 (ι
1884 2092 2171 2183 Quidam
2197 2099 2618 2174 existimave—

400 2212 578 2296 runt,
608 2209 829 2308 quod
813 2235 963 2310 ipsa
989 2235 1166 2308 aqua
1191 2208 1282 2282 sit
1306 2226 1851 2282 sacramentum..
1869 2211 2064 2285 .Sed
2100 2211 2229 2285 hoc
2263 2238 2397 2285 non
2430 2213 2617 2286 vide—

400 2341 512 2398 tur
534 2349 689 2397 esse
707 2349 958 2398 verum.
975 2324 1142 2397 Cum
1168 2324 1348 2396 enim
1374 2340 1793 2398 sacramenta
1811 2350 2022 2399 novae
2046 2325 2213 2423 legis
2240 2326 2620 2401 sanctifica-

399 2439 647 2511 tionem
680 2437 1040 2537 quamdam
1074 2453 1432 2537 operentur
1452 2495 1468 2525 ,
1501 2437 1595 2509 ibi
1621 2438 1966 2537 perficitur
1992 2458 2475 2514 sacramentum
2499 2441 2618 2515 ubi

396 2554 736 2654 perficitur
773 2553 1238 2627 sanctificatio.
1268 2556 1344 2625 ln
1380 2578 1559 2653 aqua
1593 2569 1814 2628 autem
1842 2578 1978 2628 non
2004 2555 2347 2654 perficitur
2371 2557 2619 2631 sancti-

395 2672 784 2746 ficatio...et
823 2670 979 2744 ideo
1020 2687 1508 2744 sacramentum
1544 2695 1678 2743 non
1712 2670 2058 2769 perficitur
2095 2672 2164 2745 in
2208 2679 2361 2772 ipsa
2399 2698 2612 2774 aqua,

394 2787 507 2860 sed
555 2790 628 2859 in
676 2787 1112 2886 applicatione
1175 2812 1382 2883 aquae
1431 2785 1521 2858 ad
1571 2786 1926 2873 hominem,
1984 2814 2147 2887 quac
2196 2803 2292 2862 est
2337 2789 2609 2863 ablutio.

394 2902 481 2975 Et
525 2900 683 2974 ideo
729 2900 1052 2998 magister
1098 2898 1295 2987 dicit,
1351 2900 1531 3000 quod
1582 2901 1960 2999 Baptismus
1994 2917 2091 2976 cst
2122 2904 2370 2976 ablutio
2404 2931 2620 3005 corpo-

397 3019 493 3088 ris
550 3017 835 3096 exterior
879 3017 1061 3114 [acta
1113 3015 1235 3088 sub
1283 3015 1496 3115 [orma
1536 3019 1948 3116 praescripta
1988 3019 2327 3093 verborum
2386 3023 2616 3117 (24).»

400 3133 486 3205 Et
511 3131 975 3206 catechismus
1011 3156 1176 3206 rom.
1218 3162 1252 3201 α
1277 3131 1354 3204 Id
1393 3156 1585 3218 vero,
1630 3132 1884 3232 inq-uit,
1931 3159 2012 3208 eo
2048 3131 2440 3233 diligentius
2478 3162 2620 3210 mo-

399 3274 563 3321 nere
612 3246 990 3348 opportebit
1013 3305 1029 3332 ‚
1070 3273 1155 3320 ne
1188 3246 1357 3320 forte
1391 3246 1623 3321 fideles
1660 3248 1729 3321 in
1763 3275 1917 3322 eum
1950 3249 2240 3324 errorem
2293 3250 2620 3323 inducan-

403 3381 545 3452 tur,
600 3380 675 3436 ut
721 3363 1140 3448 existiment,
1198 3362 1379 3461 quod
1428 3361 1632 3461 vulgo
1675 3363 1811 3437 dici
1854 3363 2125 3438 solitum
2173 3380 2319 3453 est,
2377 3391 2621 3465 aquam

402 3479 619 3577 ipsum
639 3533 655 3563 ‚
710 3502 886 3576 quae
934 3476 1022 3549 ad
1073 3475 1564 3551 conficiendum
1613 3475 2023 3576 baptismum
2082 3480 2151 3550 in
2208 3503 2403 3553 sacro
2446 3479 2624 3554 fonte

403 3608 786 3665 asservatur
805 3649 822 3679 ‚
888 3599 1376 3665 sacramentum
1427 3618 1619 3678 esse;
1676 3608 1838 3665 tunc
1894 3594 2073 3665 enim
2132 3610 2623 3667 sacramentum

406 3706 721 3806 baptismi
763 3706 1123 3780 dicendum
1159 3722 1289 3794 est,
1330 3715 1481 3781 cum
1518 3732 1697 3807 aqua
1729 3709 1816 3781 ad
1853 3708 2256 3784 abluendum
2288 3710 2580 3809 aliquem
2603 3768 2620 3797 ,

402 3819 656 3894 additis
702 3819 962 3908 verbis,
1003 3847 1180 3920 quae
1214 3847 1256 3893 a
1288 3822 1572 3895 Domino
1620 3823 1925 3896 instituta
1975 3840 2165 3913 sunt,
2223 3824 2448 3924 reipsa
2494 3826 2627 3900 uti-

403 3963 557 4011 mur
590 3939 822 4032 (25).»

423 4052 762 4151 491111·
801 4079 981 4154 aqua
1016 4054 1217 4128 relate
1250 4057 1335 4128 ad
1369 4057 1775 4186 baptismum
1828 4083 1962 4131 non
2011 4074 2119 4132 est
2164 4059 2299 4133 nisi
2351 4060 2656 4133 materia·

403 4182 684 4251 runata,
743 4192 919 4267 quae
967 4183 1125 4242 tunc
1159 4169 1392 4244 solum
1446 4170 1520 4244 fit
1557 4196 1872 4270 proxuma
1919 4198 2072 4246 cum
2122 4173 2450 4273 tingitur,
2507 4198 2629 4248 seu

548 4356 651 4419 (24)
680 4359 737 4407 ln
769 4362 815 4407 ⁸.
838 4359 1070 4408 sentent.
1102 4370 1188 4421 qu.
1218 4367 1297 4411 66.
1326 4360 1420 4411 art.
1449 4366 1496 4411 1.

549 4435 652 4498 (25)
682 4435 815 4486 Part.
839 4438 904 4487 11.
934 4439 1011 4489 Dc
1030 4450 1168 4489 sacr.
1193 4436 1324 4503 bapt.
1352 4451 1402 4489 11.
1425 4447 1473 4490 6.
