3276 5083
679 456 821 506 cir.
856 441 953 504 ιἰι.
990 455 1066 504 ns
1102 453 1417 504 umisrao.
1450 452 1589 503 Αιιτ.
1625 451 1695 502 ιι.
1731 452 1964 503 Ancon.
1998 452 2349 504 rmmrion.
2509 435 2599 503 85

538 572 721 646 Haec
752 588 974 646 autem
1007 586 1262 672 patrum
1297 571 1678 646 testimonia
1712 585 1905 657 sunt,
1936 595 2111 669 quae
2134 571 2220 643 ad
2247 597 2384 645 rem
2412 598 2604 646 suam

388 688 672 789 protulit
704 705 904 787 atque
936 688 1268 784 exegetice
1292 686 1609 785 expendit
1641 685 1870 758 doctor
1894 686 2060 782 Berg
2088 685 2424 784 professor
2457 683 2607 762 ura-

396 803 806 876 tislaviensis
855 805 983 896 (9).
1029 800 1290 887 Quibus
1342 800 1456 873 alii
1511 800 1911 873 subnectunt
1961 814 2219 898 patrum
2271 815 2335 872 et
2383 803 2606 874 conci·

392 918 630 991 lior-um
680 918 957 991 usitatas
1009 915 1322 1014 loquendi
1375 905 1733 999 immulas,
1774 913 2022 1013 quibus
2056 913 2373 1001 traditur;
2418 915 2604 988 bene-

385 1033 664 1105 dictione
716 1035 941 1130 iuqum
989 1033 1239 1129 imponi
1248 1059 1270 1115 ;
1311 1030 1694 1127 coniugium
1733 1030 2070 1127 obsiqnari
2102 1055 2180 1102 ac
2212 1023 2611 1128 sanctificari

383 1163 708 1246 oportere.-
765 1172 884 1246 pro
943 1148 1150 1246 ipsius
1214 1145 1666 1217 benedictionis
1731 1147 2090 1217 reverentia
2151 1146 2599 1242 virginitatem

384 1263 607 1360 prima
641 1276 831 1333 nocte
865 1259 1299 1333 servandam:
1334 1261 1546 1330 instar
1567 1260 1906 1358 sacrileqii
1926 1284 2110 1344 esse,
2146 1259 2204 1332 si
2235 1258 2372 1331 ulla
2397 1275 2609 1332 trans-

387 1376 734 1474 gressione
789 1376 1114 1462 violetur;
1171 1377 1307 1446 sine
1356 1361 1501 1446 ille*
1529 1374 1911 1470 coniugium
1962 1399 2113 1447 esse
2162 1388 2416 1446 tantum
2487 1376 2606 1446 hu-

388 1517 653 1562 manum
700 1489 1022 1589 officium,
1066 1490 1202 1561 imo
1225 1504 1290 1560 et
1313 1486 1681 1587 periculum
1716 1511 1868 1560 esse
1890 1545 1905 1574 ,
1940 1514 2022 1560 ne
2047 1487 2369 1560 habeatur
2393 1490 2606 1560 instar

387 1606 863 1704 fornicationis,
908 1605 1007 1678 Ita
1033 1601 1477 1675 Tertullianus
1498 1659 1513 1688 ,
1556 1629 1614 1674 s.
1649 1603 1969 1689 Basilius,
2014 1629 2072 1675 s.
2107 1601 2397 1702 Cyrillus
2424 1604 2596 1676 alex.

384 1746 443 1792 s.
475 1719 905 1805 Ambrosius,
944 1717 1303 1791 concilium
1343 1717 1718 1814 carthagin.
1753 1718 1856 1789 lv.

530 1835 613 1907 Et
662 1858 860 1919 sane,
910 1847 983 1904 ut
1030 1832 1115 1904 de
1167 1830 1506 1904 nonnullis
1555 1831 1706 1904 istis
1733 1825 2097 1917 dicamus,
2160 1827 2605 1908 Tertullianus

387 1945 496 2019 his
518 1946 745 2019 verbis
770 1945 1258 2049 benedictionis
1295 1937 1759 2018 necessitatem
1796 1939 2113 2018 declarat.
2156 1939 2365 2020 «Ideo
2399 1939 2605 2047 penes

391 2087 515 2134 nos
574 2061 871 2134 occultae
930 2061 1260 2159 quaedam
1320 2049 1857 2147 coniunctiones,
1920 2060 1988 2131 id
2048 2075 2153 2133 est
2218 2087 2350 2134 non
2421 2062 2605 2162 prius

393 2177 573 2274 apud
625 2176 972 2249 ecclesiam
1023 2175 1399 2275 professae,
1442 2176 1622 2246 iuxta
1671 2175 2044 2247 moechiam
2104 2192 2170 2246 et
2226 2176 2606 2249 fornicatio-

398 2316 551 2362 nem
590 2290 860 2363 iudicari
914 2290 1369 2390 periclitantur
1399 2292 1624 2384 (10).»
1650 2291 1717 2359 S.
1742 2287 2031 2362 Basilius
2065 2289 2152 2361 de
2184 2290 2606 2364 matrimonio

397 2431 631 2502 agens:
655 2434 691 2473 er
706 2407 935 2503 Iugum
948 2463 962 2492 ,
985 2403 1227 2505 inquit,
1254 2429 1372 2504 per
1387 2404 1920 2476 benedictionem
1948 2404 2331 2503 impositum
2357 2404 2609 2477 distan-

390 2521 555 2593 tium
588 2515 1096 2596 sit'coniunctio
1128 2523 1354 2617 (11).»
1380 2522 1447 2591 S.
1471 2519 1750 2593 Siricius
1786 2519 1857 2589 in
1897 2519 2092 2619 epist.
2118 2518 2204 2591 ad
2233 2519 2604 2593 Himerium

386 2632 727 2709 tarracon.
776 2635 1035 2707 subdit:
1102 2665 1136 2703 a
1165 2635 1264 2706 De
1323 2633 1657 2730 coniugali
1717 2647 1934 2705 autem
1996 2632 2324 2707 velamine
2381 2628 2608 2732 requi·-

387 2749 569 2836 sisti,
611 2750 672 2822 si
708 2748 1183 2849 desponsatam
1223 2746 1335 2820 alii
1385 2746 1712 2848 puellam,
1774 2747 1939 2820 alter
1989 2749 2060 2819 in
2111 2742 2604 2821 matrimonium

385 2863 598 2961 possit
648 2865 974 2961 accipere.
1029 2862 1171 2935 Hoc
1231 2888 1314 2933 ne
1365 2859 1478 2933 fiat
1525 2862 1746 2933 modis
1797 2856 2110 2933 omnibus
2171 2861 2595 2949 inhibemus,

382 2977 545 3075 quia
594 2977 719 3049 illa
773 2976 1165 3060 benedictio,
1222 3002 1423 3075 quam
1483 2970 1810 3075 nupturae
1878 2970 2191 3048 sacerdos
2260 2977 2591 3077 imponit,

387 3091 562 3191 apud
614 3091 849 3166 fideles
898 3092 1247 3166 cuiusdam
1299 3091 1628 3188 sacrilegii
1683 3092 1898 3163 instar
1943 3106 2081 3175 est,
2124 3092 2181 3164 si
2220 3091 2358 3163 ulla
2393 3107 2603 3165 trans-

384 3205 731 3304 gressione
752 3207 1036 3281 violetur
1057 3210 1118 3302 (1
1134 3210 1201 3302 2)
1220 3266 1231 3278 .
1248 3236 1283 3275 »
1305 3208 1371 3277 S.
1391 3206 1682 3307 Cyrillus
1701 3206 1871 3278 alex.
1900 3205 2164 3278 scribit:
2197 3235 2232 3276 «
2250 3207 2405 3305 Ipse
2419 3205 2607 3278 Chri-

382 3338 530 3394 stus
580 3323 896 3395 invitatus
954 3323 1076 3417 (ad
1112 3323 1427 3421 nuptias)
1473 3322 1658 3395 venit
1703 3336 1814 3393 ut.
1851 3378 1862 3390 .
1900 3321 2383 3418 ‚generationis
2417 3320 2603 3419 prin-

387 3436 647 3534 cipium
691 3432 1188 3524 sanctificaret,
1253 3438 1433 3536 quod
1493 3437 1578 3508 ad
1640 3461 1904 3510 carnem
1965 3436 2280 3507 nimirum
2340 3437 2594 3508 attinet.

388 3550 837 3625 Conveniebat
860 3552 1066 3639 enim,
1099 3567 1172 3623 ut
1195 3553 1311 3651 qui
1343 3566 1640 3623 naturam
1681 3552 1897 3651 ipsam
1934 3550 2229 3623 hominis
2267 3563 2609 3624 renovatu-

387 3692 504 3737 rus
537 3683 705 3739 erat.
739 3725 752 3738 .
781 3725 795 3739 .
820 3693 951 3740 non
988 3665 1203 3740 solum
1241 3667 1354 3753 iis,
1395 3667 1509 3764 qui
1547 3668 1682 3739 iam
1737 3668 1807 3737 in
1858 3681 2070 3739 ortum
2121 3667 2334 3740 vocati
2386 3680 2598 3752 erant,

383 3780 915 3855 benedictionem
967 3782 1446 3881 impertiretur,
1498 3782 1617 3854 sed
1654 3799 1719 3853 et
1753 3783 1839 3854 iis
1889 3807 2181 3881 quoque,
2222 3782 2338 3880 qui
2374 3796 2605 3882 postea

384 3895 706 3968 nascituri
771 3911 1029 3981 essent,
1087 3895 1368 3992 gratiam
1438 3910 1925 3994 praestrueret,
1982 3910 2047 3968 et
2094 3920 2322 3969 eorum
2392 3910 2605 3968 ortum

531 4137 601 4198 (9)
633 4140 726 4199 op.
747 4138 801 4187 et
824 4135 923 4186 loc.
947 4135 1030 4185 cit.

528 4215 628 4277 (ιο)
654 4215 764 4265 ιιι».
786 4218 864 4265 De
876 4212 1104 4278 ρααιοα.
1123 4227 1233 4278 cap.
1257 4216 1340 4264 lv.

520 4293 624 4356 (ιι)
654 4298 709 4344 ln
741 4294 1105 4345 flexaemeron
1129 4294 1261 4344 hom.
1282 4295 1392 4343 vll.
1414 4295 1535 4343 tom.
1562 4295 1600 4342 1.
1626 4306 1736 4357 pag.
1760 4300 1840 4343 ss.
1859 4293 1940 4345 ed.
1965 4296 2122 4345 Maur.

528 4374 630 4438 (12)
661 4374 814 4438 Epist.
837 4377 874 4425 Ι.
897 4374 959 4424 ad
985 4374 1168 4425 Himer.
1191 4387 1236 4424 c.
1258 4376 1341 4424 lv.
1362 4374 1491 4437 apud
1511 4376 1750 4425 coustant
1782 4375 1952 4439 Epist.
1973 4387 2103 4425 rom.
2120 4376 2269 4439 pone.
2289 4373 2386 4423 col.
2405 4378 2516 4425 ⁶28,
