3276 5083
658 414 795 487 34⁰
1040 435 1162 485 un.
1206 436 1250 483 ι.
1293 434 1466 485 secr.
1512 431 1772 482 imm.
1814 431 1896 481 nn
1945 431 2209 483 nii-nm.
2252 431 2469 482 cmm.

651 555 721 625 in
738 550 1000 650 Anglia,
1023 568 1098 624 ut
1121 550 1341 624 civilis
1370 550 1804 646 magistratus
1858 547 2128 621 adesset
2163 548 2341 621 actui
2388 546 2706 645 religioso
2735 551 2834 645 (⁹1)
2862 610 2878 621 .

653 670 954 754 Poterat,
1008 682 1084 739 ut
1129 665 1334 739 verbo
1386 666 1651 752 dicam,
1709 664 2016 763 pluribus
2068 663 2227 737 aliis
2278 664 2502 738 modis
2552 668 2814 739 occurri
2855 726 2876 753 ‚

654 784 709 855 si
763 782 877 855 hic
929 807 1156 854 revera
1205 779 1377 877 legis
1430 780 1590 852 finis
1644 779 2078 877 praestitutus
2130 777 2396 853 fuisset.

793 898 1031 971 Verum
1066 898 1263 971 valde
1297 896 1423 969 fuit
1455 896 1805 969 diversus:
1848 893 2118 967 nonnisi
2155 911 2607 993 tegumentum
2635 896 2760 969 fuit
2787 898 2885 970 ad

650 1013 1116 1087 involvendam
1157 1012 1503 1099 malitiam,
1547 1037 1723 1112 quae
1756 1010 1937 1085 intus
1971 1009 2245 1084 latebat.
2278 1011 2687 1109 Praecipuus
2729 1037 2888 1085 soo-

650 1154 779 1227 pus
804 1128 946 1201 erat
970 1155 1103 1201 non
1129 1129 1328 1201 modo
1359 1143 1579 1201 actum
1607 1125 1932 1200 civilema
1950 1124 2264 1223 religioso
2287 1126 2703 1225 discerpere;
2736 1153 2880 1201 non

650 1242 849 1317 modo
873 1243 1176 1317 dividere
1200 1259 1613 1318 contractum
1641 1240 1905 1317 civilem
1939 1242 2329 1340 nuptiarum
2354 1268 2396 1314 a
2420 1260 2867 1329 sacramento;

648 1385 877 1431 verum
931 1359 1133 1432 etiam
1185 1359 1383 1433 tacite
1433 1358 1783 1431 insinuare
1831 1372 2036 1431 totam
2086 1356 2381 1454 coniugii
2423 1358 2744 1432 rationem
2803 1359 2876 1429 in

649 1475 793 1547 solo
843 1490 1183 1548 contractu
1232 1474 1419 1546 civili
1475 1470 1852 1571 adaequate
1900 1471 2270 1546 consistere
2291 1529 2308 1559 ‚
2347 1496 2429 1545 ac
2462 1471 2875 1572 persuadere

650 1588 1015 1660 essentiam
1085 1586 1380 1683 coniugii
1443 1587 1538 1658 ita
1595 1586 1908 1660 constitui
1974 1585 2432 1686 complerique
2482 1613 2602 1686 per
2650 1587 2873 1661 solum

650 1718 1058 1776 contractum
1111 1701 1377 1775 civilem
1411 1758 1428 1788 ‚
1466 1717 1543 1773 ut
1576 1716 2067 1774 sacramentum
2093 1759 2110 1787 ‚
2150 1726 2276 1776 seu
2307 1718 2383 1775 ut
2414 1702 2548 1801 ipsi
2582 1701 2874 1802 loquun-

652 1834 759 1888 tur
783 1873 800 1903 ‚
856 1819 1048 1889 actus
1097 1832 1213 1888 aut
1262 1815 1431 1888 ritus
1483 1813 1838 1911 religiosus
1875 1841 2006 1889 non
2042 1816 2132 1888 sit
2164 1816 2298 1889 nisi
2345 1817 2512 1916 quid
2564 1818 2877 1891 acciden-

651 1931 786 2005 tale
809 1990 826 2019 ‚
882 1957 963 2005 ac
1014 1931 1496 2031 superveniens
1563 1932 1741 2005 actui
1813 1930 1946 2004 iam
2000 1930 2069 2003 in
2119 1956 2244 2005 suo
2291 1958 2445 2006 esse
2494 1932 2820 2032 completo
2846 1992 2867 2020 ‚

653 2049 959 2148 adeoque
1008 2048 1267 2148 possit,
1310 2046 1627 2121 incolumi
1680 2048 1833 2147 ipsa
1877 2073 1978 2135 re,
2018 2047 2263 2121 adesse
2296 2064 2411 2122 aut
2445 2048 2710 2124 abesse.

795 2165 1023 2239 Talem
1074 2190 1317 2265 nempe
1367 2165 1580 2238 fuisse
1614 2190 1894 2264 scopum
1946 2163 2151 2237 huius
2186 2164 2354 2261 legis
2391 2164 2874 2264 proponendae

649 2298 877 2380 aperte
932 2282 1144 2381 liquet
1195 2308 1275 2355 ex
1324 2280 1533 2355 altero
1583 2282 1804 2381 capite
1827 2338 1844 2367 ‚
1901 2281 2080 2380 quod
2133 2280 2569 2354 sanciendum
2621 2307 2872 2381 propo-

647 2399 851 2471 nitur.
912 2399 1175 2472 Etenim
1231 2397 1525 2472 secundo
1580 2397 1729 2471 loco
1773 2395 2160 2470 dicebatur:
2215 2398 2291 2468 in
2338 2423 2496 2469 casu
2543 2424 2669 2496 quo
2714 2424 2869 2469 con-

645 2516 918 2587 secratio
958 2516 1269 2613 religiosa
1318 2514 1728 2587 matrimonii
1776 2511 1951 2585 haud
1991 2514 2279 2610 potuerit
2329 2512 2538 2586 locum
2585 2513 2811 2586 habere
2834 2571 2857 2598 ,

643 2632 1128 2704 matrimonium
1175 2632 1390 2727 ipsum
1436 2656 1655 2703 coram
1702 2629 1914 2701 iudice
1967 2629 2265 2701 contrahi
2301 2632 2565 2726 poterit.
2602 2629 2865 2716 Quibus

651 2746 720 2816 in
757 2743 980 2817 verbis
1024 2761 1232 2818 totum
1275 2746 1489 2818 latens
1522 2745 1710 2819 virus
1745 2744 2154 2831 continetur,
2195 2744 2713 2845 hypocrisisque
2753 2772 2865 2819 va·

650 2859 942 2931 serrima.
977 2860 1145 2931 Nam
1180 2859 1563 2933 decernitur
1593 2859 2091 2934 matrimonium
2127 2858 2398 2959 plenum
2432 2879 2500 2935 et
2531 2862 2861 2960 integrum

648 2974 880 3047 haberi
910 3033 926 3063 ,
968 3001 1121 3048 cum
1156 3001 1380 3049 coram
1423 2976 1568 3049 solo
1608 2975 1833 3050 iudice
1875 2975 2047 3051 laico
2099 2976 2512 3064 celebratur,
2570 2976 2740 3050 adeo
2790 2994 2864 3051 ut

647 3092 971 3189 coniuges
1007 3091 1288 3190 legitimi
1322 3092 1582 3165 censeri
1619 3091 1929 3181 debeant,
1965 3094 2110 3193 qui,
2130 3094 2384 3168 omisso
2417 3108 2856 3181 sacramento,

644 3234 1050 3281 consensum
1116 3232 1313 3283 suum
1381 3209 1666 3282 invicem
1728 3235 1950 3283 coram
2019 3209 2193 3283 laico
2260 3209 2726 3310 praebuerint,
2783 3236 2861 3283 ac

644 3324 1007 3398 dummodo
1058 3323 1227 3422 legis
1279 3326 1691 3425 praescripto
1741 3326 2121 3425 paruerint,
2163 3341 2306 3399 tuto
2354 3350 2559 3424 posse
2605 3341 2862 3400 contra-

649 3437 884 3512 hentes
952 3440 1291 3538 negligere
1350 3439 1747 3513 sacramenti
1803 3440 2295 3539 susceptionem
2330 3498 2345 3526 ‚
2402 3454 2629 3538 utpote
2675 3466 2861 3515 cere-

645 3556 940 3627 moniam
994 3556 1180 3654 parvi
1235 3554 1568 3630 nulliusve
1618 3555 1961 3628 momenti.

789 3671 1026 3743 Verum
1071 3671 1344 3771 quidem
1380 3687 1483 3744 est
1515 3670 1602 3743 ab
1635 3694 1748 3757 e0,
1789 3671 1904 3769 qui
1942 3670 2153 3769 legem
2197 3669 2570 3769 proposuit,
2612 3696 2859 3744 sermo-

648 3812 797 3857 nem
852 3785 995 3859 fieri
1040 3785 1125 3858 de
1167 3811 1328 3858 casu
1381 3812 1518 3885 quo
1561 3787 1949 3858 consecratio
2000 3785 2306 3882 relz‘qiosa
2358 3784 2533 3858 haud
2574 3786 2859 3884 potuerit

787 4062 857 4122 (7)
888 4064 959 4112 De
993 4077 1093 4126 qua
1119 4067 1283 4114 tamen
1313 4064 1504 4128 anglica
1533 4064 1692 4115 torma
1721 4064 1820 4114 iam
1852 4063 2312 4126 animadvertimus,
2342 4064 2390 4114 ei
2427 4063 2584 4114 inesse
2622 4064 2862 4128 pernicio·

643 4152 754 4189 sum
787 4139 1082 4204 principium
1099 4179 1114 4203 ,
1155 4143 1290 4205 quod
1326 4144 1535 4196 liberum
1574 4143 1974 4198 contrahentibus
2010 4144 2316 4207 rdinqnatur
2353 4143 2636 4207 coniugium
2672 4156 2819 4194 suum
2841 4180 2859 4205 ,

643 4221 791 4283 prout
805 4220 1027 4284 libuerit,
1050 4236 1136 4286 per
1155 4227 1322 4276 actum
1344 4226 1626 4289 religiosum
1646 4237 1956 4288 consecrare,
1973 4227 2062 4275 aut
2078 4224 2328 4276 omittere:
2353 4223 2490 4288 quod
2507 4224 2559 4275 in
2577 4223 2665 4276 ino
2687 4237 2861 4288 reguo,

643 4299 779 4363 quod
797 4300 859 4351 ad
882 4303 1217 4370 paganismum
1244 4305 1435 4372 magnis
1453 4305 1681 4370 passibus
1703 4304 1928 4369 aceedit,
1951 4306 2131 4357 mirum
2150 4319 2252 4356 non
2272 4307 2370 4369 θεὴ
2393 4305 2539 4356 nstin
2560 4305 2758 4370 regione
2773 4318 2857 4357 ca·

643 4378 826 4430 thelica
843 4416 859 4442 ,
882 4381 930 4431 in
951 4395 1049 4445 qua
1072 4381 1167 4432 tide
1186 4384 1377 4435 tenetur
1398 4383 1765 4437 matrimonium
1782 4397 1889 4438 esse
1906 4386 2284 4449 sacramentum,
2303 4384 2416 4448 quis
2430 4383 2579 4436 serat?
