<?xml version="1.0" encoding="UTF-8"?>
<!DOCTYPE html PUBLIC "-//W3C//DTD XHTML 1.0 Transitional//EN"
    "http://www.w3.org/TR/xhtml1/DTD/xhtml1-transitional.dtd">
<html xmlns="http://www.w3.org/1999/xhtml" xml:lang="en" lang="en">
 <head>
  <title>
</title>
<meta http-equiv="Content-Type" content="text/html;charset=utf-8" />
  <meta name='ocr-system' content='tesseract 3.04.00' />
  <meta name='ocr-capabilities' content='ocr_page ocr_carea ocr_par ocr_line ocrx_word'/>
</head>
<body>
  <div class='ocr_page' id='page_1' title='image "./dematrimoniochr04perrgoog_0266.png"; bbox 0 0 3276 5083; ppageno 0'>
   <div class='ocr_carea' id='block_1_1' title="bbox 669 409 2483 488">
    <p class='ocr_par' dir='ltr' id='par_1_1' title="bbox 669 409 2483 488">
     <span class='ocr_line' id='line_1_1' title="bbox 669 409 2483 488; baseline -0.002 -9"><span class='ocrx_word' id='word_1_1' title='bbox 669 409 807 480; x_wconf 74' lang='lat'>242</span> <span class='ocrx_word' id='word_1_2' title='bbox 1059 432 1179 481; x_wconf 78' lang='lat' dir='ltr'>ns.</span> <span class='ocrx_word' id='word_1_3' title='bbox 1209 433 1269 488; x_wconf 74' lang='lat' dir='ltr'>J.</span> <span class='ocrx_word' id='word_1_4' title='bbox 1312 430 1482 481; x_wconf 70' lang='lat' dir='ltr'>sacr.</span> <span class='ocrx_word' id='word_1_5' title='bbox 1526 430 1786 480; x_wconf 66' lang='lat' dir='ltr'>urani.</span> <span class='ocrx_word' id='word_1_6' title='bbox 1832 430 1909 479; x_wconf 75' lang='lat' dir='ltr'>nn:</span> <span class='ocrx_word' id='word_1_7' title='bbox 1959 428 2222 481; x_wconf 59' lang='lat' dir='ltr'>namu.</span> <span class='ocrx_word' id='word_1_8' title='bbox 2267 428 2483 479; x_wconf 72' lang='lat' dir='ltr'>cmm.</span> 
     </span>
    </p>
   </div>
   <div class='ocr_carea' id='block_1_2' title="bbox 650 546 2877 4191">
    <p class='ocr_par' dir='ltr' id='par_1_2' title="bbox 666 546 2877 988">
     <span class='ocr_line' id='line_1_2' title="bbox 671 546 2874 646; baseline -0 -26"><span class='ocrx_word' id='word_1_9' title='bbox 671 549 804 621; x_wconf 90' lang='lat' dir='ltr'>nisi</span> <span class='ocrx_word' id='word_1_10' title='bbox 838 573 1106 620; x_wconf 86' lang='lat' dir='ltr'>manum</span> <span class='ocrx_word' id='word_1_11' title='bbox 1141 547 1228 621; x_wconf 92' lang='lat' dir='ltr'>ob</span> <span class='ocrx_word' id='word_1_12' title='bbox 1260 547 1485 620; x_wconf 89' lang='lat' dir='ltr'>damni</span> <span class='ocrx_word' id='word_1_13' title='bbox 1514 604 1528 633; x_wconf 91' lang='lat'><strong>,</strong></span> <span class='ocrx_word' id='word_1_14' title='bbox 1578 546 1894 620; x_wconf 82' lang='lat' dir='ltr'><strong>infamiae</strong></span> <span class='ocrx_word' id='word_1_15' title='bbox 1928 571 2314 646; x_wconf 82' lang='lat' dir='ltr'>poenaeque</span> <span class='ocrx_word' id='word_1_16' title='bbox 2363 546 2664 620; x_wconf 89' lang='lat' dir='ltr'>timorem</span> <span class='ocrx_word' id='word_1_17' title='bbox 2687 603 2702 632; x_wconf 91' lang='lat'>‚</span> <span class='ocrx_word' id='word_1_18' title='bbox 2757 549 2874 645; x_wconf 90' lang='lat' dir='ltr'>qui</span> 
     </span>
     <span class='ocr_line' id='line_1_3' title="bbox 669 660 2877 760; baseline -0.001 -24"><span class='ocrx_word' id='word_1_19' title='bbox 669 662 842 736; x_wconf 89' lang='lat' dir='ltr'>male</span> <span class='ocrx_word' id='word_1_20' title='bbox 885 675 1153 759; x_wconf 85' lang='lat' dir='ltr'>agentes</span> <span class='ocrx_word' id='word_1_21' title='bbox 1204 660 1289 733; x_wconf 88' lang='lat' dir='ltr'>ab</span> <span class='ocrx_word' id='word_1_22' title='bbox 1338 686 1537 760; x_wconf 89' lang='lat' dir='ltr'>opere</span> <span class='ocrx_word' id='word_1_23' title='bbox 1587 674 1883 748; x_wconf 68' lang='lat' dir='ltr'>coercet,</span> <span class='ocrx_word' id='word_1_24' title='bbox 1938 660 2058 733; x_wconf 90' lang='lat' dir='ltr'>sed</span> <span class='ocrx_word' id='word_1_25' title='bbox 2101 662 2597 759; x_wconf 85' lang='lat' dir='ltr'>perversitatem</span> <span class='ocrx_word' id='word_1_26' title='bbox 2642 660 2877 735; x_wconf 80' lang='lat' dir='ltr'>volun-</span> 
     </span>
     <span class='ocr_line' id='line_1_4' title="bbox 668 771 2877 874; baseline -0 -26"><span class='ocrx_word' id='word_1_27' title='bbox 668 776 823 850; x_wconf 88' lang='lat' dir='ltr'>tatis</span> <span class='ocrx_word' id='word_1_28' title='bbox 863 800 996 848; x_wconf 90' lang='lat' dir='ltr'>non</span> <span class='ocrx_word' id='word_1_29' title='bbox 1030 776 1416 862; x_wconf 88' lang='lat' dir='ltr'>emendant,</span> <span class='ocrx_word' id='word_1_30' title='bbox 1464 776 1766 874; x_wconf 84' lang='lat' dir='ltr'>adeoque</span> <span class='ocrx_word' id='word_1_31' title='bbox 1801 771 2000 847; x_wconf 91' lang='lat' dir='ltr'>simul</span> <span class='ocrx_word' id='word_1_32' title='bbox 2027 799 2106 847; x_wconf 86' lang='lat' dir='ltr'>ac</span> <span class='ocrx_word' id='word_1_33' title='bbox 2132 774 2419 873; x_wconf 88' lang='lat' dir='ltr'>propitia</span> <span class='ocrx_word' id='word_1_34' title='bbox 2458 799 2534 847; x_wconf 91' lang='lat' dir='ltr'>se</span> <span class='ocrx_word' id='word_1_35' title='bbox 2571 800 2647 848; x_wconf 88' lang='lat' dir='ltr'>se</span> <span class='ocrx_word' id='word_1_36' title='bbox 2682 776 2877 851; x_wconf 79' lang='lat' dir='ltr'>offert</span> 
     </span>
     <span class='ocr_line' id='line_1_5' title="bbox 666 888 2454 988; baseline -0.001 -26"><span class='ocrx_word' id='word_1_37' title='bbox 666 915 877 975; x_wconf 88' lang='lat' dir='ltr'>ansa,</span> <span class='ocrx_word' id='word_1_38' title='bbox 945 888 1124 963; x_wconf 91' lang='lat' dir='ltr'>illico</span> <span class='ocrx_word' id='word_1_39' title='bbox 1178 890 1264 962; x_wconf 89' lang='lat' dir='ltr'>ad</span> <span class='ocrx_word' id='word_1_40' title='bbox 1315 915 1589 988; x_wconf 86' lang='lat' dir='ltr'>pravum</span> <span class='ocrx_word' id='word_1_41' title='bbox 1640 915 1811 987; x_wconf 90' lang='lat' dir='ltr'>opus</span> <span class='ocrx_word' id='word_1_42' title='bbox 1862 889 2222 961; x_wconf 85' lang='lat' dir='ltr'>deveniunt</span> <span class='ocrx_word' id='word_1_43' title='bbox 2277 890 2454 982; x_wconf 77' lang='lat'>(43).</span> 
     </span>
    </p>

    <p class='ocr_par' dir='ltr' id='par_1_3' title="bbox 659 1000 2875 2472">
     <span class='ocr_line' id='line_1_6' title="bbox 807 1000 2864 1102; baseline 0.002 -29"><span class='ocrx_word' id='word_1_44' title='bbox 807 1003 877 1073; x_wconf 91' lang='lat' dir='ltr'>Si</span> <span class='ocrx_word' id='word_1_45' title='bbox 930 1003 1210 1102; x_wconf 79' lang='lat' dir='ltr'>proinde</span> <span class='ocrx_word' id='word_1_46' title='bbox 1262 1003 1493 1099; x_wconf 84' lang='lat' dir='ltr'>religio</span> <span class='ocrx_word' id='word_1_47' title='bbox 1542 1003 1610 1073; x_wconf 92' lang='lat' dir='ltr'>in</span> <span class='ocrx_word' id='word_1_48' title='bbox 1662 1002 2007 1075; x_wconf 90' lang='lat' dir='ltr'>hominum</span> <span class='ocrx_word' id='word_1_49' title='bbox 2058 1000 2390 1073; x_wconf 89' lang='lat' dir='ltr'>mentibus</span> <span class='ocrx_word' id='word_1_50' title='bbox 2443 1001 2819 1076; x_wconf 88' lang='lat' dir='ltr'>infirmetur</span> <span class='ocrx_word' id='word_1_51' title='bbox 2849 1063 2864 1090; x_wconf 84' lang='lat'><strong>‚</strong></span> 
     </span>
     <span class='ocr_line' id='line_1_7' title="bbox 666 1115 2874 1216; baseline 0.001 -28"><span class='ocrx_word' id='word_1_52' title='bbox 666 1116 1052 1214; x_wconf 74' lang='lat' dir='ltr'>languescat</span> <span class='ocrx_word' id='word_1_53' title='bbox 1082 1133 1148 1189; x_wconf 92' lang='lat' dir='ltr'>et</span> <span class='ocrx_word' id='word_1_54' title='bbox 1179 1131 1475 1215; x_wconf 81' lang='lat' dir='ltr'>torpeat,</span> <span class='ocrx_word' id='word_1_55' title='bbox 1509 1116 1600 1188; x_wconf 93' lang='lat' dir='ltr'>ita</span> <span class='ocrx_word' id='word_1_56' title='bbox 1634 1131 1709 1188; x_wconf 91' lang='lat' dir='ltr'>ut</span> <span class='ocrx_word' id='word_1_57' title='bbox 1742 1115 2098 1189; x_wconf 86' lang='lat' dir='ltr'>salutarem</span> <span class='ocrx_word' id='word_1_58' title='bbox 2138 1115 2493 1201; x_wconf 69' lang='lat' dir='ltr'>infimum,</span> <span class='ocrx_word' id='word_1_59' title='bbox 2528 1140 2728 1215; x_wconf 88' lang='lat' dir='ltr'>quem</span> <span class='ocrx_word' id='word_1_60' title='bbox 2756 1143 2874 1216; x_wconf 92' lang='lat' dir='ltr'>per</span> 
     </span>
     <span class='ocr_line' id='line_1_8' title="bbox 665 1227 2873 1331; baseline 0 -28"><span class='ocrx_word' id='word_1_61' title='bbox 665 1255 740 1303; x_wconf 92' lang='lat' dir='ltr'>se</span> <span class='ocrx_word' id='word_1_62' title='bbox 788 1231 1213 1331; x_wconf 83' lang='lat' dir='ltr'>produceret,</span> <span class='ocrx_word' id='word_1_63' title='bbox 1267 1229 1533 1302; x_wconf 90' lang='lat' dir='ltr'>nonnisi</span> <span class='ocrx_word' id='word_1_64' title='bbox 1585 1254 1784 1326; x_wconf 81' lang='lat' dir='ltr'>aegre</span> <span class='ocrx_word' id='word_1_65' title='bbox 1830 1245 2090 1313; x_wconf 86' lang='lat' dir='ltr'>exerat,</span> <span class='ocrx_word' id='word_1_66' title='bbox 2128 1243 2197 1302; x_wconf 91' lang='lat' dir='ltr'>et</span> <span class='ocrx_word' id='word_1_67' title='bbox 2232 1227 2586 1303; x_wconf 82' lang='lat' dir='ltr'>collidatur</span> <span class='ocrx_word' id='word_1_68' title='bbox 2622 1254 2664 1300; x_wconf 88' lang='lat' dir='ltr'>a</span> <span class='ocrx_word' id='word_1_69' title='bbox 2705 1256 2873 1329; x_wconf 89' lang='lat' dir='ltr'>qua-</span> 
     </span>
     <span class='ocr_line' id='line_1_9' title="bbox 662 1341 2875 1443; baseline 0.001 -26"><span class='ocrx_word' id='word_1_70' title='bbox 662 1344 818 1418; x_wconf 92' lang='lat' dir='ltr'>dam</span> <span class='ocrx_word' id='word_1_71' title='bbox 862 1344 1341 1430; x_wconf 78' lang='lat' dir='ltr'>indifferentia,</span> <span class='ocrx_word' id='word_1_72' title='bbox 1397 1359 1511 1416; x_wconf 88' lang='lat' dir='ltr'>aut</span> <span class='ocrx_word' id='word_1_73' title='bbox 1559 1358 1814 1417; x_wconf 90' lang='lat' dir='ltr'>secreto</span> <span class='ocrx_word' id='word_1_74' title='bbox 1866 1341 2350 1416; x_wconf 83' lang='lat' dir='ltr'>incredulitatis</span> <span class='ocrx_word' id='word_1_75' title='bbox 2399 1342 2630 1419; x_wconf 81' lang='lat' dir='ltr'>morbo</span> <span class='ocrx_word' id='word_1_76' title='bbox 2656 1400 2672 1429; x_wconf 91' lang='lat'>‚</span> <span class='ocrx_word' id='word_1_77' title='bbox 2727 1371 2875 1443; x_wconf 88' lang='lat' dir='ltr'>pro·</span> 
     </span>
     <span class='ocr_line' id='line_1_10' title="bbox 664 1457 2872 1556; baseline 0 -25"><span class='ocrx_word' id='word_1_78' title='bbox 664 1459 834 1533; x_wconf 84' lang='lat' dir='ltr'>secto</span> <span class='ocrx_word' id='word_1_79' title='bbox 881 1460 1006 1533; x_wconf 89' lang='lat' dir='ltr'>hos</span> <span class='ocrx_word' id='word_1_80' title='bbox 1064 1460 1368 1532; x_wconf 89' lang='lat' dir='ltr'>homines</span> <span class='ocrx_word' id='word_1_81' title='bbox 1417 1458 1591 1530; x_wconf 86' lang='lat' dir='ltr'>male</span> <span class='ocrx_word' id='word_1_82' title='bbox 1637 1457 1913 1531; x_wconf 85' lang='lat' dir='ltr'>affectos</span> <span class='ocrx_word' id='word_1_83' title='bbox 1962 1457 2072 1530; x_wconf 79' lang='lat' dir='ltr'>vix</span> <span class='ocrx_word' id='word_1_84' title='bbox 2114 1482 2194 1530; x_wconf 88' lang='lat' dir='ltr'>ac</span> <span class='ocrx_word' id='word_1_85' title='bbox 2229 1483 2316 1530; x_wconf 91' lang='lat' dir='ltr'>ne</span> <span class='ocrx_word' id='word_1_86' title='bbox 2348 1457 2459 1529; x_wconf 86' lang='lat' dir='ltr'>vix</span> <span class='ocrx_word' id='word_1_87' title='bbox 2492 1457 2768 1556; x_wconf 86' lang='lat' dir='ltr'>quidem</span> <span class='ocrx_word' id='word_1_88' title='bbox 2803 1461 2872 1532; x_wconf 92' lang='lat' dir='ltr'>in</span> 
     </span>
     <span class='ocr_line' id='line_1_11' title="bbox 662 1570 2871 1669; baseline 0 -23"><span class='ocrx_word' id='word_1_89' title='bbox 662 1572 885 1646; x_wconf 86' lang='lat' dir='ltr'>officio</span> <span class='ocrx_word' id='word_1_90' title='bbox 946 1572 1333 1646; x_wconf 87' lang='lat' dir='ltr'>continebit.</span> <span class='ocrx_word' id='word_1_91' title='bbox 1391 1570 1598 1644; x_wconf 81' lang='lat' dir='ltr'>Multo</span> <span class='ocrx_word' id='word_1_92' title='bbox 1657 1596 1817 1655; x_wconf 79' lang='lat' dir='ltr'>vero</span> <span class='ocrx_word' id='word_1_93' title='bbox 1875 1571 2089 1668; x_wconf 81' lang='lat' dir='ltr'>magis</span> <span class='ocrx_word' id='word_1_94' title='bbox 2155 1571 2384 1669; x_wconf 88' lang='lat' dir='ltr'>inepta</span> <span class='ocrx_word' id='word_1_95' title='bbox 2433 1597 2512 1644; x_wconf 89' lang='lat' dir='ltr'>ac</span> <span class='ocrx_word' id='word_1_96' title='bbox 2560 1573 2871 1647; x_wconf 83' lang='lat' dir='ltr'>inefficax</span> 
     </span>
     <span class='ocr_line' id='line_1_12' title="bbox 662 1685 2870 1783; baseline 0 -24"><span class='ocrx_word' id='word_1_97' title='bbox 662 1686 935 1759; x_wconf 89' lang='lat' dir='ltr'>omnino</span> <span class='ocrx_word' id='word_1_98' title='bbox 983 1685 1213 1783; x_wconf 85' lang='lat' dir='ltr'>religio</span> <span class='ocrx_word' id='word_1_99' title='bbox 1266 1685 1380 1759; x_wconf 88' lang='lat' dir='ltr'>fiet</span> <span class='ocrx_word' id='word_1_100' title='bbox 1424 1686 1511 1758; x_wconf 91' lang='lat' dir='ltr'>ad</span> <span class='ocrx_word' id='word_1_101' title='bbox 1545 1685 1682 1758; x_wconf 80' lang='lat' dir='ltr'>vim</span> <span class='ocrx_word' id='word_1_102' title='bbox 1722 1712 1914 1759; x_wconf 90' lang='lat' dir='ltr'>suam</span> <span class='ocrx_word' id='word_1_103' title='bbox 1957 1687 2356 1759; x_wconf 82' lang='lat' dir='ltr'>exerendam</span> <span class='ocrx_word' id='word_1_104' title='bbox 2406 1686 2476 1758; x_wconf 89' lang='lat' dir='ltr'>in</span> <span class='ocrx_word' id='word_1_105' title='bbox 2525 1686 2870 1760; x_wconf 88' lang='lat' dir='ltr'>hominum</span> 
     </span>
     <span class='ocr_line' id='line_1_13' title="bbox 661 1798 2875 1900; baseline 0.001 -28"><span class='ocrx_word' id='word_1_106' title='bbox 661 1798 889 1885; x_wconf 88' lang='lat' dir='ltr'>corda,</span> <span class='ocrx_word' id='word_1_107' title='bbox 928 1798 1043 1872; x_wconf 89' lang='lat' dir='ltr'>ubi</span> <span class='ocrx_word' id='word_1_108' title='bbox 1082 1799 1196 1872; x_wconf 90' lang='lat' dir='ltr'>illa</span> <span class='ocrx_word' id='word_1_109' title='bbox 1230 1800 1514 1873; x_wconf 86' lang='lat' dir='ltr'>extincta</span> <span class='ocrx_word' id='word_1_110' title='bbox 1537 1856 1554 1887; x_wconf 90' lang='lat'>‚</span> <span class='ocrx_word' id='word_1_111' title='bbox 1602 1817 1720 1874; x_wconf 91' lang='lat' dir='ltr'>aut</span> <span class='ocrx_word' id='word_1_112' title='bbox 1766 1800 2196 1874; x_wconf 86' lang='lat' dir='ltr'>intermortua</span> <span class='ocrx_word' id='word_1_113' title='bbox 2240 1799 2471 1889; x_wconf 75' lang='lat' dir='ltr'>suerit,</span> <span class='ocrx_word' id='word_1_114' title='bbox 2523 1818 2727 1900; x_wconf 84' lang='lat' dir='ltr'>atque</span> <span class='ocrx_word' id='word_1_115' title='bbox 2770 1803 2875 1875; x_wconf 88' lang='lat' dir='ltr'>in-</span> 
     </span>
     <span class='ocr_line' id='line_1_14' title="bbox 660 1913 2864 2013; baseline 0.001 -26"><span class='ocrx_word' id='word_1_116' title='bbox 660 1913 1056 2002; x_wconf 76' lang='lat' dir='ltr'>credulitas,</span> <span class='ocrx_word' id='word_1_117' title='bbox 1109 1914 1311 1988; x_wconf 91' lang='lat' dir='ltr'>immo</span> <span class='ocrx_word' id='word_1_118' title='bbox 1347 1931 1416 1987; x_wconf 88' lang='lat' dir='ltr'>et</span> <span class='ocrx_word' id='word_1_119' title='bbox 1449 1914 1657 1988; x_wconf 87' lang='lat' dir='ltr'>animi</span> <span class='ocrx_word' id='word_1_120' title='bbox 1711 1915 1973 1988; x_wconf 80' lang='lat' dir='ltr'>aversio</span> <span class='ocrx_word' id='word_1_121' title='bbox 2005 1942 2046 1988; x_wconf 86' lang='lat' dir='ltr'>a</span> <span class='ocrx_word' id='word_1_122' title='bbox 2081 1915 2402 2013; x_wconf 82' lang='lat' dir='ltr'>religione</span> <span class='ocrx_word' id='word_1_123' title='bbox 2443 1918 2864 1991; x_wconf 83' lang='lat' dir='ltr'>successerit.</span> 
     </span>
     <span class='ocr_line' id='line_1_15' title="bbox 661 2028 2875 2131; baseline 0.003 -31"><span class='ocrx_word' id='word_1_124' title='bbox 661 2028 869 2102; x_wconf 84' lang='lat' dir='ltr'>Cuius</span> <span class='ocrx_word' id='word_1_125' title='bbox 894 2029 989 2102; x_wconf 88' lang='lat' dir='ltr'>rei</span> <span class='ocrx_word' id='word_1_126' title='bbox 1016 2030 1467 2103; x_wconf 90' lang='lat' dir='ltr'>testimonium</span> <span class='ocrx_word' id='word_1_127' title='bbox 1494 2028 1824 2103; x_wconf 87' lang='lat' dir='ltr'>habemus</span> <span class='ocrx_word' id='word_1_128' title='bbox 1852 2030 2351 2130; x_wconf 84' lang='lat' dir='ltr'>experientiam,</span> <span class='ocrx_word' id='word_1_129' title='bbox 2383 2057 2558 2129; x_wconf 87' lang='lat' dir='ltr'>quae</span> <span class='ocrx_word' id='word_1_130' title='bbox 2584 2032 2875 2131; x_wconf 77' lang='lat' dir='ltr'>practica</span> 
     </span>
     <span class='ocr_line' id='line_1_16' title="bbox 659 2141 2874 2241; baseline 0 -25"><span class='ocrx_word' id='word_1_131' title='bbox 659 2158 763 2216; x_wconf 89' lang='lat' dir='ltr'>est</span> <span class='ocrx_word' id='word_1_132' title='bbox 810 2141 1253 2217; x_wconf 90' lang='lat' dir='ltr'>humanorum</span> <span class='ocrx_word' id='word_1_133' title='bbox 1285 2159 1640 2217; x_wconf 85' lang='lat' dir='ltr'>eventuum</span> <span class='ocrx_word' id='word_1_134' title='bbox 1674 2144 2017 2241; x_wconf 82' lang='lat' dir='ltr'>magistra.</span> <span class='ocrx_word' id='word_1_135' title='bbox 2065 2144 2231 2216; x_wconf 89' lang='lat' dir='ltr'>Cum</span> <span class='ocrx_word' id='word_1_136' title='bbox 2275 2144 2604 2218; x_wconf 90' lang='lat' dir='ltr'>eiusmodi</span> <span class='ocrx_word' id='word_1_137' title='bbox 2658 2145 2874 2219; x_wconf 89' lang='lat' dir='ltr'>homi-</span> 
     </span>
     <span class='ocr_line' id='line_1_17' title="bbox 660 2254 2874 2357; baseline 0.003 -29"><span class='ocrx_word' id='word_1_138' title='bbox 660 2254 864 2330; x_wconf 87' lang='lat' dir='ltr'>nibus</span> <span class='ocrx_word' id='word_1_139' title='bbox 911 2256 1252 2354; x_wconf 79' lang='lat' dir='ltr'>religionis</span> <span class='ocrx_word' id='word_1_140' title='bbox 1302 2274 1652 2357; x_wconf 84' lang='lat' dir='ltr'>praecepta</span> <span class='ocrx_word' id='word_1_141' title='bbox 1712 2259 2144 2357; x_wconf 86' lang='lat' dir='ltr'>proposueris</span> <span class='ocrx_word' id='word_1_142' title='bbox 2179 2260 2285 2332; x_wconf 91' lang='lat' dir='ltr'>sin</span> <span class='ocrx_word' id='word_1_143' title='bbox 2321 2260 2543 2333; x_wconf 90' lang='lat' dir='ltr'>minus</span> <span class='ocrx_word' id='word_1_144' title='bbox 2577 2259 2874 2334; x_wconf 85' lang='lat' dir='ltr'>irascan-</span> 
     </span>
     <span class='ocr_line' id='line_1_18' title="bbox 661 2372 2182 2472; baseline 0.002 -30"><span class='ocrx_word' id='word_1_145' title='bbox 661 2385 773 2442; x_wconf 82' lang='lat' dir='ltr'>tur</span> <span class='ocrx_word' id='word_1_146' title='bbox 796 2428 813 2458; x_wconf 91' lang='lat'>‚</span> <span class='ocrx_word' id='word_1_147' title='bbox 870 2372 1146 2445; x_wconf 90' lang='lat' dir='ltr'>irrident</span> <span class='ocrx_word' id='word_1_148' title='bbox 1193 2372 1428 2446; x_wconf 90' lang='lat' dir='ltr'>saltem</span> <span class='ocrx_word' id='word_1_149' title='bbox 1478 2388 1679 2472; x_wconf 87' lang='lat' dir='ltr'>atque</span> <span class='ocrx_word' id='word_1_150' title='bbox 1728 2390 2182 2447; x_wconf 90' lang='lat' dir='ltr'>contemnunt.</span> 
     </span>
    </p>

    <p class='ocr_par' dir='ltr' id='par_1_4' title="bbox 652 2487 2873 3612">
     <span class='ocr_line' id='line_1_19' title="bbox 801 2487 2873 2592; baseline 0.004 -34"><span class='ocrx_word' id='word_1_151' title='bbox 801 2487 943 2560; x_wconf 88' lang='lat' dir='ltr'>Iam</span> <span class='ocrx_word' id='word_1_152' title='bbox 982 2513 1139 2562; x_wconf 82' lang='lat' dir='ltr'>vero</span> <span class='ocrx_word' id='word_1_153' title='bbox 1172 2487 1241 2560; x_wconf 88' lang='lat' dir='ltr'>in</span> <span class='ocrx_word' id='word_1_154' title='bbox 1279 2488 1701 2588; x_wconf 88' lang='lat' dir='ltr'>praecedenti</span> <span class='ocrx_word' id='word_1_155' title='bbox 1743 2489 2024 2564; x_wconf 88' lang='lat' dir='ltr'>articulo</span> <span class='ocrx_word' id='word_1_156' title='bbox 2069 2488 2494 2565; x_wconf 83' lang='lat' dir='ltr'>ostendimus</span> <span class='ocrx_word' id='word_1_157' title='bbox 2510 2548 2526 2577; x_wconf 91' lang='lat'>,</span> <span class='ocrx_word' id='word_1_158' title='bbox 2568 2491 2628 2565; x_wconf 88' lang='lat' dir='ltr'>si</span> <span class='ocrx_word' id='word_1_159' title='bbox 2671 2517 2873 2592; x_wconf 86' lang='lat' dir='ltr'>quos—</span> 
     </span>
     <span class='ocr_line' id='line_1_20' title="bbox 656 2600 2873 2704; baseline 0.004 -31"><span class='ocrx_word' id='word_1_160' title='bbox 656 2600 812 2673; x_wconf 88' lang='lat' dir='ltr'>dam</span> <span class='ocrx_word' id='word_1_161' title='bbox 845 2600 1158 2700; x_wconf 88' lang='lat' dir='ltr'>deceptos</span> <span class='ocrx_word' id='word_1_162' title='bbox 1199 2602 1367 2675; x_wconf 81' lang='lat' dir='ltr'>forte</span> <span class='ocrx_word' id='word_1_163' title='bbox 1416 2603 1760 2701; x_wconf 86' lang='lat' dir='ltr'>exceperis</span> <span class='ocrx_word' id='word_1_164' title='bbox 1782 2661 1798 2690; x_wconf 92' lang='lat'>‚</span> <span class='ocrx_word' id='word_1_165' title='bbox 1843 2629 1986 2690; x_wconf 87' lang='lat' dir='ltr'>eos,</span> <span class='ocrx_word' id='word_1_166' title='bbox 2027 2605 2144 2703; x_wconf 91' lang='lat' dir='ltr'>qui</span> <span class='ocrx_word' id='word_1_167' title='bbox 2188 2605 2402 2703; x_wconf 85' lang='lat' dir='ltr'>legem</span> <span class='ocrx_word' id='word_1_168' title='bbox 2445 2606 2742 2704; x_wconf 87' lang='lat' dir='ltr'>coniugii</span> <span class='ocrx_word' id='word_1_169' title='bbox 2776 2608 2873 2681; x_wconf 85' lang='lat' dir='ltr'>ci·</span> 
     </span>
     <span class='ocr_line' id='line_1_21' title="bbox 655 2712 2867 2819; baseline 0.005 -34"><span class='ocrx_word' id='word_1_170' title='bbox 655 2712 810 2786; x_wconf 81' lang='lat' dir='ltr'>vilis</span> <span class='ocrx_word' id='word_1_171' title='bbox 864 2730 1243 2814; x_wconf 84' lang='lat' dir='ltr'>proponunt</span> <span class='ocrx_word' id='word_1_172' title='bbox 1291 2716 1726 2790; x_wconf 83' lang='lat' dir='ltr'>sanciendam</span> <span class='ocrx_word' id='word_1_173' title='bbox 1759 2773 1775 2804; x_wconf 91' lang='lat'>‚</span> <span class='ocrx_word' id='word_1_174' title='bbox 1835 2717 2143 2792; x_wconf 88' lang='lat' dir='ltr'>homines</span> <span class='ocrx_word' id='word_1_175' title='bbox 2206 2719 2618 2819; x_wconf 73' lang='lat' dir='ltr'>irreligiosos</span> <span class='ocrx_word' id='word_1_176' title='bbox 2668 2746 2822 2796; x_wconf 89' lang='lat' dir='ltr'>esse</span> <span class='ocrx_word' id='word_1_177' title='bbox 2851 2779 2867 2807; x_wconf 90' lang='lat'>‚</span> 
     </span>
     <span class='ocr_line' id='line_1_22' title="bbox 656 2827 2872 2935; baseline 0.004 -37"><span class='ocrx_word' id='word_1_178' title='bbox 656 2842 858 2925; x_wconf 89' lang='lat' dir='ltr'>atque</span> <span class='ocrx_word' id='word_1_179' title='bbox 921 2827 1245 2902; x_wconf 89' lang='lat' dir='ltr'>ecclesiae</span> <span class='ocrx_word' id='word_1_180' title='bbox 1285 2829 1669 2903; x_wconf 69' lang='lat' dir='ltr'>vcatholicae</span> <span class='ocrx_word' id='word_1_181' title='bbox 1728 2831 2147 2907; x_wconf 82' lang='lat' dir='ltr'>adversarios</span> <span class='ocrx_word' id='word_1_182' title='bbox 2197 2850 2264 2907; x_wconf 86' lang='lat' dir='ltr'>et</span> <span class='ocrx_word' id='word_1_183' title='bbox 2309 2833 2540 2908; x_wconf 80' lang='lat' dir='ltr'>hostes</span> <span class='ocrx_word' id='word_1_184' title='bbox 2563 2892 2579 2921; x_wconf 91' lang='lat'>‚</span> <span class='ocrx_word' id='word_1_185' title='bbox 2636 2834 2872 2935; x_wconf 83' lang='lat' dir='ltr'>nempe</span> 
     </span>
     <span class='ocr_line' id='line_1_23' title="bbox 653 2939 2871 3048; baseline 0.004 -35"><span class='ocrx_word' id='word_1_186' title='bbox 653 2939 855 3013; x_wconf 91' lang='lat' dir='ltr'>unice</span> <span class='ocrx_word' id='word_1_187' title='bbox 884 2966 1084 3014; x_wconf 78' lang='lat' dir='ltr'>verae</span> <span class='ocrx_word' id='word_1_188' title='bbox 1117 2940 1460 3038; x_wconf 82' lang='lat' dir='ltr'>religionis</span> <span class='ocrx_word' id='word_1_189' title='bbox 1493 2969 1750 3017; x_wconf 85' lang='lat' dir='ltr'>osores.</span> <span class='ocrx_word' id='word_1_190' title='bbox 1793 2944 2227 3021; x_wconf 80' lang='lat' dir='ltr'>Ostendimus</span> <span class='ocrx_word' id='word_1_191' title='bbox 2267 2963 2638 3047; x_wconf 88' lang='lat' dir='ltr'>praeterea,</span> <span class='ocrx_word' id='word_1_192' title='bbox 2677 2963 2871 3048; x_wconf 87' lang='lat' dir='ltr'>quot-</span> 
     </span>
     <span class='ocr_line' id='line_1_24' title="bbox 653 3054 2867 3159; baseline 0.005 -34"><span class='ocrx_word' id='word_1_193' title='bbox 653 3068 815 3152; x_wconf 89' lang='lat' dir='ltr'>quot</span> <span class='ocrx_word' id='word_1_194' title='bbox 862 3054 990 3130; x_wconf 89' lang='lat' dir='ltr'>sub</span> <span class='ocrx_word' id='word_1_195' title='bbox 1033 3055 1203 3153; x_wconf 81' lang='lat' dir='ltr'>legis</span> <span class='ocrx_word' id='word_1_196' title='bbox 1243 3056 1463 3130; x_wconf 86' lang='lat' dir='ltr'>civilis</span> <span class='ocrx_word' id='word_1_197' title='bbox 1497 3057 1772 3132; x_wconf 86' lang='lat' dir='ltr'>obtentu</span> <span class='ocrx_word' id='word_1_198' title='bbox 1813 3085 1892 3132; x_wconf 87' lang='lat' dir='ltr'>ac</span> <span class='ocrx_word' id='word_1_199' title='bbox 1936 3062 2304 3159; x_wconf 87' lang='lat' dir='ltr'>patrocinio</span> <span class='ocrx_word' id='word_1_200' title='bbox 2351 3063 2680 3137; x_wconf 85' lang='lat' dir='ltr'>eiusmodi</span> <span class='ocrx_word' id='word_1_201' title='bbox 2736 3062 2867 3135; x_wconf 89' lang='lat' dir='ltr'>lar-</span> 
     </span>
     <span class='ocr_line' id='line_1_25' title="bbox 653 3169 2871 3251; baseline 0.004 -10"><span class='ocrx_word' id='word_1_202' title='bbox 653 3183 806 3242; x_wconf 79' lang='lat' dir='ltr'>vata</span> <span class='ocrx_word' id='word_1_203' title='bbox 838 3169 1072 3242; x_wconf 90' lang='lat' dir='ltr'>ineunt</span> <span class='ocrx_word' id='word_1_204' title='bbox 1111 3170 1445 3244; x_wconf 85' lang='lat' dir='ltr'>connubia</span> <span class='ocrx_word' id='word_1_205' title='bbox 1471 3171 1556 3244; x_wconf 90' lang='lat' dir='ltr'>ad</span> <span class='ocrx_word' id='word_1_206' title='bbox 1584 3172 2037 3248; x_wconf 86' lang='lat' dir='ltr'>exclusionem</span> <span class='ocrx_word' id='word_1_207' title='bbox 2074 3192 2452 3251; x_wconf 83' lang='lat' dir='ltr'>contractus</span> <span class='ocrx_word' id='word_1_208' title='bbox 2492 3202 2871 3250; x_wconf 86' lang='lat' dir='ltr'>sacramen·</span> 
     </span>
     <span class='ocr_line' id='line_1_26' title="bbox 654 3282 2870 3390; baseline 0.004 -35"><span class='ocrx_word' id='word_1_209' title='bbox 654 3282 845 3370; x_wconf 88' lang='lat' dir='ltr'>talis,</span> <span class='ocrx_word' id='word_1_210' title='bbox 900 3285 1018 3383; x_wconf 90' lang='lat' dir='ltr'>qui</span> <span class='ocrx_word' id='word_1_211' title='bbox 1068 3311 1189 3385; x_wconf 87' lang='lat' dir='ltr'>per</span> <span class='ocrx_word' id='word_1_212' title='bbox 1235 3284 1585 3359; x_wconf 90' lang='lat' dir='ltr'>ecclesiam</span> <span class='ocrx_word' id='word_1_213' title='bbox 1634 3287 1832 3361; x_wconf 91' lang='lat' dir='ltr'>unice</span> <span class='ocrx_word' id='word_1_214' title='bbox 1869 3289 2150 3362; x_wconf 90' lang='lat' dir='ltr'>obtineri</span> <span class='ocrx_word' id='word_1_215' title='bbox 2194 3306 2444 3390; x_wconf 83' lang='lat' dir='ltr'>potest,</span> <span class='ocrx_word' id='word_1_216' title='bbox 2484 3291 2760 3364; x_wconf 85' lang='lat' dir='ltr'>totidem</span> <span class='ocrx_word' id='word_1_217' title='bbox 2795 3292 2870 3363; x_wconf 89' lang='lat' dir='ltr'>li-</span> 
     </span>
     <span class='ocr_line' id='line_1_27' title="bbox 652 3395 2867 3502; baseline 0.005 -32"><span class='ocrx_word' id='word_1_218' title='bbox 652 3395 946 3472; x_wconf 87' lang='lat' dir='ltr'>bertinos</span> <span class='ocrx_word' id='word_1_219' title='bbox 981 3424 1133 3473; x_wconf 90' lang='lat' dir='ltr'>esse</span> <span class='ocrx_word' id='word_1_220' title='bbox 1150 3457 1166 3486; x_wconf 91' lang='lat'>‚</span> <span class='ocrx_word' id='word_1_221' title='bbox 1206 3399 1744 3502; x_wconf 78' lang='lat' dir='ltr'>depravataeque</span> <span class='ocrx_word' id='word_1_222' title='bbox 1790 3403 2241 3477; x_wconf 87' lang='lat' dir='ltr'>conscientiae</span> <span class='ocrx_word' id='word_1_223' title='bbox 2288 3406 2466 3479; x_wconf 73' lang='lat' dir='ltr'>viros</span> <span class='ocrx_word' id='word_1_224' title='bbox 2502 3430 2584 3477; x_wconf 90' lang='lat' dir='ltr'>ac</span> <span class='ocrx_word' id='word_1_225' title='bbox 2617 3404 2867 3481; x_wconf 77' lang='lat' dir='ltr'>nullius</span> 
     </span>
     <span class='ocr_line' id='line_1_28' title="bbox 652 3509 2748 3612; baseline 0.004 -30"><span class='ocrx_word' id='word_1_226' title='bbox 652 3509 994 3607; x_wconf 88' lang='lat' dir='ltr'>religionis</span> <span class='ocrx_word' id='word_1_227' title='bbox 1018 3569 1035 3599; x_wconf 92' lang='lat'>‚</span> <span class='ocrx_word' id='word_1_228' title='bbox 1090 3512 1391 3612; x_wconf 88' lang='lat' dir='ltr'>alioquin</span> <span class='ocrx_word' id='word_1_229' title='bbox 1444 3515 1572 3588; x_wconf 87' lang='lat' dir='ltr'>hac</span> <span class='ocrx_word' id='word_1_230' title='bbox 1619 3515 1799 3589; x_wconf 82' lang='lat' dir='ltr'>civili</span> <span class='ocrx_word' id='word_1_231' title='bbox 1853 3515 2151 3590; x_wconf 83' lang='lat' dir='ltr'>libertate</span> <span class='ocrx_word' id='word_1_232' title='bbox 2201 3545 2334 3591; x_wconf 90' lang='lat' dir='ltr'>non</span> <span class='ocrx_word' id='word_1_233' title='bbox 2382 3532 2748 3591; x_wconf 88' lang='lat' dir='ltr'>uterentur.</span> 
     </span>
    </p>

    <p class='ocr_par' dir='ltr' id='par_1_5' title="bbox 650 3626 2870 4191">
     <span class='ocr_line' id='line_1_29' title="bbox 796 3626 2864 3731; baseline 0.005 -36"><span class='ocrx_word' id='word_1_234' title='bbox 796 3626 1027 3725; x_wconf 89' lang='lat' dir='ltr'>Itaque</span> <span class='ocrx_word' id='word_1_235' title='bbox 1067 3627 1301 3726; x_wconf 86' lang='lat' dir='ltr'>paucis</span> <span class='ocrx_word' id='word_1_236' title='bbox 1350 3628 1749 3702; x_wconf 88' lang='lat' dir='ltr'>concludere</span> <span class='ocrx_word' id='word_1_237' title='bbox 1798 3645 1939 3704; x_wconf 94' lang='lat' dir='ltr'>tuto</span> <span class='ocrx_word' id='word_1_238' title='bbox 1990 3657 2342 3731; x_wconf 86' lang='lat' dir='ltr'>possemus</span> <span class='ocrx_word' id='word_1_239' title='bbox 2365 3689 2380 3719; x_wconf 92' lang='lat'>,</span> <span class='ocrx_word' id='word_1_240' title='bbox 2439 3658 2555 3706; x_wconf 88' lang='lat' dir='ltr'>eos</span> <span class='ocrx_word' id='word_1_241' title='bbox 2604 3657 2864 3706; x_wconf 87' lang='lat' dir='ltr'>omnem</span> 
     </span>
     <span class='ocr_line' id='line_1_30' title="bbox 652 3739 2870 3842; baseline 0.004 -32"><span class='ocrx_word' id='word_1_242' title='bbox 652 3739 994 3835; x_wconf 85' lang='lat' dir='ltr'>religionis</span> <span class='ocrx_word' id='word_1_243' title='bbox 1044 3768 1321 3815; x_wconf 87' lang='lat' dir='ltr'>sensum</span> <span class='ocrx_word' id='word_1_244' title='bbox 1387 3742 1793 3842; x_wconf 87' lang='lat' dir='ltr'>deposuisse</span> <span class='ocrx_word' id='word_1_245' title='bbox 1820 3802 1836 3831; x_wconf 92' lang='lat'>‚</span> <span class='ocrx_word' id='word_1_246' title='bbox 1903 3771 2027 3819; x_wconf 89' lang='lat' dir='ltr'>nec</span> <span class='ocrx_word' id='word_1_247' title='bbox 2088 3746 2301 3819; x_wconf 88' lang='lat' dir='ltr'>ullum</span> <span class='ocrx_word' id='word_1_248' title='bbox 2363 3745 2724 3821; x_wconf 85' lang='lat' dir='ltr'>salutarem</span> <span class='ocrx_word' id='word_1_249' title='bbox 2773 3747 2870 3820; x_wconf 82' lang='lat' dir='ltr'>ef·-</span> 
     </span>
     <span class='ocr_line' id='line_1_31' title="bbox 650 3850 2865 3960; baseline 0.004 -38"><span class='ocrx_word' id='word_1_250' title='bbox 650 3850 892 3926; x_wconf 78' lang='lat' dir='ltr'>sectum</span> <span class='ocrx_word' id='word_1_251' title='bbox 936 3855 1007 3926; x_wconf 88' lang='lat' dir='ltr'>in</span> <span class='ocrx_word' id='word_1_252' title='bbox 1057 3857 1336 3930; x_wconf 88' lang='lat' dir='ltr'>istorum</span> <span class='ocrx_word' id='word_1_253' title='bbox 1396 3857 1600 3931; x_wconf 84' lang='lat' dir='ltr'>corda</span> <span class='ocrx_word' id='word_1_254' title='bbox 1640 3885 1682 3931; x_wconf 90' lang='lat' dir='ltr'>a</span> <span class='ocrx_word' id='word_1_255' title='bbox 1725 3859 2048 3957; x_wconf 89' lang='lat' dir='ltr'>religione</span> <span class='ocrx_word' id='word_1_256' title='bbox 2108 3862 2472 3959; x_wconf 87' lang='lat' dir='ltr'>profluere,</span> <span class='ocrx_word' id='word_1_257' title='bbox 2540 3863 2684 3935; x_wconf 83' lang='lat' dir='ltr'>sive</span> <span class='ocrx_word' id='word_1_258' title='bbox 2747 3861 2865 3960; x_wconf 91' lang='lat' dir='ltr'>qui</span> 
     </span>
     <span class='ocr_line' id='line_1_32' title="bbox 652 3963 2867 4078; baseline 0.004 -39"><span class='ocrx_word' id='word_1_259' title='bbox 652 3963 864 4062; x_wconf 82' lang='lat' dir='ltr'>legem</span> <span class='ocrx_word' id='word_1_260' title='bbox 916 3988 1329 4071; x_wconf 89' lang='lat' dir='ltr'>proponunt,</span> <span class='ocrx_word' id='word_1_261' title='bbox 1374 3973 1791 4075; x_wconf 90' lang='lat' dir='ltr'>scienterque</span> <span class='ocrx_word' id='word_1_262' title='bbox 1832 3990 2070 4072; x_wconf 84' lang='lat' dir='ltr'>urgent</span> <span class='ocrx_word' id='word_1_263' title='bbox 2095 4032 2111 4060; x_wconf 88' lang='lat'>‚</span> <span class='ocrx_word' id='word_1_264' title='bbox 2166 3976 2310 4050; x_wconf 78' lang='lat' dir='ltr'>sive</span> <span class='ocrx_word' id='word_1_265' title='bbox 2345 3976 2463 4078; x_wconf 91' lang='lat' dir='ltr'>qui</span> <span class='ocrx_word' id='word_1_266' title='bbox 2500 4003 2577 4052; x_wconf 87' lang='lat' dir='ltr'>se</span> <span class='ocrx_word' id='word_1_267' title='bbox 2609 3977 2669 4052; x_wconf 88' lang='lat' dir='ltr'>ei</span> <span class='ocrx_word' id='word_1_268' title='bbox 2706 3999 2867 4050; x_wconf 86' lang='lat' dir='ltr'>con·-</span> 
     </span>
     <span class='ocr_line' id='line_1_33' title="bbox 651 4079 2855 4191; baseline 0.004 -41"><span class='ocrx_word' id='word_1_269' title='bbox 651 4079 936 4155; x_wconf 80' lang='lat' dir='ltr'>formant</span> <span class='ocrx_word' id='word_1_270' title='bbox 967 4141 982 4170; x_wconf 92' lang='lat'>‚</span> <span class='ocrx_word' id='word_1_271' title='bbox 1042 4085 1112 4158; x_wconf 88' lang='lat' dir='ltr'>in</span> <span class='ocrx_word' id='word_1_272' title='bbox 1168 4086 1507 4185; x_wconf 85' lang='lat' dir='ltr'>religionis</span> <span class='ocrx_word' id='word_1_273' title='bbox 1559 4088 1972 4163; x_wconf 78' lang='lat' dir='ltr'>christianae</span> <span class='ocrx_word' id='word_1_274' title='bbox 2031 4091 2421 4190; x_wconf 80' lang='lat' dir='ltr'>conspirare</span> <span class='ocrx_word' id='word_1_275' title='bbox 2470 4091 2855 4191; x_wconf 85' lang='lat' dir='ltr'>perniciem.</span> 
     </span>
    </p>
   </div>
   <div class='ocr_carea' id='block_1_3' title="bbox 788 4330 2126 4401">
    <p class='ocr_par' dir='ltr' id='par_1_6' title="bbox 788 4330 2126 4401">
     <span class='ocr_line' id='line_1_34' title="bbox 788 4330 2126 4401; baseline 0.007 -21"><span class='ocrx_word' id='word_1_276' title='bbox 788 4330 890 4393; x_wconf 70' lang='lat'>(⁴⁸)</span> <span class='ocrx_word' id='word_1_277' title='bbox 915 4332 993 4383; x_wconf 74' lang='lat' dir='ltr'>or.</span> <span class='ocrx_word' id='word_1_278' title='bbox 1029 4332 1226 4386; x_wconf 70' lang='lat' dir='ltr'>neberti</span> <span class='ocrx_word' id='word_1_279' title='bbox 1256 4337 1308 4387; x_wconf 77' lang='lat' dir='ltr'>ln</span> <span class='ocrx_word' id='word_1_280' title='bbox 1337 4350 1419 4400; x_wconf 77' lang='lat' dir='ltr'>op.</span> <span class='ocrx_word' id='word_1_281' title='bbox 1445 4337 1603 4388; x_wconf 74' lang='lat' dir='ltr'>mlta</span> <span class='ocrx_word' id='word_1_282' title='bbox 1622 4336 1838 4401; x_wconf 64' lang='lat' dir='ltr'>prom</span> <span class='ocrx_word' id='word_1_283' title='bbox 1859 4339 2126 4389; x_wconf 68' lang='lat' dir='ltr'>natur-ule.</span> 
     </span>
    </p>
   </div>
  </div>
 </body>
</html>
