3276 5083
700 401 836 472 322
1098 422 1221 472 m.
1264 422 1310 472 1.
1354 421 1525 473 sacr.
1568 423 1829 473 Auum.
1881 423 1960 472 nc
1995 424 2258 477 urunt.
2302 421 2518 491 civim.

695 542 1084 616 clamaverit
1131 541 1219 615 ob
1283 543 1749 616 sanctissimas
1818 542 2201 615 sanctiones
2254 568 2416 629 suas
2469 541 2744 640 indigne
2790 571 2923 619 au—

693 659 1055 757 dacterque
1105 658 1190 731 ab
1241 659 1358 746 iis,
1399 658 1516 757 qui
1569 656 1747 730 filios
1800 683 1961 732 suos
1997 684 2071 731 se
2107 674 2523 758 nuncupant,
2567 660 2921 758 proculca-

694 790 837 861 tas,
878 774 1017 847 Deo
1066 774 1501 847 committeret
1551 799 1823 847 causam
1878 799 2093 846 suam.
2148 773 2421 856 Interim
2456 773 2563 847 lex
2598 791 2691 850 tot
2723 779 2917 878 capi-

695 889 877 963 tibus
926 888 1341 988 antipolitica
1367 947 1383 975 ‚
1440 890 1609 963 adeo
1662 917 1793 964 non
1846 890 2044 964 modo
2095 889 2418 964 ecclesiae
2444 949 2460 978 ,
2518 891 2640 966 sed
2692 893 2916 993 ipsius

694 1004 922 1105 populi
973 1003 1285 1078 catholici
1335 1029 1415 1077 ac
1464 1005 1806 1078 societatis
1859 1003 2121 1079 iuribus
2171 1004 2454 1079 adversa
2487 1064 2502 1093 ,
2552 1032 2595 1080 a
2644 1006 2920 1106 publica

691 1119 1007 1220 opinione
1040 1119 1407 1219 >reprobata
1459 1120 1833 1194 certissime
1875 1124 2196 1220 temporis
2248 1137 2461 1197 tractu
2506 1148 2639 1198 non
2687 1122 2913 1199 solum

690 1237 762 1308 in
818 1235 1329 1319 desuetudinem
1382 1260 1460 1309 ac
1512 1234 1915 1309 oblivionem
1986 1237 2281 1310 tradetur
2302 1294 2317 1323 ,
2373 1235 2494 1310 sed
2544 1263 2587 1311 a
2633 1239 2916 1337 legifera

691 1350 843 1450 ipsa
891 1364 1217 1450 potestate
1267 1350 1647 1425 necessario
1707 1375 1748 1422 a
1797 1350 2028 1424 codice
2076 1365 2528 1450 expungetur,
2587 1376 2739 1425 cum
2790 1353 2914 1427 de·

690 1465 865 1539 derit
912 1465 1166 1538 fructus
1217 1490 1401 1539 suos.

1514 1695 1931 1753 ARTICULUS
1971 1697 2065 1751 iv.

796 1860 917 1919 Lex
936 1903 955 1936 ,
996 1875 1145 1936 quae
1172 1858 1615 1919 Matrimonium
1640 1860 1812 1918 civile
1837 1859 2119 1920 libertatis
2147 1863 2383 1921 nomine
2409 1862 2748 1924 cohonestat
2774 1908 2791 1939 ‚

1146 1958 1210 2014 in
1251 1956 1434 2032 legem
1474 1955 1712 2032 desinit,
1739 1971 1889 2032 quae
1915 1956 2076 2016 favet
2113 1957 2435 2035 tyrannidi.

826 2140 947 2213 vix
971 2140 1307 2239 suspicari
1335 2141 1680 2239 quispiam
1708 2165 1912 2240 posse
1954 2140 2331 2228 videretur,
2374 2166 2524 2215 eam
2550 2142 2764 2241 legem
2803 2159 2915 2244 ty-

687 2255 953 2330 rannidi
983 2255 1205 2328 favere
1230 2270 1434 2356 atque
1460 2255 1629 2329 adeo
1657 2280 1810 2328 esse
1845 2255 2284 2355 tyrannicam,
2319 2283 2496 2357 quae
2524 2256 2909 2333 facultatem

683 2370 958 2470 praebet
982 2370 1578 2444 indiscriminatim
1603 2370 1918 2444 omnibus
1955 2370 2187 2444 civiles
2216 2372 2488 2471 nuptias
2514 2373 2912 2447 contrahen-

681 2487 777 2575 di,
811 2513 1120 2590 quaeque
1146 2487 1369 2588 potius
1397 2486 1482 2560 ad
1511 2485 1910 2575 libertatem,
1944 2486 2148 2561 immo
2172 2511 2330 2563 vero
2355 2488 2553 2563 etiam
2578 2488 2667 2563 ad
2696 2487 2910 2564 licen-

680 2604 838 2676 tiam
874 2602 1225 2677 l‘ovendam
1261 2603 1595 2701 dirigitur.
1630 2602 1832 2701 Atqui
1876 2602 2202 2676 eiusmodi
2240 2601 2347 2675 lex
2380 2603 2511 2678 sub
2546 2603 2907 2704 multiplici

680 2733 989 2816 respectu
1040 2742 1316 2790 necesse
1349 2733 1454 2791 est
1495 2717 1851 2817 tyrannica
1887 2717 2151 2804 evadat,
2194 2743 2316 2791 seu
2353 2718 2504 2793 fons
2539 2734 2909 2820 perpetuus

678 2830 1072 2930 multiplicis
1095 2831 1463 2904 vexationis
1487 2829 1822 2906 violentae
1847 2846 2050 2930 atque
2085 2831 2500 2930 tyrannicae.
2524 2834 2909 2933 Tyrannica

677 2945 914 3019 evadet
964 2971 1122 3043 erga
1171 2944 1524 3019 ecclesiam
1576 2945 1861 3045 eiusque
1912 2945 2292 3034 ministros3
2347 2948 2695 3046 tyrannica
2744 2975 2910 3046 erga

677 3062 1037 3160 coniuges;
1094 3060 1444 3161 tyrannica
1484 3086 1645 3159 erga
1677 3060 1966 3162 prolem;
2009 3062 2362 3161 tyrannica
2405 3063 2698 3163 denique
2746 3065 2906 3137 uni-

674 3179 922 3252 versim
964 3205 1125 3277 erga
1172 3178 1378 3252 cives.
1424 3179 1624 3253 Porro
1669 3204 1862 3253 nemo
1915 3179 2253 3276 negaverit
2303 3205 2450 3253 eam
2501 3179 2712 3279 legem
2766 3206 2904 3255 me-

677 3295 802 3368 rito
861 3294 1279 3394 tyrannicam
1341 3293 1764 3392 nuncupari,
1841 3318 2015 3391 quae
2077 3309 2309 3368 contra
2358 3295 2466 3366 ius
2517 3294 2832 3368 statuitur
2876 3354 2896 3382 ,

675 3435 850 3509 quae
899 3409 1348 3484 conscientiae
1401 3409 1548 3482 iura
1605 3408 1860 3497 laedit,
1922 3434 2229 3508 quaeque
2279 3409 2597 3509 opprimit
2647 3409 2897 3483 civium

672 3525 1067 3600 libertatem.
1128 3526 1326 3625 Atqui
1379 3525 1579 3598 talem
1628 3525 1910 3598 evadere
1958 3524 2171 3623 legem
2205 3583 2221 3612 ,
2288 3550 2464 3624 quae
2512 3526 2892 3599 sanciretur

672 3640 756 3714 ad
808 3639 1309 3716 cohonestanda
1357 3638 1585 3713 civilia
1634 3639 2000 3727 connubia,
2045 3639 2145 3712 sic
2180 3665 2299 3739 per
2341 3638 2612 3738 singula
2663 3666 2895 3714 recen-

672 3756 802 3830 sita
852 3756 1074 3855 capita
1126 3753 1478 3830 ostendere
1527 3754 1979 3852 aggredimur.

813 3871 906 3946 Ac
956 3873 1172 3971 primo
1224 3871 1307 3944 ad
1375 3869 1728 3945 ecclesiam
1792 3870 1972 3969 quod
2038 3871 2274 3944 attinet
2336 3871 2622 3972 eiusque
2685 3871 2889 3942 mini-

668 4003 880 4074 stros,
931 3989 1001 4060 in
1055 4003 1284 4088 aperto
1320 4014 1425 4061 res
1460 4003 1585 4061 est.
1630 3987 1892 4060 Etenim
1938 3985 2044 4059 lex
2096 3986 2428 4060 eiusmodi
2472 3987 2725 4061 directe
2757 4012 2887 4085 pu-

664 4118 824 4200 gnat
873 4128 1026 4176 cum
1068 4104 1395 4178 ecclesiae
1443 4102 1815 4178 catholicae
1856 4102 2194 4190 doctrina,
2247 4129 2457 4203 quum
2498 4102 2760 4178 validas
2800 4101 2886 4174 il-

666 4219 767 4292 las
801 4234 1048 4293 statuat
1083 4220 1353 4319 nuptias
1382 4277 1397 4307 ,
1440 4246 1610 4318 quas
1650 4217 1887 4315 religio
1932 4233 2273 4318 tamquam
2311 4218 2568 4305 irritaS,
2622 4216 2878 4302 nullaS,

665 4361 743 4409 ac
796 4335 1189 4410 fornicarias
1244 4335 1525 4436 repellit.
1571 4336 1743 4408 Dum
1780 4334 2061 4435 proinde
2097 4334 2395 4436 perditae
2434 4334 2884 4408 conscientiae
