3276 5083
545 446 682 495 cu.
714 445 802 494 v1.
836 444 917 493 nt
950 442 1184 493 Aneuu.
1218 444 1334 494 rso
1368 444 1525 494 ue:
1557 445 1637 493 ns
1672 445 1860 495 urs.
1894 443 2020 493 etv.
2054 444 2193 493 mr.
2226 445 2317 494 ιιι.
2430 422 2563 493 423

525 565 660 635 lam
694 586 850 634 vero
884 561 1304 635 matrimonia
1339 561 1655 659 legitima,
1691 588 1862 661 quae
1892 560 2389 634 celebrabantur
2413 581 2564 636 ante

374 677 728 750 concilium
776 676 1240 765 tridentinum,
1298 693 1579 776 possunt
1611 676 1930 751 celebrari
1966 678 2164 750 etiam
2200 693 2350 776 post
2382 678 2559 750 istud

375 790 729 863 concilium
766 790 823 863 si
862 791 1172 889 princeps
1221 789 1586 863 catholicus
1622 790 1692 861 in
1728 816 1929 888 regno
1962 816 2087 865 suo
2117 790 2274 864 velit
2314 790 2562 864 formae

374 931 417 976 a
464 904 748 978 concilio
795 894 1222 1004 praestitutae
1270 903 1467 977 aliam
1521 904 1912 1003 subrogare,
1981 931 2116 1005 qua
2167 905 2341 978 idem
2407 906 2560 980 finis

372 1015 745 1090 obtineatur
769 1075 784 1105 ,
853 1017 1262 1116 impediendi
1325 1012 1581 1092 scilicet
1633 1019 2054 1093 matrimonia
2118 1018 2550 1092 clandestina.

373 1131 542 1204 Ante
589 1131 943 1206 concilium
991 1131 1412 1206 matrimonia
1458 1132 1869 1207 clandestina
1915 1148 2108 1206 erant·
2140 1132 2559 1205 matrimonia

372 1245 493 1319 sed
542 1272 667 1318 non
723 1261 904 1332 ναίω·
944 1263 1174 1346 postea
1207 1246 1470 1319 fuerunt
1503 1247 1820 1320 invalida.
1861 1246 2225 1321 Concilium
2261 1246 2388 1320 hoc
2431 1273 2559 1319 suo

372 1359 634 1433 decreto
681 1362 878 1434 unice
925 1359 1135 1435 voluit
1194 1360 1422 1435 tollere
1478 1359 2112 1449 clandestinitatem3
2152 1387 2301 1435 cum
2358 1362 2559 1458 igitur

372 1471 475 1545 lex
525 1474 743 1548 civilis
792 1475 962 1549 tollit
1009 1475 1611 1550 clandestinitatem
1646 1475 1778 1549 alia
1812 1477 2099 1576 quadam
2140 1478 2385 1564 forma,
2423 1484 2559 1549 ma·

370 1589 749 1675 trimonium
801 1615 933 1665 non
992 1590 1120 1663 erit
1176 1607 1422 1678 ratum,
1494 1591 1616 1664 sed
1676 1617 1903 1665 verum
1960 1592 2086 1665 erit
2144 1591 2547 1689 coniugium.

368 1702 736 1777 Concilium
772 1704 959 1778 illum
994 1731 1311 1780 canonem
1346 1707 1568 1780 sanxit
1590 1733 1672 1780 ex
1694 1707 2105 1804 delegatione
2141 1708 2547 1805 principum;

368 1816 456 1906 hi,
486 1833 704 1892 autem
755 1835 1040 1918 possunt
1086 1820 1171 1894 ad
1223 1845 1298 1893 se
1353 1846 1498 1892 eam
1562 1835 1950 1919 potestatem
2010 1846 2315 1895 revocare
2371 1820 2555 1895 iuxta

367 1947 733 2029 temporum
768 1932 1222 2007 necessitates.
1248 1933 1347 2018 ld,
1376 1934 1647 2032 inquam
1664 1991 1680 2019 ,
1712 1934 1780 2005 id
1804 1935 2058 2007 iamdiu
2080 1935 2321 2009 factum
2345 1934 2555 2009 fuisse

369 2046 439 2116 in
474 2044 702 2117 Galliis
736 2061 803 2118 et
834 2045 905 2116 in
939 2044 1198 2141 Belgio,
1244 2046 1411 2144 quin
1444 2046 1828 2119 huiusmodi
1862 2046 2214 2120 connubiis
2251 2049 2553 2144 legitimis

368 2154 560 2256 turpe
603 2156 1082 2231 concubinatus
1118 2183 1354 2232 nomen
1391 2158 1586 2232 fuerit
1625 2184 1942 2258 umquam
1984 2158 2267 2231 inditum
2322 2161 2544 2254 (108).

511 2272 702 2357 Quod
752 2272 902 2345 fuse
947 2271 1060 2347 hic
1094 2287 1315 2346 orator
1349 2274 1686 2373 exposuit,
1725 2273 2010 2347 breviter
2041 2273 2213 2347 alius
2248 2274 2552 2349 innuerat

367 2386 711 2486 inquiens:
752 2386 1050 2460 doctrina
1099 2414 1274 2487 quae
1307 2389 1391 2461 de
1422 2403 1759 2462 contractu
1795 2413 1874 2461 ac
1905 2385 2315 2462 sacramento
2346 2414 2548 2462 unam

363 2500 798 2601 eamdemque
846 2526 983 2575 rem
1032 2501 1273 2589 efficit,
1329 2528 1460 2577 non
1509 2518 1613 2577 est
1659 2501 1736 2576 de
1782 2501 1940 2600 fide:
1974 2503 2174 2577 etiam
2222 2502 2549 2578 contraria

360 2615 594 2713 opinio
638 2632 743 2689 est
790 2616 955 2688 satis
1004 2616 1319 2689 catholica
1358 2618 1581 2711 (1⁰9).

504 2730 693 2804 Alius
725 2731 923 2804 etiam
959 2747 1225 2805 senator
1257 2758 1334 2805 se
1366 2732 1457 2805 ita
1489 2732 1775 2805 breviter
1816 2732 2087 2805 extricat
2117 2757 2159 2805 a
2192 2731 2552 2806 tridentino-

360 2845 657 2919 decreto:
714 2845 819 2919 lex
875 2844 1091 2919 civilis
1149 2845 1343 2921 nobis
1397 2846 1743 2946 proposita
1805 2846 2097 2945 loquitur
2153 2861 2406 2922 tantum
2459 2844 2545 2921 de

361 2959 688 3055 coniugiis
740 2961 1076 3056 leqitimis:
1128 2961 1483 3034 concilium
1529 2986 1688 3035 vero
1735 2960 1821 3033 de
1878 2960 1992 3035 his
2047 2987 2179 3034 non
2235 2961 2533 3037 disserit:

358 3097 518 3169 ergo
563 3072 888 3147 eiusmodi
938 3072 1041 3146 lex
1088 3075 1371 3150 concilio
1419 3101 1552 3149 non
1602 3073 1988 3150 adversatur
2027 3075 2248 3169 (110).

1276 3298 1618 3400 Responsio

504 3517 585 3591 Ut
632 3518 831 3614 igitur
878 3518 1181 3617 singula,
1239 3546 1412 3619 quae
1460 3520 1544 3593 ab
1591 3536 1848 3595 oratore
1893 3521 2072 3596 dicta
2106 3537 2264 3595 sunt
2300 3547 2538 3620 expen-

357 3631 593 3706 damus
626 3648 692 3706 et
721 3633 807 3707 ad
843 3635 1154 3709 trutinam
1190 3660 1603 3724 revocemus,
1635 3636 2218 3712 animadvertimus
2249 3637 2536 3736 primum

356 3746 717 3840 generatim
766 3746 1007 3821 falsum
1054 3775 1210 3823 esse
1256 3749 1694 3848 principium;
1750 3750 1927 3849 quod
1978 3765 2051 3824 ut
2096 3749 2279 3824 basis
2337 3750 2537 3823 totius

353 3857 825 3957 disputationis
858 3862 1249 3936 assumitur:
1283 3888 1519 3964 nempe
1543 3864 1727 3937 iuxta
1749 3863 2142 3938 catholicam
2168 3864 2532 3940 doctrinam

351 3988 753 4048 contractum
802 4002 846 4049 a
892 3993 1305 4052 sacramento
1354 3979 1650 4078 separari
1702 4003 1919 4077 posse.

492 4167 623 4230 (108)
646 4170 833 4234 senato
862 4168 951 4219 del
983 4182 1155 4233 rayno.
1187 4178 1259 4221 ιε.
1288 4170 1504 4221 Dicemb.
1534 4178 1667 4223 1852.
1696 4184 1804 4236 pag.
1828 4175 1913 4223 204
1939 4184 2074 4233 seqq.

492 4247 626 4310 (too)
652 4246 778 4298 md.
804 4250 875 4299 17.
893 4247 1111 4298 Dicemb.

493 4326 1219 4393 (uo)1bid.2o.moemb.png.
1247 4335 1351 4380 πω.
1374 4330 1470 4380 col,
1500 4336 1541 4380 1.
