3276 5083
565 380 699 449 312
948 402 1067 452 Lm.
1113 404 1158 452 1.
1203 403 1372 452 sacr.
1417 403 1675 452 ALTERA.
1723 402 1800 451 ns
1836 401 2101 452 nram.
2144 398 2356 450 cmm.

562 545 707 591 eam
759 519 1139 616 opinionem
1183 544 1374 604 esse,
1432 545 1608 617 quae
1657 518 1930 617 propria
1991 543 2124 590 non
2176 534 2279 590 est
2329 517 2460 590 nisi
2513 518 2788 617 conspi-
2895 590 2906 597 ,

566 634 774 708 rantis
810 651 1040 708 coetus
1067 692 1083 721 ,
1127 635 1244 734 qui
1283 661 1356 707 se
1393 651 1613 708 tamen
1651 633 1973 732 populum
2018 634 2408 707 universum
2453 633 2783 733 appellat,

564 775 686 822 nec
734 765 837 821 est
886 747 1017 821 nisi
1070 748 1411 848 opinionis
1458 764 1907 822 commentum
1931 805 1946 833 ,
1987 747 2168 846 quod
2220 746 2398 822 delet
2445 747 2619 821 dies.
2671 749 2789 822 Isti

565 879 843 962 peccant
882 863 1106 961 quoad
1154 861 1678 961 applicationem
1704 920 1720 948 ,
1761 878 1869 935 ast
1903 861 2311 961 principium
2363 861 2795 936 verissimum

564 996 666 1052 est
693 1037 708 1066 ,
760 977 876 1051 ubi
930 976 1203 1077 publica
1253 977 1483 1077 opinio
1534 976 1753 1050 solido
1794 976 2118 1050 innitatur
2154 976 2533 1051 honestatis
2568 1002 2651 1051 ac
2681 1004 2798 1052 ve-

566 1095 779 1168 ritatis
833 1094 1303 1179 fundamento,
1363 1108 1561 1191 prout
1610 1092 1680 1163 in
1727 1117 1892 1166 casu
1944 1108 2175 1166 nostro
2216 1092 2566 1190 contingit.

712 1211 854 1282 lam
896 1235 1055 1283 vero
1109 1207 1420 1309 publicae
1465 1207 1800 1281 eiusmodi
1851 1208 2154 1307 opinioni
2194 1208 2537 1281 adversari
2582 1207 2796 1305 legem

569 1327 655 1397 de
682 1325 1109 1399 matrimonio
1143 1322 1323 1398 civili
1359 1338 1770 1424 compertum
1802 1323 1877 1395 fit
1903 1322 2256 1422 multiplici
2295 1324 2571 1397 ratione.
2606 1323 2801 1397 Com-

570 1458 833 1540 pertum
862 1441 937 1513 fit
960 1467 1040 1539 egi
1066 1467 1146 1515 eo
1172 1498 1188 1527 ,
1230 1441 1409 1540 quod
1447 1439 1506 1513 si
1544 1465 1794 1540 paucos
1833 1438 1986 1513 illos
2022 1438 2373 1536 leguleios,
2404 1464 2485 1513 ac
2511 1440 2801 1539 pseudo-

567 1556 886 1655 politicos
955 1554 1368 1652 irreligiosos
1420 1570 1487 1627 et
1538 1552 1920 1628 incredulos
1973 1554 2310 1653 excipias,
2362 1554 2480 1654 qui
2533 1581 2684 1627 eam
2734 1557 2803 1627 in

573 1668 870 1768 publicis
923 1668 1215 1741 comitiis
1269 1683 1696 1767 promovent,
1746 1664 1972 1741 nullos
2022 1666 2233 1755 alios,
2290 1687 2410 1742 aut
2459 1695 2646 1743 raros
2678 1669 2802 1742 ad-

572 1782 844 1856 modum
900 1782 1145 1855 habeat
1194 1781 1756 1882 adstipulatores;
1798 1797 2213 1882 compertum
2249 1782 2326 1857 fit
2357 1808 2441 1856 ex
2474 1810 2577 1872 eo,
2619 1784 2800 1884 quod

575 1923 810 2001 omncs
847 1896 1113 1971 honesti
1148 1896 1330 1969 cives
1366 1895 1454 1967 ab
1488 1896 1822 1969 eiusmodi
1874 1896 2209 1995 coniugiis
2259 1924 2440 1971 mere
2488 1897 2803 1973 civilibus

578 2038 1003 2112 summopere
1052 2012 1491 2099 abhorreant,
1532 2037 1750 2112 eaque
1792 2011 2245 2102 detestentur;
2285 2029 2697 2112 compertum
2734 2014 2809 2088 fit

576 2156 658 2201 cx
694 2127 1011 2201 infamiae
1047 2145 1229 2215 nota,
1270 2154 1473 2227 quam
1511 2128 1766 2201 nomini
1803 2154 1928 2202 suo
1978 2129 2252 2202 inurunt
2288 2145 2647 2228 perpetuo,
2686 2129 2805 2229 qui

578 2242 910 2318 eiusmodi
946 2244 1217 2343 nuptias
1265 2242 1668 2317 contrahunt
1698 2245 1881 2339 (13);
1913 2261 2325 2343 compertum
2370 2244 2443 2317 fit
2485 2270 2567 2318 ex
2608 2270 2811 2319 cona-

577 2358 755 2432 tibus
817 2357 954 2431 illis
1005 2358 1382 2456 omnigenis
1409 2417 1425 2447 ,
1482 2357 1738 2457 quibus
1804 2375 2113 2445 utuntur,
2179 2375 2510 2459 quotquot
2557 2359 2809 2433 vellent

574 2474 983 2574 persuadere
1016 2473 1268 2573 legem,
1312 2474 1398 2549 dc
1432 2500 1568 2575 qua
1601 2474 2010 2549 disserimus
2034 2532 2049 2563 ,
2107 2472 2352 2549 bonam
2403 2500 2557 2550 esse
2606 2492 2811 2575 atque

575 2590 806 2664 utilem
851 2591 1496 2689 convenientemque
1531 2590 1871 2665 societatis
1907 2590 2293 2689 progressui
2331 2614 2412 2661 ac
2446 2589 2804 2677 libertatis,

577 2730 701 2777 nec
733 2721 955 2778 tamen
991 2704 1342 2804 quidpiam
1378 2704 1777 2802 proficiunt3
1811 2729 2046 2776 omnes
2071 2704 2249 2776 enim
2278 2703 2599 2798 detegunt
2622 2704 2813 2800 ipso—

578 2844 722 2890 rum
777 2817 1197 2916 sophismata
1221 2874 1237 2904 ,
1280 2843 1405 2891 nec
1439 2818 1570 2889 nisi
1604 2817 1904 2890 volentes
1939 2817 2367 2917 decipiuntur
2402 2832 2606 2916 atque
2642 2817 2814 2892 irre-

580 2934 875 3019 tiuntur3
927 2951 1340 3030 compertum
1381 2932 1676 3032 denique
1717 2932 1791 3005 fit
1831 2958 1914 3005 ex
1960 2931 2045 3005 iis
2093 2932 2263 3032 ipsis
2290 2990 2307 3020 ,
2362 2933 2483 3032 qui
2536 2932 2605 3003 in
2659 2934 2813 3033 qui-

577 3047 863 3119 busdam
917 3047 1341 3144 regionibus,
1401 3046 1468 3118 in
1518 3047 1771 3146 quibus
1822 3048 1929 3120 lex
1966 3048 2099 3140 ista
2133 3047 2425 3136 obtinet,
2474 3048 2809 3124 eiusmodi

582 3163 852 3261 nuptias
920 3163 1251 3251 inierunt,
1320 3162 1464 3236 sive
1522 3179 1680 3236 nota
1728 3163 2038 3264 publicae
2107 3164 2424 3237 infamiae
2475 3164 2805 3264 perculsi,

578 3278 724 3351 sive
776 3277 1203 3351 interioribus
1257 3278 1706 3352 conscientiae
1757 3277 2110 3353 latratibus
2164 3280 2449 3375 agitati,
2508 3280 2652 3353 sive
2701 3305 2812 3352 as·—

582 3392 801 3465 siduis
863 3393 1190 3466 molestiis
1249 3409 1323 3465 ut
1380 3393 1746 3492 plurimum
1801 3394 2228 3467 existimatae
2277 3393 2585 3490 coniugis
2636 3392 2814 3467 solli-

580 3508 1011 3582 citationibus
1080 3509 1402 3608 permoti,
1486 3509 1754 3582 tandem
1816 3508 2181 3608 aliquando
2246 3509 2685 3607 resipiscunt,
2751 3525 2816 3580 et

582 3650 805 3697 coram
841 3623 1130 3697 ecclesia
1163 3624 1663 3696 matrimonium
1711 3649 1906 3696 suum
1961 3621 2388 3695 contrahunt.

725 3941 826 4000 (13)
858 3940 1089 4002 Apposite
1126 3941 1187 3988 D.
1219 3939 1394 3988 sauzet
1423 3952 1504 4000 op.
1529 3939 1613 3987 cit.
1641 3949 1749 4000 pag.
1783 3943 1854 3987 19.
1877 3935 2075 3986 scribit:
2113 3936 2350 3999 L’epouse
2373 3935 2434 3985 de
2457 3935 2503 3986 la
2524 3936 2591 3985 loi
2619 3935 2815 3985 marche

583 4033 791 4084 presque
810 4021 1036 4084 touJ’ours
1056 4034 1155 4071 aux
1175 4020 1333 4070 autels
1354 4018 1416 4069 de
1441 4018 1489 4068 la
1509 4019 1716 4081 religion
1734 4054 1751 4080 ,
1773 4019 1824 4068 et
1841 4018 1963 4068 celle
1982 4017 2067 4082 qui
2095 4031 2155 4068 ne
2174 4019 2291 4068 s’est
2310 4017 2449 4081 point
2468 4018 2718 4081 presentec
2737 4015 2818 4066 de·

585 4101 701 4149 vant
739 4099 890 4160 Dieu,
927 4100 1058 4150 n’ose
1079 4113 1167 4163 pas
1191 4101 1323 4149 lever
1351 4099 1394 4148 la
1419 4099 1551 4149 front
1569 4098 1751 4149 devant
1773 4098 1844 4148 les
1865 4099 2102 4148 hommes.
2131 4101 2201 4148 En
2229 4098 2343 4148 vain
2364 4098 2411 4148 le
2432 4097 2685 4160 magistrat
2705 4109 2819 4145 cou-

579 4192 716 4228 sacre
739 4178 801 4228 de
822 4179 963 4229 telles
986 4178 1242 4241 alliauces5
1265 4177 1504 4242 l'opinion
1528 4178 1637 4240 plus
1662 4178 1913 4240 puissante
1932 4190 2029 4240 que
2051 4176 2142 4238 lui,
2158 4177 2228 4226 les
2246 4176 2524 4226 meconuait
2539 4187 2654 4223 sans
2673 4172 2791 4236 pitie
2805 4210 2820 4234 ‚

580 4263 631 4310 et
652 4261 699 4310 la
722 4259 912 4325 pudeur
941 4258 1176 4323 publique
1197 4258 1400 4310 execute
1418 4271 1509 4309 son
1529 4259 1676 4309 arn-et.
1703 4260 1795 4308 Les
1818 4270 2000 4308 moeurs
2014 4294 2029 4319 ,
2058 4258 2235 4321 aupres
2257 4257 2324 4307 du
2353 4255 2557 4320 peuple,
2580 4256 2669 4304 ont
2695 4266 2823 4304 rem·

587 4342 725 4406 place
751 4342 822 4391 les
847 4341 990 4391 lois.»
