3276 5083
690 439 829 489 cn.
874 436 946 487 ιι.
990 433 1066 484 nn
1114 433 1301 485 nnn.
1333 431 1458 483 cnr.
1493 430 1660 483 otuu.
1705 433 1779 483 rr
1815 430 2034 482 vaona.
2075 433 2216 484 Αιιτ.
2259 432 2329 482 ιι.
2485 409 2616 481 271

429 560 677 633 Contra
723 579 883 629 vero
930 553 1001 623 in
1038 549 1324 624 ecclesia
1358 546 1686 623 catholica
1717 575 1798 622 ex
1834 548 1990 623 fidei
2031 548 2363 648 principio
2386 605 2403 635 ‚
2442 548 2625 649 quod

429 672 923 748 matrimonium
970 667 1485 742 christianorum
1525 666 1614 738 sit
1645 690 1801 739 vere
1833 681 1900 739 et
1931 665 2200 765 proprie
2248 690 2629 739 sacramen-

430 806 569 863 tum
603 813 645 859 a
676 783 970 881 legitimo
1017 793 1354 855 contractu
1401 777 1852 879 inseparabile
1882 836 1897 866 ‚
1956 779 2029 853 fit
2075 797 2152 853 ut
2198 779 2372 853 sacri
2422 805 2624 879 appa-

434 916 614 975 ratus
664 896 960 997 religiosi
1014 895 1310 968 defectus
1360 892 1531 964 nihil
1580 893 1826 966 officiat
1873 894 2268 968 sacramenti
2318 893 2624 981 veritati,

430 1016 545 1089 ubi
580 1013 949 1090 celebretur
979 1011 1066 1084 iis
1103 1010 1172 1082 in
1206 1009 1372 1082 locis
1395 1065 1410 1095 ‚
1445 1009 1516 1078 in
1543 1006 1792 1106 quibus
1824 1007 2252 1081 tridentinum
2291 1008 2627 1082 decretum

428 1131 514 1204 de
563 1129 894 1226 coniugiis
958 1123 1392 1200 clandestinis
1460 1122 1871 1222 publicatum
1923 1148 2055 1196 non
2102 1140 2253 1210 est;
2307 1122 2427 1195 ubi
2471 1147 2628 1196 vero

431 1243 922 1344 promulgatum
967 1241 1196 1327 fuerit,
1251 1236 1628 1338 praesentia
1670 1238 1941 1336 parochi
1987 1238 2341 1337 requiritur
2370 1253 2446 1311 ut
2476 1262 2632 1311 con-

433 1359 600 1432 ditio
652 1359 802 1431 sine
851 1382 986 1455 qua
1034 1353 1399 1427 invalidum
1452 1352 1527 1425 fit
1575 1368 1713 1425 tum
1763 1352 1890 1425 sub
1940 1352 2194 1427 ratione
2249 1367 2630 1428 contractus

433 1488 573 1545 tum
620 1471 747 1545 sub
789 1471 1043 1544 ratione
1077 1466 1498 1554 sacramenti,
1531 1481 1730 1565 prout
1770 1466 1839 1538 in
1877 1466 2093 1564 prima
2129 1467 2333 1540 huius
2382 1482 2629 1541 tracta-

433 1586 635 1661 tionis
705 1584 997 1659 sectione
1062 1582 1492 1681 exposuimus
1528 1637 1544 1666 ,
1601 1606 1680 1653 ac
1737 1606 2088 1677 numquam
2151 1579 2368 1653 locum
2428 1581 2632 1656 habet

430 1715 806 1775 contractus
854 1724 975 1772 seu
1024 1696 1518 1797 matrimonium
1568 1720 1748 1768 mere
1795 1694 2014 1768 civile.

577 1816 847 1890 Interim
895 1839 974 1886 ex
1024 1813 1223 1885 dictis
1272 1811 1645 1908 colligimus
1680 1867 1695 1898 ‚
1752 1811 1821 1882 in
1872 1809 2201 1908 coniugiis
2265 1825 2629 1910 protestan-

439 1929 603 2004 tium
650 1928 746 2000 nil
798 1926 981 2001 aliud
1016 1925 1319 2025 reperiri,
1358 1924 1490 1997 nisi
1528 1923 1745 1997 solum
1794 1939 2205 1997 contractum
2255 1922 2625 1997 naturalem

430 2061 499 2118 et
546 2043 808 2117 civilem
834 2057 1019 2114 iuxta
1042 2040 1412 2114 doctrinam
1436 2095 1451 2125 ‚
1493 2065 1695 2137 quam
1732 2038 1864 2137 ipsi
1900 2039 1985 2112 de
2019 2039 2436 2114 matrimonio
2471 2066 2626 2139 pro-

434 2157 723 2230 fitentur.
782 2154 1172 2251 Colligimus
1209 2154 1484 2253 insuper
1516 2153 1799 2251 primam
1836 2154 2293 2251 coniugiorum
2327 2152 2624 2227 civilium

429 2270 755 2367 originem
781 2294 861 2341 ex
885 2267 1014 2341 hac
1039 2266 1339 2340 doctrina
1360 2265 1555 2339 unice
1580 2292 1733 2339 esse
1766 2266 2186 2365 repetendam
2206 2323 2222 2354 ,
2253 2293 2404 2340 cum
2437 2268 2625 2368 prius

433 2384 612 2485 apud
638 2383 1038 2459 christianos
1063 2399 1288 2456 essent
1311 2382 1576 2481 penitus
1604 2382 1849 2479 ignota.
1868 2383 1965 2454 Ex
1991 2382 2117 2456 hoc
2142 2381 2320 2456 fonte
2345 2384 2626 2483 pseudo-

434 2499 683 2601 politici
740 2523 929 2572 suam
979 2497 1364 2571 derivarunt
1413 2495 1734 2570 theoriam
1784 2495 1869 2570 de
1916 2496 2338 2572 matrimonio
2385 2497 2565 2571 civili
2601 2556 2618 2587 ‚

433 2642 640 2717 quum
676 2632 896 2690 tamen
932 2612 1424 2687 matrimonium
1475 2627 1959 2686 sacramentum
1995 2638 2145 2686 esse
2178 2638 2311 2686 non
2347 2629 2618 2712 negent,

437 2732 504 2805 in
541 2731 918 2806 subsidium
954 2728 1383 2802 adsciverunt
1415 2727 1908 2802 distinctionem
1943 2728 2115 2801 inter
2139 2745 2623 2803 sacramentum

427 2864 494 2921 et
516 2861 919 2922 contractum
947 2870 1110 2945 pure
1132 2842 1419 2929 civilem,
1451 2858 1653 2943 atque
1687 2843 1779 2916 ita
1813 2844 2346 2942 protestanticam
2377 2845 2625 2918 doctri·

431 3025 584 3076 iusvis
602 3027 761 3075 sectae
776 3026 839 3075 ab
856 3024 1107 3087 anglicana
1120 3022 1326 3086 separati
1345 3022 1705 3084 communione,
1719 3023 1999 3086 praesertim
2014 3036 2132 3073 vero
2141 3024 2414 3087 Quaequeri
2434 3023 2624 3074 nonnisi

430 3117 595 3168 aegre,
621 3118 680 3154 ac
698 3107 1022 3169 rcpuqnante
1050 3106 1283 3170 ipsorum
1312 3105 1626 3154 conscientia
1657 3116 1710 3154 se
1735 3104 1959 3154 sisterem
1982 3103 2045 3153 ad
2065 3105 2361 3154 connubium
2380 3103 2624 3154 celebran-

431 3183 549 3233 dum
567 3197 731 3234 eoram
754 3185 976 3234 ministro
995 3183 1273 3247 anglicano,
1291 3184 1508 3248 adeoque
1529 3184 1845 3235 reclamarent
1861 3186 2029 3233 contra
2048 3184 2176 3234 hunc
2196 3184 2313 3248 legis
2331 3183 2620 3247 articulum,

434 3264 671 3315 Robertus
707 3263 817 3314 Peel
849 3264 1100 3327 proposuit
1127 3264 1510 3314 emendationem
1540 3263 1755 3314 eiusdem
1784 3264 1928 3326 legis,
1951 3263 2021 3313 ita
2046 3266 2102 3314 ut
2124 3266 2400 3314 tenerentur
2429 3265 2620 3314 tantum

429 3342 725 3406 quicumque
753 3343 945 3394 sectarii
976 3355 1140 3393 coram
1167 3342 1451 3406 magistratu
1474 3342 1608 3393 civili
1640 3342 1702 3392 ad
1734 3343 1827 3393 boc
1856 3343 2122 3394 constituto
2152 3355 2440 3394 consensum
2474 3355 2618 3394 snum

430 3420 672 3485 praebere,
694 3425 744 3473 et
775 3423 846 3474 sic
876 3422 1187 3473 matrimonio
1213 3421 1466 3485 coniungi,
1495 3425 1786 3486 possentque
1823 3425 2070 3487 praeterea
2107 3436 2270 3474 coram
2307 3436 2618 3487 quocumque

429 3501 651 3553 ministro
680 3504 930 3566 praesente
964 3515 1062 3553 una
1089 3516 1201 3553 cum
1229 3502 1512 3566 magistratu
1536 3503 1587 3552 id
1618 3503 1779 3566 ipsum
1799 3502 2004 3553 efficere.
2034 3503 2275 3554 Catholici
2307 3516 2423 3553 vero
2454 3515 2618 3555 coram

429 3581 678 3631 sacerdote
713 3584 764 3631 et
805 3582 1107 3646 magistratu.
1141 3582 1259 3632 Post
1297 3582 1447 3632 trium
1486 3594 1724 3631 annorum
1763 3581 2139 3646 discussionem,
2163 3582 2359 3633 undem
2378 3586 2617 3633 an.1887.

426 3660 666 3710 eiusmodi
695 3661 816 3724 legis
835 3661 1109 3713 emendatio
1133 3661 1345 3713 admisu
1371 3665 1445 3714 est
1465 3675 1524 3713 ac
1545 3661 1765 3726 probata.
1787 3666 2046 3727 Progressa
2071 3663 2304 3728 temporis
2320 3663 2618 3714 deciaratum

427 3739 674 3802 praeterea
688 3741 788 3802 en,
804 3740 860 3788 nt
872 3741 1067 3803 possent
1087 3741 1428 3792 contrahentes
1446 3742 1581 3805 prius
1598 3754 1773 3792 nomen
1787 3742 1905 3793 dare
1922 3742 2243 3805 magistratui,
2264 3744 2320 3792 ut
2337 3741 2617 3793 inscribere·

424 3818 508 3867 tur
540 3815 751 3880 publicis
780 3816 988 3880 tabuiis,
1021 3822 1185 3882 postea
1204 3832 1320 3870 vero
1344 3819 1586 3870 celebrare
1609 3820 1890 3884 coniugium
1915 3821 2019 3872 sive
2039 3833 2205 3871 coram
2240 3820 2619 3884 uniuscuiusque

422 3896 585 3945 sectae
605 3894 857 3957 ministro,
879 3895 982 3946 sive
1007 3910 1171 3948 eoram
1190 3897 1440 3948 sacerdote
1459 3898 1725 3962 catholico,
1750 3899 1793 3950 si
1818 3898 1870 3949 id
1890 3900 2009 3963 ipsis
2040 3901 2272 3950 adserit.
2298 3902 2477 3950 Auctor
2500 3913 2618 3963 opu·

421 3975 547 4026 sculi
572 3973 720 4026 salle
740 3974 872 4039 (επὶ
891 3976 1037 4027 etvtli
1056 3977 1148 4029 che
1162 3978 1487 4042 nquardano
1506 3978 1549 4028 il
1568 3982 1898 4030 matrimonio
1917 3979 1997 4030 de·
2007 3982 2263 4031 cri-stiunt.
2279 3979 2458 4030 ‘torino
2481 3986 2617 4032 1851.

422 4068 532 4118 pag.
560 4062 619 4106 86
638 4068 775 4119 seqq.
813 4056 1018 4106 sormam
1047 4059 1258 4122 coniugii
1292 4058 1451 4110 civilis
1470 4058 2026 4122 anglicidiiigeutioeime
2041 4059 2267 4123 exponit,
2300 4073 2426 4124 quae
2480 4073 2616 4111 revo-

425 4135 601 4185 natm
614 4135 681 4186 ed
695 4148 880 4186 mam
903 4135 1262 4201 inscriptionem
1281 4139 1464 4203 proprii
1488 4139 1700 4189 nominis
1718 4139 1770 4189 in
1791 4139 1971 4190 tabuiis
1993 4139 2216 4204 publicis.
2235 4142 2392 4205 Atque
2409 4140 2528 4192 haec
2545 4142 2620 4191 est

424 4213 673 4276 pneetm
704 4214 888 4276 torma,
917 4227 1066 4278 quam
1094 4215 1295 4279 qnidam
1321 4216 1637 4281 Angiophilns
1664 4217 1731 4268 ed
1758 4217 1918 4269 sidera
1936 4218 2079 4271 effert
2099 4220 2152 4270 in
2174 4221 2386 4272 comitiis
2409 4220 2617 4284 subalpi-

429 4292 507 4342 nis
523 4329 540 4356 ,
567 4306 772 4359 eamque
796 4295 1005 4359 praefert
1032 4294 1318 4359 legislationi
1347 4298 1562 4360 gallicae.
1586 4296 1663 4348 ct.
1689 4299 1907 4350 camera
1928 4297 2270 4366 de'deputati.
2299 4302 2512 4353 Tornata
2535 4300 2614 4352 dei

430 4378 473 4421 1.
496 4373 671 4437 Lugiio
699 4381 835 4428 1852.
857 4388 966 4439 pag.
989 4379 1097 4427 6⁴¹.
1133 4375 1228 4427 col.
1248 4383 1292 4426 ³.
