3276 5083
694 444 829 491 ων.
866 444 936 492 ιι.
971 445 1049 492 πε
1086 444 1273 492 nra.
1316 444 1440 492 civ.
1476 445 1643 494 ome.
1688 446 1762 494 ar
1798 446 2017 495 raoea.
2059 446 2199 496 aar.
2234 447 2303 495 11.
2462 426 2596 496 269

405 558 612 630 tendit
659 559 836 652 (23);
893 558 1094 655 idque
1143 584 1223 629 ex
1273 560 1664 654 praestituto
1713 560 2078 658 principie,
2132 560 2310 659 quod
2368 562 2599 634 coniu-

404 672 585 766 gium
637 697 767 744 non
817 671 906 744 sit
962 670 1094 743 nisi
1143 686 1518 743 contractus
1571 672 1895 745 naturalis
1944 690 2010 745 et
2057 672 2297 746 civilis.

548 788 742 858 Enim
790 813 985 872 vero,
1043 785 1247 859 semel
1284 812 1360 859 ac
1395 792 1665 885 nuptiae
1717 788 1803 860 ad
1852 788 2149 861 ordinem
2193 788 2410 862 civilis
2444 814 2602 862 con-

407 917 650 975 tractus
700 902 902 975 etiam
954 902 1126 973 inter
1173 902 1575 974 christianos
1630 902 1926 976 deiectae
1977 920 2134 975 sunt
2165 959 2180 989 ,
2240 903 2435 976 facile
2481 903 2606 977 suit

407 1016 847 1112 argumentari
903 1015 1070 1087 iuris
1121 1014 1337 1087 civilis
1386 1041 1536 1088 esse
1569 1015 1655 1087 de
1690 1014 1825 1086 illis
1875 1014 2264 1102 decernere,
2318 1042 2449 1088 non
2497 1042 2605 1089 so-

405 1127 542 1199 lum
594 1128 812 1226 quoad
850 1154 954 1213 ea,
997 1154 1170 1226 quae
1221 1129 1590 1201 extrinseca
1624 1128 1760 1199 illis
1798 1145 1990 1213 sunt,
2033 1129 2407 1202 cuiusmodi
2449 1155 2606 1202 cen·

405 1259 636 1315 sentur
670 1243 832 1327 doS‚
874 1242 1289 1328 haereditaS,
1348 1244 1728 1327 successio,
1785 1242 2051 1342 aliaque
2098 1243 2464 1332 eiusmodi,
2521 1245 2608 1318 de

408 1355 655 1452 quibus
710 1381 831 1427 nec
881 1381 1002 1428 nos
1052 1356 1454 1451 ambigimus
1488 1413 1502 1441 ‚
1554 1356 1674 1429 sed
1727 1356 1948 1454 quoad
1998 1356 2335 1429 vinculum
2381 1357 2604 1456 ipsum

411 1495 706 1568 quoque,
750 1495 828 1542 ac
861 1496 940 1543 ea
974 1497 1147 1569 quae
1180 1497 1259 1544 ex
1291 1470 1554 1543 vinculo
1606 1488 2020 1570 promanant.
2077 1471 2335 1544 Exinde
2383 1498 2611 1571 coepe-

414 1599 564 1655 runt
602 1597 1039 1682 protestantes
1076 1584 1476 1681 promiscue,
1511 1599 1624 1655 aut
1658 1609 1878 1655 coram
1916 1584 2210 1682 ipsorum
2249 1585 2600 1672 ministris,

411 1713 526 1769 aut
573 1724 792 1771 coram
844 1698 1340 1795 magistratibus
1390 1725 1516 1770 sua
1567 1698 1737 1768 inire
1786 1698 2127 1794 coniugia,
2178 1725 2352 1797 quae
2404 1699 2612 1772 firmi-

410 1829 608 1887 tatem
644 1814 1023 1912 acciperent
1044 1815 1111 1887 vi
1142 1811 1358 1911 ipsius
1385 1812 1579 1909 legis.
1605 1813 1757 1884 Dixi
1798 1817 1872 1885 vi
1899 1816 2108 1910 ipsius
2139 1815 2329 1912 leque,
2373 1841 2612 1914 nempe

412 1928 667 2012 civilis,
718 1929 876 2027 quia
925 1928 1175 2000 Christi
1229 1928 1554 2001 effatum:
1617 1927 1803 2012 Quod
1851 1954 1999 2025 erqo
2049 1929 2225 2001 Deus
2274 1931 2614 2003 conium-ic

416 2042 592 2113 homo
640 2068 767 2111 non
833 2056 1091 2137 saperet
1134 2099 1149 2126 ,
1213 2041 1457 2139 quibus
1502 2098 1517 2126 ,
1583 2057 1655 2113 ut
1721 2068 1843 2114 suo
1911 2040 2056 2116 loco
2123 2041 2548 2116 ostendemus
2590 2101 2606 2129 ,

416 2169 735 2251 perpetua
773 2153 1325 2226 indissolubilitas
1369 2154 1733 2226 adstruitur
1774 2156 2199 2241 matrimonii,
2243 2171 2614 2253 protestan-

418 2285 517 2341 tes
555 2268 918 2339 innumeris
965 2294 1137 2365 pene
1186 2268 1399 2342 modis
1451 2268 2117 2368 cavillationibusque
2170 2270 2431 2368 penitus
2475 2269 2616 2342 elu-

417 2381 586 2453 dunt
614 2383 789 2477 (24).
813 2383 1039 2454 Restat
1079 2383 1280 2479 igitur
1311 2383 1642 2479 coniugiis
1678 2382 1791 2455 illa
1823 2384 2022 2456 unica
2057 2384 2359 2471 firmitas,
2408 2409 2611 2484 quam

418 2496 598 2595 leges
650 2497 883 2571 civiles
934 2498 1102 2598 ipsis
1155 2497 1444 2570 tribuere
1493 2498 1864 2572 voluerunt.

562 2615 659 2686 Ita
695 2613 1186 2686 matrimonium
1224 2612 1616 2711 simpliciter
1649 2613 1841 2686 civile
1877 2614 2135 2687 formali
2175 2616 2426 2688 ratione
2460 2642 2618 2691 con-

419 2729 719 2801 stitutum
754 2744 889 2816 est,
930 2745 1267 2827 tamquam
1302 2727 1721 2801 corollarium
1759 2731 2139 2804 necessario
2165 2732 2501 2830 profluens
2535 2759 2618 2805 ex

565 2890 665 2950 (2³)
698 2889 835 2953 Apud
864 2891 1090 2939 Benarni.
1116 2891 1208 2939 loc.
1229 2890 1313 2939 cit.

562 2970 661 3030 (24)
692 2972 816 3018 Sane
835 2970 1194 3020 Rosenmueller
1214 2970 1262 3017 in
1285 2970 1438 3019 schol.
1466 2968 1518 3017 in
1546 2971 1717 3019 matth.
1738 2972 1798 3017 V.
1821 2977 1896 3019 31.
1919 2977 1993 3020 32.
2011 2971 2354 3022 animadvertit
2371 2972 2619 3023 Christum

419 3046 575 3094 solum
599 3047 902 3108 prohibuisse
922 3047 1133 3097 divortia
1149 3049 1363 3110 privato
1390 3061 1553 3106 mesu,
1578 3061 1630 3097 re
1665 3061 1764 3097 non
1793 3049 2077 3098 denuntiata
2102 3050 2489 3113 magistratibus,
2507 3050 2620 3101 sub·

422 3122 613 3185 ditque:
634 3125 804 3182 «Quod
827 3125 947 3175 bene
967 3125 1264 3187 notandum,
1280 3140 1341 3174 ne
1364 3126 1652 3175 iudaeorum
1675 3139 1833 3176 mores
1851 3140 1918 3176 ex
1934 3126 2132 3188 lembus
2155 3129 2400 3178 civilibus
2418 3132 2627 3180 nostrae

426 3206 614 3253 aetatis
648 3208 989 3266 metiamur-32»
1015 3205 1155 3263 Quod
1179 3206 1302 3255 alias
1326 3206 1513 3267 repetit.
1538 3206 1718 3255 Eadem
1740 3206 1890 3257 ferme
1911 3206 2081 3257 scribit
2104 3208 2390 3258 Kuinoelius
2414 3209 2466 3257 in
2488 3222 2620 3259 eum·

425 3283 536 3330 dem
571 3282 668 3331 loc.
700 3286 816 3332 item
845 3283 1115 3342 Reinbard,
1139 3287 1349 3346 system.
1379 3283 1442 3332 de
1471 3284 1707 3333 chri-stol.
1730 3285 1919 3335 moral.
1945 3286 1976 3334 1.
2005 3292 2049 3336 3.
2079 3299 2130 3348 p.
2156 3290 2264 3336 434.
2286 3285 2624 3338 Doerdclinius

429 3361 500 3408 De
534 3359 732 3409 Christo
756 3375 789 3410 a
813 3361 1011 3424 leqibus
1039 3361 1284 3411 civilibus
1302 3360 1543 3422 serendis
1571 3362 1775 3422 alicn03
1809 3364 1861 3412 in
1895 3365 2140 3425 Opust-ul.
2173 3363 2405 3427 Theoloq.
2432 3376 2540 3427 pag.
2565 3368 2625 3415 7³

427 3451 563 3501 seqq.
590 3443 639 3489 et
665 3441 733 3490 ita
755 3456 916 3504 porro.

569 3519 657 3568 His
681 3519 978 3573 adficiendus
999 3523 1276 3573 incredulus
1299 3522 1558 3585 salvatia,
1578 3523 1664 3587 qui
1688 3536 1801 3574 suas
1819 3523 2155 3587 inspirationes
2174 3538 2202 3574 a
2226 3523 2538 3574 rationalistis
2560 3524 2629 3576 in·

426 3600 717 3660 terpretibus
746 3604 991 3652 mutuatus
1018 3605 1108 3653 est.
1130 3603 1221 3653 Hic
1245 3604 1392 3666 igitur
1414 3603 1463 3653 in
1491 3617 1570 3667 op.
1589 3604 1674 3654 cit.
1695 3606 1833 3653 Hist.
1857 3602 1946 3653 des
1968 3607 2135 3654 instit.
2156 3604 2219 3655 de
2238 3606 2400 3655 Moise
2421 3606 2541 3653 tom.
2567 3607 2628 3654 ΙΙ.

424 3677 505 3726 ch.
523 3684 569 3726 2.
586 3677 881 3740 1²01quae
902 3684 951 3730 et
974 3681 1184 3732 divort-e
1203 3695 1311 3746 pag.
1334 3685 1443 3732 384.
1458 3681 1735 3732 concludit:
1755 3701 1779 3726 «ι
1793 3684 1851 3732 Je
1870 3695 1950 3732 me
1968 3682 2212 3745 garderais
2232 3680 2294 3731 de
2316 3681 2562 3744 presentet
2583 3681 2631 3732 le

431 3755 629 3805 divorce
650 3768 840 3806 comme
863 3771 958 3807 une
978 3759 1164 3824 simple
1184 3763 1473 3811 concessum
1496 3759 1561 3810 de
1582 3762 1741 3811 Moira
1763 3773 1856 3810 aux
1880 3761 2114 3823 hebrenx,
2138 3763 2189 3811 et
2213 3773 2310 3810 aux
2333 3760 2625 3810 circonstan-

428 3847 524 3884 ces.
552 3835 759 3896 Puisque
771 3872 785 3896 ,
807 3849 866 3886 en
890 3838 1103 3901 principe
1122 3839 1375 3908 i’adultere
1392 3840 1510 3890 etait
1530 3841 1727 3891 menaea
1744 3839 1806 3890 de
1820 3844 1970 3902 mort3
1988 3840 2115 3890 voila
2133 3853 2197 3890 un
2213 3853 2295 3890 cas
2316 3838 2627 3898 irrecusable‚

428 3915 513 3977 qni
540 3914 830 3964 l'entrainait
849 3915 993 3965 d’une
1013 3919 1224 3969 muniere
1241 3919 1455 3970 absolue.
1479 3922 1553 3970 On
1576 3933 1604 3969 a
1623 3920 1722 3980 dit,
1745 3920 1865 3981 qu’il
1887 3933 1949 3969 ne
1967 3920 2124 3970 fallait
2142 3906 2437 3983 pas‘separer
2455 3931 2512 3970 oe
2530 3931 2628 3982 que

319 4028 326 4036 .
429 3994 551 4043 Βίου
578 4007 608 4042 a
634 3995 743 4042 uni:
772 3993 872 4042 rien
897 3994 959 4043 de
981 3995 1089 4058 plus
1111 3997 1251 4047 iuste.
1272 3998 1395 4047 Mais
1415 4011 1478 4047 on
1501 3998 1563 4047 l’a
1582 3997 1812 4060 sppliqne
1833 4011 1894 4046 au
1916 3997 2138 4060 divorcc,
2161 4000 2212 4046 et
2233 3997 2281 4047 la
2299 4009 2631 4060 consequence

433 4073 556 4124 n’est
578 4087 664 4137 pas
685 4077 869 4123 exacte.
895 4076 964 4124 ce
989 4088 1086 4137 que
1114 4076 1236 4126 Dicu
1264 4091 1294 4126 a
1321 4077 1404 4126 uni
1426 4090 1480 4126 se
1500 4076 1746 4138 distingue
1767 4089 1855 4139 par
1874 4077 1921 4126 la
1940 4076 2053 4140 paix
2070 4113 2085 4137 ,
2110 4076 2315 4140 l’ordre‚
2338 4077 2385 4127 le
2406 4077 2628 4129 bouheur

429 4166 657 4202 commun
673 4190 688 4215 ,
711 4155 760 4202 ct
776 4166 833 4203 ce
852 4154 975 4203 n'est
1001 4154 1137 4217 point
1153 4155 1183 4204 a
1202 4168 1282 4206 ces
1301 4155 1621 4218 marisga-la,
1642 4168 1738 4217 que
1759 4156 1806 4206 le
1823 4155 2022 4207 divorce
2043 4156 2306 4218 s’adresse,
2331 4156 2455 4207 mais
2477 4156 2587 4208 bien
2601 4157 2632 4206 δ

432 4243 554 4281 ceux
577 4232 699 4282 dont
718 4232 840 4282 Dieu
868 4245 929 4282 ne
953 4233 1068 4283 s‘est
1085 4245 1174 4296 pas
1192 4234 1332 4296 mele,
1346 4238 1395 4285 et
1413 4248 1501 4298 par
1519 4235 1590 4286 les
1605 4234 1746 4297 queis
1770 4248 1836 4284 un
1867 4234 2015 4285 malin
2042 4236 2195 4301 esprit
2212 4250 2243 4287 a
2263 4238 2432 4288 exerce
2450 4249 2540 4288 son
2557 4239 2628 4286 in·

435 4311 635 4362 nuence.
658 4314 730 4362 ce
749 4312 1026 4376 legislatem
1047 4326 1109 4363 ne
1136 4313 1340 4363 l’ecrivit
1359 4315 1481 4365 dans
1497 4328 1585 4365 son
1604 4314 1754 4374 code,
1778 4315 2003 4378 qu’apres
2026 4316 2210 4368 l’avotr
2228 4318 2287 4368 lu
2309 4318 2444 4369 dans
2462 4316 2519 4368 la
2537 4328 2629 4366 na·

438 4390 556 4437 ture
592 4390 677 4440 des
706 4392 882 4442 choses
901 4395 1026 4442 etca·
