3276 5083
558 466 698 520 mr.
733 468 823 519 ιν.
856 467 937 519 ns
963 466 1201 520 mun.
1226 466 1345 519 ruo
1366 466 1529 518 uos
1551 467 1634 518 nt
1659 466 1852 518 ura.
1880 464 2296 517 cimam-nr.
2440 440 2590 517 399

357 613 524 662 num
548 644 564 673 ,
621 586 846 661 oleum
895 604 1022 661 etc.
1074 587 1297 661 tamen
1358 586 1511 660 cum
1560 613 1644 661 ea
1693 600 1982 684 usurpat
2030 585 2116 657 ad
2167 604 2593 660 sacramenta·

356 702 806 789 conficienda,
841 728 926 777 ea
960 702 1240 777 adhibet
1272 719 1347 776 ιιι
1384 728 1511 777 sua
1545 701 1807 801 absque
1840 699 2293 799 dependentia
2327 726 2372 772 a
2401 701 2594 774 civili=

360 819 702 893 societate.
724 818 961 893 Civilis
985 819 1419 917 magistratus
1449 818 1737 918 protegit
1760 842 1841 890 ac
1868 831 2091 889 tuetur
2122 815 2397 916 quidem
2434 816 2594 889 iura-

361 959 511 1021 sua,
556 959 676 1007 seu
712 933 885 1021 iura,
929 961 1104 1033 quae
1131 934 1357 1022 habet,
1392 960 1526 1008 non
1562 949 1785 1007 autem
1820 958 1934 1018 ea,
1968 957 2145 1031 quae
2177 957 2311 1005 non
2346 931 2592 1005 habet.

361 1048 632 1122 Nullum
667 1064 888 1123 autem
939 1051 1164 1151 reipsa
1214 1052 1320 1124 ius
1371 1049 1574 1124 habet
1623 1047 1808 1149 quod
1850 1047 1984 1123 sibi
2033 1047 2330 1121 vindicet
2379 1073 2599 1199 super

360 1165 860 1238 matrimonium
910 1166 1377 1240 christianum.

509 1281 612 1352 lv.
673 1280 930 1366 Quarta
980 1282 1262 1356 assertio
1311 1281 1495 1356 omni
1542 1280 1797 1379 pariter
1843 1296 1948 1353 est
1995 1278 2435 1352 fundamento
2463 1278 2596 1351 de-

360 1395 629 1481 stituta3
686 1422 843 1469 nam
895 1397 1170 1496 quando
1221 1395 1594 1469 christiana
1644 1394 1881 1493 religio
1931 1393 2264 1468 introduci
2317 1394 2539 1492 coepit
2559 1449 2592 1479 ,-

361 1509 617 1584 invenit
649 1512 922 1610 quidem
975 1511 1159 1609 leges
1209 1512 1480 1599 civiles,
1523 1511 1646 1585 sed
1681 1511 1865 1608 leges
1900 1508 2200 1596 invenit,
2234 1534 2411 1608 quae
2443 1510 2581 1582 vim

362 1626 822 1699 tantummodo
847 1626 1206 1701 habuerint
1224 1627 1295 1698 in
1314 1626 1598 1701 effectus
1624 1626 1859 1700 civiles
1884 1624 2314 1712 matrimonii,
2338 1650 2594 1722 nempe

360 1739 431 1810 in
488 1738 724 1813 ordine
773 1740 859 1813 ad
911 1742 1295 1815 societatem
1320 1800 1336 1830 ,
1392 1756 1468 1814 ut
1516 1740 1722 1841 paulo
1773 1756 1928 1813 ante
1976 1738 2441 1811 adnotavimus
2505 1764 2586 1811 ac

359 1869 595 1952 postea
645 1855 847 1929 etiam
895 1856 1055 1931 data
1102 1884 1307 1958 opera
1354 1857 1791 1932 ostendemus
1814 1913 1829 1942 ‚
1887 1881 2021 1928 non
2072 1868 2296 1927 autem
2324 1912 2340 1940 ,
2405 1878 2595 1953 quae·

361 1966 705 2041 afficerent
767 1969 1072 2043 intimam
1134 1970 1542 2044 matrimonii
1606 1985 1912 2043 naturam
1945 2027 1961 2055 ,
2018 1994 2140 2042 seu
2188 1966 2531 2041 vinculum
2557 2025 2573 2055 ,

362 2081 546 2179 quod
604 2107 741 2156 non
792 2098 897 2156 est
955 2110 1078 2157 nec
1140 2110 1293 2157 esse
1341 2100 1561 2184 potest
1610 2083 1943 2157 obiectum
2010 2081 2181 2179 legis
2246 2081 2594 2155 humanae·

366 2221 488 2269 seu
538 2197 781 2271 civilis.
823 2198 894 2269 Si
937 2225 1075 2298 qua
1122 2199 1550 2273 matrimonia
1597 2198 1891 2272 invalide
1941 2196 2266 2269 inirentur
2287 2253 2303 2283 ,
2344 2195 2414 2267 id
2450 2220 2581 2268 non

365 2311 805 2386 enascebatur
853 2339 934 2387 ex
981 2313 1049 2386 vi
1099 2313 1270 2411 legis
1319 2313 1655 2412 positivae
1674 2370 1690 2399 ,
1749 2311 1869 2385 sed
1918 2337 2000 2384 ex
2049 2310 2117 2382 vi
2169 2309 2337 2406 legis
2387 2325 2584 2381 natu-

366 2424 528 2499 ralis
555 2484 571 2513 ,
627 2453 806 2527 quae
864 2427 1092 2528 plures
1154 2428 1661 2501 coniunctiones
1711 2423 2064 2524 improbat.
2123 2423 2193 2494 Si
2243 2449 2379 2522 qua
2427 2447 2596 2498 vero·

364 2540 697 2617 inioentur
727 2544 1041 2643 coniugia
1062 2603 1077 2631 ,
1122 2570 1300 2644 quae
1333 2545 1480 2617 iure
1515 2560 1795 2616 naturae
1840 2539 2068 2614 valida
2114 2555 2345 2613 essent
2369 2597 2385 2626 ,
2428 2565 2585 2638 pro-

365 2657 540 2733 fecto
576 2658 666 2733 ob
712 2660 1092 2759 principum
1140 2659 1326 2760 leges
1376 2659 1675 2734 invalida
1709 2660 1781 2731 in
1812 2659 1954 2758 soro
1993 2657 2414 2730 conscientiae
2448 2682 2580 2729 non

367 2773 839 2848 reddebantur.
875 2774 1123 2849 Contra
1153 2801 1313 2850 vero
1348 2775 1409 2850 si
1444 2800 1622 2875 quae
1664 2771 2221 2875 permittebantur
2244 2797 2286 2843 a
2318 2769 2583 2868 legibus

367 2889 679 2986 coniugia
720 2948 736 2977 ,
800 2916 976 2991 quae
1024 2891 1170 2965 inre
1228 2907 1506 2964 naturae
1572 2888 2110 2989 improbarentur
2141 2945 2157 2975 ,
2210 2885 2438 2960 valida
2497 2884 2585 2959 ob

369 3002 701 3076 eiusmodi
752 3005 932 3102 leges
984 3033 1117 3081 non
1167 3005 1927 3080 efficiebantur.'Verum
1959 3004 2117 3076 dato
2157 3002 2359 3075 etiam
2402 3000 2583 3099 quod

370 3143 479 3192 res
515 3117 738 3192 adhuc
772 3120 1025 3193 incerta
1058 3121 1182 3209 sit,
1224 3121 1555 3195 immerito
1597 3137 1820 3195 orator
1852 3145 2000 3192 eam
2036 3134 2376 3216 tamquam
2409 3115 2588 3214 prin·

370 3232 621 3332 cipium
673 3235 1149 3310 inconcussum
1201 3263 1279 3310 ac
1332 3234 1760 3310 ineluctabile
1810 3234 2118 3309 assumit.

514 3349 643 3423 Sed
698 3367 765 3424 et
812 3350 981 3423 illud
1046 3353 1349 3438 accedit,
1406 3351 1655 3426 salsum
1703 3350 1979 3425 omnino
2027 3374 2184 3423 esse
2231 3344 2586 3421 ecclesiam

371 3462 632 3562 legibus
658 3467 1000 3555 civilibuS,
1025 3494 1197 3569 quas
1224 3468 1482 3540 invenit
1505 3467 1686 3541 circa
1712 3464 2235 3551 matrimonium,
2258 3489 2334 3536 se
2360 3460 2588 3536 subie⁶

371 3578 572 3654 cisse.
616 3584 781 3657 Nam
827 3584 1118 3658 ecclesia
1158 3583 1266 3657 vel
1301 3611 1341 3657 a
1377 3584 1522 3658 suis
1573 3580 1963 3682 primordiis
2014 3579 2356 3681 propriam
2407 3593 2589 3649 auto-

372 3695 666 3770 nomiam
705 3699 1061 3798 patefecit,
1103 3725 1182 3773 ac
1217 3700 1315 3772 uti
1351 3699 1624 3773 omnino
1666 3698 2226 3798 independentem
2262 3722 2338 3769 se
2379 3692 2591 3790 gessit

368 3809 550 3884 circa
598 3812 1005 3888 matrimonii
1065 3813 1405 3913 politicam
1458 3812 1996 3910 legislationem;
2067 3826 2269 3909 atque
2326 3824 2400 3881 ut
2467 3831 2590 3879 suo

372 3923 521 3999 loco
562 3928 1030 4016 ostendemus,
1089 3945 1230 4002 tum
1284 3953 1490 4002 novas
1526 3952 1607 3999 ac
1642 3926 1771 3999 sibi
1809 3926 2118 4026 proprias
2162 3923 2463 3998 condidit
2495 3920 2592 3992 le-

368 4067 489 4138 ges
529 4099 546 4130 ,
617 4058 753 4116 tum
817 4043 998 4143 leges
1061 4044 1443 4146 imperiales
1505 4043 2007 4142 attemperavit,
2072 4056 2189 4115 aut
2247 4036 2594 4136 abrogavit

369 4158 615 4245 etiam;
675 4175 815 4233 tum
864 4162 925 4235 si
977 4189 1153 4261 quae
1203 4176 1394 4234 erant
1444 4160 1791 4246 innoxiae,
1849 4185 1934 4231 ne
1983 4157 2218 4232 fideles
2279 4153 2590 4229 civilibus

372 4269 890 4349 destituerentur
952 4275 1303 4350 effectibus
1326 4331 1345 4360 ‚
1404 4299 1483 4346 ac
1535 4272 1908 4346 molestiam
1977 4276 2416 4355 sustinerent,
2473 4293 2591 4340 eas

370 4385 752 4486 adoptando
778 4450 794 4479 ‚
852 4419 1015 4468 suas
1077 4393 1338 4479 effecit,
1397 4383 1692 4488 suaque
1727 4388 2071 4462 sanctione
2133 4383 2462 4487 probavit.
2521 4380 2589 4453 Si
