3276 5083
560 469 698 519 cn.
732 468 819 517 tv.
856 465 937 516 nt
962 464 1197 518 Anauni.
1226 465 1341 514 no
1366 463 1524 515 uss
1548 462 1631 515 aa
1656 463 1846 515 nn.
1874 458 2001 512 civ.
2037 460 2180 511 aar.
2204 460 2299 513 111.
2454 438 2592 509 toa

526 585 718 672 Quod
771 587 832 657 si
882 583 1237 659 concilium
1305 582 1738 656 tridentinum
1789 606 1907 681 per
1951 580 2225 653 modum
2275 578 2596 653 reforma-

381 701 615 788 tionis,
658 727 789 774 non
817 727 936 800 per
958 699 1403 797 dogmaticam
1445 697 1903 772 definitionem
1945 696 2267 783 sancivit,
2297 710 2375 768 ut
2406 694 2592 767 dein-

377 843 543 917 ceps
593 815 724 889 sub
772 815 1098 889 nullitatis
1148 839 1365 913 poena
1390 869 1406 901 ,
1449 813 1517 885 in
1553 812 1725 886 facie
1771 811 2095 886 ecclesiae
2144 810 2458 915 coniugia
2491 834 2595 883 ce-

380 930 837 1017 lebrarentur,
896 930 1066 1003 ratio
1115 945 1219 1002 est
1240 986 1256 1016 ,
1308 928 1473 1028 quia
1515 926 1854 1001 substrata
1902 925 2180 999 materia
2201 982 2218 1013 ,
2273 949 2452 1025 quae
2499 924 2598 996 di-

385 1044 765 1144 sciplinaris
815 1059 957 1131 est,
1014 1042 1459 1140 dogmaticam
1512 1042 1972 1116 definitionem
2013 1066 2149 1114 non
2187 1040 2592 1139 patiebatur.

382 1160 688 1235 Attamen
739 1158 1142 1260 principium
1184 1158 1293 1231 cui
1333 1157 1673 1232 decretum
1717 1156 2150 1230 tridentinum
2192 1153 2601 1229 innitebatur

380 1294 486 1349 est
520 1275 974 1371 dogmaticum
999 1332 1015 1361 ,
1074 1290 1369 1373 potestas
1405 1299 1647 1372 nempe
1677 1299 1814 1373 qua
1850 1271 2058 1372 pollet
2087 1269 2373 1345 ecclesia
2410 1270 2598 1368 leges

382 1390 862 1489 disciplinares
912 1388 1270 1462 condendi.

530 1505 722 1592 Quod
762 1504 996 1577 attinet
1031 1503 1117 1576 ad
1154 1503 1504 1577 historiam
1558 1503 2084 1577 ecclesiasticam
2127 1500 2586 1589 recentiorem,

386 1621 635 1695 salsum
684 1636 790 1694 est
840 1644 1183 1694 romanam
1235 1617 1465 1691 sedem
1516 1618 1739 1692 nullas
1789 1618 2034 1692 fecisse
2083 1618 2169 1690 de
2216 1616 2401 1690 civili
2456 1638 2603 1688 ma-

384 1735 700 1809 trimonio
740 1732 1344 1833 expostulationes,
1387 1748 1584 1831 prout
1614 1748 1992 1832 temporum
2045 1731 2310 1807 illorum
2350 1729 2602 1830 iniqui·

387 1867 490 1923 tas
538 1849 815 1923 ferebat.
864 1846 1130 1922 Etenim
1184 1847 1556 1921 universim
1606 1848 2034 1922 matrimonia
2081 1847 2310 1922 civilia
2356 1848 2607 1947 impro-

388 1965 607 2051 bavit,
665 1989 873 2062 quum
938 1962 1307 2058 generatim
1359 1962 1447 2033 de
1496 1962 1798 2035 articulis
1850 1962 2188 2059 organicis
2240 1975 2608 2061 conquesta

382 2094 531 2162 est;
590 2076 710 2149 sed
763 2076 1189 2174 potissimum
1238 2077 1413 2173 sacto
1457 2101 1536 2148 ac
1570 2076 1761 2175 praxi
1805 2076 2100 2149 ostendit
2145 2077 2313 2174 quid
2354 2077 2441 2149 de
2479 2074 2609 2149 hu-

393 2190 685 2264 iusmodi
751 2189 1198 2263 matrimoniis
1271 2190 1571 2263 sentiret.
1648 2189 1996 2263 Proferant
2061 2190 2431 2263 adversarii
2498 2191 2605 2263 vel

391 2332 601 2380 unum
653 2305 1152 2379 matrimonium
1206 2331 1386 2378 mere
1445 2303 1643 2378 civile
1690 2306 1760 2377 in
1813 2304 2049 2379 Galliis
2105 2304 2211 2379 vel
2261 2306 2331 2377 in
2380 2303 2608 2403 Belgio

389 2420 795 2495 celebratum
820 2478 838 2508 ‚
894 2419 1074 2519 quod
1140 2445 1412 2493 romana
1462 2420 1660 2493 sedes
1720 2436 1797 2492 ut
1845 2435 2060 2492 ratum
2111 2445 2190 2493 ac
2237 2419 2608 2518 legitimum

395 2536 873 2635 recognoverit.
926 2537 1061 2609 Nos
1109 2562 1268 2610 vero
1318 2535 1559 2611 idoneo
1608 2535 1756 2611 loco
1806 2534 2206 2611 documenta
2238 2534 2556 2612 dabimus
2580 2592 2598 2624 ,

392 2651 643 2750 quibus
679 2651 966 2750 positive
1001 2651 1258 2723 romani
1298 2650 1655 2749 pontifices
1698 2650 1924 2724 omnia
1967 2676 2243 2750 prorsus
2269 2649 2603 2723 eiusmodi

260 2827 263 2832 .
391 2766 707 2865 coniugia
759 2764 946 2838 nulla
994 2792 1074 2838 ac
1117 2764 1305 2838 irrita
1354 2765 1806 2838 declararunt.
1849 2767 2024 2839 Sane
2057 2765 2284 2866 paullo
2320 2780 2477 2839 ante
2510 2780 2612 2840 at-

392 2880 669 2953 tulimus
713 2879 1144 2953 ineluctabile
1193 2881 1805 2979 gravissimumque
1857 2881 1958 2952 Pii
2000 2881 2112 2952 lx.
2147 2881 2608 2955 testimonium

394 2993 480 3066 de
526 2994 907 3068 extantibus
968 2996 1037 3066 in
1090 2994 1445 3069 Tabulario
1498 3022 1772 3070 romano
1822 2996 2050 3071 multis
2116 2995 2610 3071 reclamationis

394 3106 720 3206 exemplis
772 3107 1101 3181 adversus
1161 3109 1342 3208 leges
1393 3110 1478 3183 de
1527 3112 1955 3185 matrimonio
2003 3111 2235 3199 civili,
2299 3112 2478 3199 etsi,
2534 3128 2613 3184 ut

396 3223 689 3311 videtur,
748 3226 817 3296 in
866 3222 1109 3321 vulgus
1161 3224 1378 3297 editae
1429 3225 1933 3301 reclamationes
1968 3225 2125 3300 illae
2159 3252 2291 3300 non
2325 3227 2598 3300 fuerint.

541 3337 732 3424 Quod
786 3365 945 3414 vero
994 3355 1252 3438 spectat
1285 3341 1369 3412 ad
1409 3341 1759 3415 historiam
1804 3342 2056 3417 Galliae
2106 3341 2308 3415 relate
2355 3342 2445 3415 ad
2496 3367 2609 3416 ac-

398 3453 842 3551 ceptationem
911 3453 1311 3553 disciplinae
1355 3480 1395 3526 a
1445 3455 1831 3529 tridentinis
1885 3455 2187 3556 patribus
2239 3455 2554 3529 inductae
2586 3514 2602 3543 ,

396 3593 599 3666 quam
648 3568 926 3667 quidam
966 3594 1045 3641 ex
1082 3569 1458 3643 oratoribus
1509 3570 1871 3645 affirmavit
1911 3572 2194 3645 Galliam
2242 3597 2609 3671 numquam

396 3681 797 3769 admisisse,
835 3709 1067 3756 verum
1104 3709 1236 3757 non
1275 3700 1413 3771 est;
1457 3684 1780 3787 pleraque
1829 3687 2007 3760 enim
2057 3686 2464 3787 disciplinae
2497 3712 2610 3761 ca-

398 3797 539 3895 pita
580 3824 621 3870 a
672 3798 955 3873 concilio
1003 3800 1363 3874 constituta
1417 3801 1485 3872 in
1537 3801 1775 3876 Galliis
1826 3820 2089 3903 recepta
2141 3818 2349 3890 sunt,
2390 3828 2471 3876 ac
2516 3800 2609 3876 vi.-

398 3929 559 4009 gent
589 3915 764 4007 (92).

540 4080 642 4142 (92)
672 4083 732 4131 D.
755 4083 821 4131 Μ.
846 4082 1053 4133 Charias
1083 4085 1133 4133 in
1170 4098 1253 4148 op.
1287 4088 1565 4137 Tractatus
1589 4087 2013 4140 deliberantibus
2037 4089 2283 4140 ccclesiae
2311 4088 2613 4153 quietem

398 4161 569 4214 Leodii
593 4165 728 4212 108⁴.
752 4162 872 4212 111-4.
895 4161 980 4213 lib.
1003 4167 1293 4230 x.cap.v1.
1315 4179 1368 4216 n.
1390 4174 1467 4218 21.
1491 4167 1592 4217 duo
1610 4168 1847 4220 affirmat:
1876 4170 2036 4233 primo
2066 4170 2245 4221 salsum
2268 4183 2377 4223 esse
2393 4173 2614 4235 ιοοφὴ-

396 4240 578 4291 tionetn
600 4242 1220 4294 euenoeemriamntiex
1243 4243 1608 4310 obliget(qnod
1629 4247 1730 4297 iam
1751 4248 2097 4300 ostendentia
2124 4249 2369 4313 11.iibro;
2394 4249 2613 4303 necundo

394 4317 570 4370 nisum
605 4333 711 4371 esse
746 4319 933 4371 nuliam
973 4322 1167 4373 concilii
1204 4324 1456 4376 tridentini
1498 4325 1653 4390 legem
1683 4330 1985 4393 acceptatam
2012 4330 2453 4394 suisseinGaliiis3
2475 4329 2611 4394 qnod

394 4395 576 4448 cvi-cii
591 4398 787 4451 decoeto
809 4399 926 4451 cieri
947 4401 1173 4466 galliani
1194 4414 1274 4452 an.
1297 4410 1431 4458 1625.
1454 4403 1587 4456 edito
1606 4405 1658 4455 in
1680 4407 1815 4458 tomo
1834 4410 1875 4457 1.
1902 4410 2152 4464 Actorum
2173 4408 2322 4462 cleri.
2346 4411 2500 4461 Porro
2523 4409 2611 4460 im·
