3276 5083
669 432 808 505 172
1073 455 1195 505 m.
1239 455 1286 503 ι.
1331 454 1503 504 secr.
1548 453 1594 503 1.
1638 455 1719 503 nr.
1754 454 2017 504 iurum.
2060 452 2490 503 sicmnsnro.

663 571 918 646 lebrata
969 595 1048 644 ac
1095 562 1541 656 sacramenta,
1598 568 1867 643 habitas
1916 568 2131 642 fuisse
2181 566 2269 640 ab
2316 566 2608 640 ecclesia
2657 571 2897 667 quovis

665 704 962 787 tempore
986 743 1003 773 ,
1059 700 1257 785 atque
1323 693 1778 784 propugnatas
1846 678 2171 758 adversus
2234 682 2680 757 montanistas
2703 739 2720 770 ‚
2778 685 2898 782 qui

666 826 783 876 eas
832 800 1243 875 damnabant
1273 802 1449 896 (62).
2864 812 2879 817 ”

811 913 1071 987 Exinde
1118 914 1320 987 etiam
1365 929 1547 1012 patet
1573 912 1824 987 nullius
1857 912 2057 1012 plane
2084 911 2401 985 momenti
2431 936 2584 984 esse
2612 911 2908 984 nonnul-

666 1031 883 1104 lorum
911 1029 1352 1103 recentiorum
1381 1028 1839 1125 theologorum
1866 1026 2543 1112 animadversionem,
2585 1026 2907 1097 nimirum

667 1161 919 1246 patrm,
943 1170 1023 1218 eo
1048 1144 1230 1245 quod
1258 1144 1555 1218 nondum
1579 1148 1891 1216 materiae
1918 1170 1998 1217 ac
2014 1145 2260 1243 somme
2284 1140 2611 1216 vocabula
2637 1142 2907 1214 invecta

669 1260 916 1333 fuerint
933 1317 949 1346 ,
991 1257 1249 1332 meliori
1285 1285 1422 1358 qua
1455 1273 1814 1357 potuerunt
1839 1259 2094 1332 ratione
2111 1315 2128 1345 ,
2172 1273 2374 1357 atque
2406 1254 2908 1356 aequivalenter

666 1372 1201 1447 benedictionem
1263 1381 1824 1445 commemorasse
1886 1370 2112 1444 datam
2172 1397 2213 1444 a
2276 1368 2622 1444 sacerdote
2643 1428 2660 1455 ‚
2717 1368 2904 1441 illam

668 1488 946 1588 quidem
980 1502 1321 1585 tamquam
1360 1486 1638 1558 formam
1658 1543 1675 1573 ,
1708 1484 1890 1558 hunc
1921 1511 2079 1559 vero
2114 1500 2455 1583 tamquam
2482 1484 2894 1557 ministrum.

665 1602 906 1675 Verum
965 1602 1133 1675 haec
1184 1625 1316 1674 non
1367 1615 1472 1673 est
1521 1601 1657 1672 nisi
1708 1599 2036 1672 divinatio
2102 1599 2431 1699 quaedam
2501 1624 2636 1673 non
2702 1599 2903 1672 modo

671 1715 855 1789 omni
907 1714 1229 1788 destituta
1278 1712 1713 1787 fundamento
1735 1771 1751 1801 ,
1817 1712 1939 1786 sed
1989 1727 2332 1812 praeterea
2377 1711 2638 1788 veritati
2702 1710 2904 1810 plane

669 1830 1046 1917 contraria;
1088 1855 1241 1903 cum
1272 1854 1506 1903 verum
1542 1828 1900 1902 habuerint
1936 1820 2424 1901 sacramentum
2460 1825 2900 1914 matrimonii,

666 1944 874 2018 etiam
903 1943 1086 2019 nulla
1112 1944 1594 2017 interveniente
1624 1942 2123 2029 benedictione,
2153 1957 2229 2015 ut
2260 1956 2524 2015 constat
2552 1966 2633 2013 ex
2663 1939 2896 2013 dictis.

671 2056 826 2131 Dixi
879 2058 1072 2130 nulla
1119 2058 1576 2130 interveniente
1625 2054 2091 2140 benedictione,
2152 2054 2489 2155 siquidem
2512 2113 2528 2141 ,
2579 2069 2653 2126 ut
2698 2052 2905 2153 paulo

671 2165 829 2247 ante
896 2170 1491 2245 animadvertimus
1530 2228 1547 2259 ‚
1614 2185 1876 2272 praeter
1937 2169 2304 2244 solemnem
2369 2167 2905 2243 benedictionem

665 2282 1034 2360 ’nulla'alia
1074 2282 1471 2386 plerumque
1505 2283 1993 2383 agnoscebatur
2026 2284 2096 2356 in
2131 2284 2409 2383 antiqua
2440 2281 2729 2356 ecclesia
2751 2339 2768 2370 ‚
2808 2282 2903 2355 uti

671 2401 873 2475 fidem
909 2402 1164 2475 faciunt
1196 2400 1595 2499 euchologia
1628 2424 2014 2497 graecorum
2041 2414 2109 2472 et
2131 2396 2553 2472 orientalium
2577 2455 2594 2484 ‚
2637 2423 2717 2471 ac
2751 2396 2905 2469 libri

671 2513 956 2589 rituales
995 2514 1388 2602 latinorum;
1430 2539 1512 2589 ac
1545 2513 1632 2588 de
1665 2513 1785 2587 illa
1819 2512 1967 2587 sola
2016 2527 2241 2613 patres
2291 2510 2693 2611 loquuntur,
2732 2536 2908 2611 quae

667 2628 1126 2725 denegabatur
1174 2629 1494 2702 secundis
1545 2644 1611 2702 et
1659 2628 2092 2702 ulterioribus
2155 2627 2411 2728 nuptiis
2430 2684 2446 2713 ,
2504 2653 2683 2726 quae
2731 2642 2908 2700 certe

670 2740 791 2815 illa
824 2741 1084 2840 privata
1118 2767 1250 2816 non
1284 2757 1447 2830 erat,
1479 2768 1654 2841 quae
1680 2758 1834 2816 ante
1859 2744 2243 2840 ingressum
2269 2743 2341 2814 in
2367 2741 2752 2829 ecclesiam,
2784 2767 2906 2815 seu

670 2871 828 2930 ante
851 2855 1083 2955 templi
1116 2857 1293 2931 fores
1328 2858 1644 2957 privatim
1694 2883 1776 2930 ex
1819 2859 2140 2932 Martenio
2174 2858 2246 2930 in
2282 2856 2571 2932 ecclesia
2603 2856 2909 2932 occiden-

671 2968 790 3044 tali
838 2970 986 3045 dari
1037 2988 1497 3047 consueverat.

818 3086 1104 3187 Insuper
1150 3088 1703 3163 scholasticorum
1739 3104 1955 3162 aetate
1988 3090 2122 3162 iam
2155 3114 2354 3163 voces
2388 3090 2731 3172 materiae,
2775 3091 2904 3186 scr·

673 3229 816 3276 mae
836 3258 856 3289 ‚
898 3229 978 3278 ac
1008 3205 1303 3275 ministri
1346 3202 1743 3278 obtinebant
1789 3203 1858 3275 in
1902 3229 1973 3276 re
2016 3204 2574 3289 sacramentaria,
2615 3217 2907 3275 attamen

674 3341 763 3389 ne
795 3341 1005 3389 unum
1050 3315 1323 3415 quidem
1358 3314 1918 3390 scholasticorum
1961 3316 2261 3390 invenire
2292 3331 2432 3403 est,
2473 3316 2592 3416 qui
2625 3317 2908 3415 [onnam

674 3430 1203 3505 benedictionem
1272 3430 1757 3505 sacerdotalem
1805 3431 2171 3519 vocaverit,
2227 3445 2636 3505 contractum
2704 3445 2908 3504 mate-

675 3668 929 3721 ecciesiam
943 3683 1061 3722 vero
1074 3682 1160 3721 eos
1174 3668 1530 3731 ammonam,
1546 3682 1604 3721 ac
1626 3670 1753 3720 ritus
1772 3681 1858 3733 per
1877 3680 1931 3720 se
1948 3668 2280 3720 indifferentes
2292 3670 2345 3718 in
2359 3668 2463 3719 veri
2475 3668 2566 3719 Dei
2579 3668 2772 3719 cultum
2791 3678 2905 3718 con·

670 3749 874 3800 vertisse
889 3785 906 3813 ‚
926 3751 1055 3802 utin
1074 3750 1184 3801 aliis
1209 3750 1394 3800 factumi
1415 3762 1520 3801 esse
1540 3749 1755 3800 ostendit
1770 3749 2073 3812 Marangoni.
2092 3749 2291 3799 Interim
2311 3748 2374 3799 de
2392 3748 2590 3800 coronis
2602 3746 2908 3812 nuptialibus

675 3825 856 3878 librum
887 3829 1044 3880 edidit
1076 3828 1303 3880 Madet-ua
1316 3865 1332 3893 ‚
1355 3831 1503 3892 atque
1520 3829 1617 3880 hoc
1633 3827 1798 3892 ipsum
1811 3829 2151 3891 argumentum
2174 3828 2338 3891 attigit
2360 3827 2641 3878 paschalius
2657 3828 2708 3876 in
2726 3825 2815 3877 lib.
2831 3827 2914 3876 De

674 3909 897 3969 comnis,
911 3922 1000 3960 nec
1019 3923 1118 3960 non
1127 3910 1477 3962 Rittershusius
1490 3908 1578 3958 lib.
1589 3911 1655 3958 11.
1667 3911 1878 3958 sacr-ar.
1892 3908 2099 3958 lection.
2110 3920 2220 3971 cap.
2236 3916 2285 3959 9.
2297 3909 2350 3959 et
2362 3910 2435 3958 lo.
2447 3908 2600 3959 Gottl.
2615 3904 2908 3957 Bossechius

675 3989 1057 4058 στεφανομάτα
1086 3991 1264 4052 sponsi
1284 3991 1336 4038 et
1354 3998 1591 4052 sponsae.
1618 3989 1691 4037 lo.
1718 3985 1854 4036 Frid.
1877 3984 2066 4036 Hirtius
2081 3988 2158 4036 De
2176 3988 2382 4038 coronis
2400 3984 2732 4051 nuptialibus
2756 3981 2910 4048 apud

673 4062 938 4116 hebraeos.
960 4068 1131 4117 Petrus
1156 4068 1393 4119 munerun
1413 4068 1753 4119 Dissertation.
1777 4067 1974 4131 scripsit
1990 4068 2068 4116 De
2091 4065 2294 4117 annulo
2316 4065 2585 4131 pronubo,
2612 4064 2764 4128 prout
2783 4065 2907 4114 Gro-

671 4141 772 4194 tius
791 4143 987 4207 scripsit
1010 4147 1088 4195 De
1104 4145 1483 4211 paranymphis
1501 4146 1566 4197 ad
1587 4147 1763 4198 matth.
1788 4149 1873 4196 lx.
1903 4152 1979 4196 15.
1999 4157 2060 4195 ac
2086 4147 2162 4196 De
2178 4144 2566 4197 domiducttone
2592 4145 2786 4208 praeter
2802 4143 2906 4194 Sel·

673 4220 857 4272 denum
874 4221 924 4272 in
942 4235 1025 4286 op.
1052 4225 1195 4274 Uxor
1216 4224 1446 4277 hebraea
1472 4225 1621 4276 etiam
1650 4223 1882 4276 disseruit
1897 4222 2021 4274 Iabn
2044 4225 2097 4274 in
2116 4223 2498 4290 Archaooloqta
2535 4222 2750 4275 biblica.
2759 4221 2906 4273 vien.

675 4305 817 4353 1814.
843 4300 893 4366 S.
917 4305 1003 4353 154
1028 4315 1168 4366 seqq.

826 4381 928 4446 (63)
956 4383 1035 4436 Os.
1055 4383 1259 4436 Tertull.
1284 4385 1372 4439 lib.
1394 4389 1472 4437 Do
1491 4387 1850 4449 monoqarm'a,
1871 4387 1922 4436 ee
1945 4384 2011 4437 de
2022 4384 2306 4450 pudicitia.
