3276 5083
622 365 760 437 168
1023 384 1155 437 un.
1198 386 1244 436 1.
1289 385 1462 438 sacr.
1506 386 1551 436 1.
1594 385 1676 435 nn
1709 383 1971 435 numu.
2013 382 2441 436 saeuumo.

753 504 894 577 Iam
941 527 1100 577 vero
1152 504 1213 576 si
1264 529 1347 575 ex
1396 500 1721 576 ecclesiae
1769 499 2139 574 catholicae
2183 501 2487 576 doctrina
2523 500 2703 574 idem
2736 516 2863 576 est

610 622 681 691 in
721 618 1035 716 coniugio
1076 618 1596 692 christianorum
1631 612 2007 690 contractus
2032 632 2098 688 et
2121 631 2642 705 sacramentum,
2674 616 2860 691 adeo

608 750 684 807 ut
708 732 826 807 ubi
844 758 977 808 non
1001 750 1110 809 est
1138 746 1653 818 sacramentum,
1688 756 1908 829 neque
1940 729 2121 803 adsit
2153 745 2533 805 contractus
2555 788 2572 817 ,
2613 747 2861 805 contra

607 876 765 924 vero
804 850 1067 949 quoties
1117 848 1403 922 habetur
1447 848 1789 946 legitimus
1841 860 2244 932 contractus,
2286 846 2484 920 toties
2517 844 2861 920 habeatur

607 979 1097 1039 sacramentum
1121 1021 1138 1051 ,
1198 962 1627 1036 manifestum
1680 978 1786 1036 est
1834 962 2109 1036 totidem
2150 958 2383 1033 haberi
2425 976 2855 1034 sacramenta

604 1094 769 1179 quot
804 1078 1136 1153 habentur
1182 1092 1562 1152 contractus
1593 1134 1610 1165 ‚
1658 1077 1923 1152 etiamsi
1974 1074 2350 1150 benedictio
2399 1074 2847 1148 sacerdotalis

608 1219 742 1269 non
793 1193 1260 1280 intervenerit‘,
1301 1209 1500 1292 prout
1530 1192 1861 1288 contingit
1884 1192 1954 1263 in
1991 1191 2079 1264 iis
2112 1188 2427 1263 omnibus
2462 1189 2836 1286 coniugiis,

605 1332 784 1407 quae
816 1306 1237 1381 celebrantur
1269 1306 1406 1379 illis
1438 1308 1509 1378 in
1541 1304 1965 1403 regionibus,
1997 1305 2069 1376 in
2107 1303 2358 1402 quibus
2399 1302 2841 1376 tridentinum

605 1420 945 1495 decretum
985 1446 1119 1493 non
1156 1436 1263 1493 est
1299 1418 1745 1520 publicatum;
1794 1434 1911 1492 aut
1956 1417 2220 1517 quoties
2262 1443 2347 1491 ex
2394 1417 2699 1515 legitima
2737 1416 2841 1490 di·

605 1533 1037 1633 spensatione
1068 1557 1203 1606 non
1237 1531 1658 1606 celebrantur
1708 1558 1934 1607 coram
1986 1530 2329 1606 sacerdote
2346 1588 2362 1619 ‚
2417 1545 2535 1604 aut
2583 1528 2841 1629 absque

601 1648 752 1722 eius
802 1647 1266 1722 benedictione
1285 1703 1302 1734 ‚
1347 1674 1522 1747 quae
1555 1647 1851 1747 profecto
1903 1672 2035 1721 non
2087 1672 2302 1745 pauca
2353 1662 2536 1720 sunt.
2581 1646 2839 1720 Exinde

603 1762 944 1838 evidenter
992 1776 1172 1861 patet
1223 1787 1441 1861 neque
1490 1761 2024 1835 benedictionem
2058 1759 2144 1833 ad
2180 1760 2579 1835 sacramenti
2615 1784 2839 1834 essen·

604 1878 765 1951 tiam
810 1876 1143 1975 pertinere
1168 1933 1185 1962 ,
1251 1902 1470 1975 neque
1531 1876 1944 1949 sacerdotem
1993 1900 2146 1950 esse
2197 1874 2402 1949 huius
2439 1874 2833 1948 sacramenti

603 1990 1012 2078 ministrum,
1034 1991 1155 2065 sed
1183 2007 1676 2065 sacramentum
1703 1990 1934 2089 perfici
1963 1989 2107 2065 solo
2130 1989 2660 2071 contrahentium
2675 2012 2836 2062 con-

601 2133 810 2182 sensu
837 2163 854 2192 ,
901 2132 982 2180 ac
1020 2121 1373 2205 propterea
1406 2105 1877 2179 contrahentes
1928 2104 2110 2179 solos
2163 2130 2318 2178 esse
2359 2104 2568 2177 huius
2614 2128 2840 2178 sacra-

604 2221 811 2294 menti
838 2219 1208 2294 ministros.
1223 2218 1517 2293 Difficile
1541 2218 1906 2292 admodum
1933 2218 2178 2292 accidit
2202 2217 2647 2294 sectatoribus
2672 2217 2835 2292 Cani

604 2334 907 2410 invenire
933 2334 1285 2434 quidpiam
1311 2333 1538 2420 solidi,
1559 2332 1742 2433 quod
1770 2331 2218 2432 respondeant
2236 2332 2398 2406 huic
2414 2348 2832 2429 argumento.

758 2448 916 2522 Post
958 2447 1152 2534 haec,
1191 2449 1302 2521 vix
1340 2471 1916 2547 supervacaneum
1966 2471 2098 2520 non
2146 2444 2410 2519 videtur
2459 2443 2595 2518 alia
2644 2470 2838 2543 argu·

609 2574 833 2632 menta
872 2585 1111 2656 urgere
1129 2616 1146 2645 ‚
1179 2585 1353 2658 quae
1378 2587 1461 2633 ex
1494 2561 1648 2660 ipsa
1683 2561 1778 2633 rei
1817 2574 2054 2632 natura
2103 2558 2240 2658 peti
2293 2574 2602 2659 possunt.
2647 2560 2839 2633 Prae-

607 2674 809 2770 cipua
850 2687 1070 2745 autem
1123 2673 1291 2746 ratio
1329 2699 1412 2746 ea
1460 2689 1601 2761 est,
1644 2700 1820 2772 quae
1853 2699 1895 2746 a
1928 2674 2329 2747 Bellarmino
2364 2674 2731 2748 arcessitur
2763 2698 2840 2747 ex

607 2785 995 2860 omnimoda
1044 2784 1637 2860 indissolubilitate
1688 2789 2185 2885 coniugiorum,
2235 2814 2411 2888 quae
2444 2815 2487 2862 a
2522 2788 2837 2863 fidelibus

608 2899 1096 2975 contrahuntur
1144 2901 1349 2976 etiam
1402 2902 1551 2975 sine
1603 2901 2071 2976 benedictione
2121 2901 2554 2990 sacerdotali;
2587 2905 2688 2982 ita
2726 2918 2835 2990 ut,

605 3015 670 3089 si
708 3031 1239 3090 consummatum
1280 3015 1515 3103 suerit,
1553 3042 1920 3115 numquam
1964 3016 2097 3089 nisi
2144 3043 2264 3115 per
2297 3032 2576 3091 mortem
2613 3015 2840 3089 dirimi

565 3179 570 3183 »
609 3127 895 3229 possint.
930 3127 1280 3203 Eiusmodi
1332 3144 1554 3203 autem
1591 3129 1872 3204 effectus
1924 3146 2028 3204 est
2074 3129 2170 3218 id,
2212 3130 2391 3229 quod
2443 3156 2502 3203 S.
2530 3130 2842 3227 Augusti·

603 3269 736 3317 nus
791 3243 862 3316 in
913 3242 1087 3316 libro
1134 3244 1233 3316 De
1285 3244 1441 3316 bono
1501 3246 1837 3343 coniuqali
1866 3300 1885 3330 ,
1956 3272 2092 3318 rem
2154 3260 2349 3319 vocat
2406 3245 2833 3319 sacramenti.

604 3357 798 3432 Hanc
849 3373 1072 3432 autem
1123 3357 1581 3433 omnimodam
1647 3358 2027 3433 firmitatem
2088 3359 2334 3434 frustra
2409 3384 2694 3459 quaeres
2771 3359 2842 3431 in

606 3472 860 3573 nuptiis
928 3471 1346 3548 ethnicorum
1382 3528 1397 3559 ,
1465 3496 1642 3570 quae
1708 3470 2047 3550 nonnullis
2098 3472 2168 3545 in
2219 3472 2492 3548 casibus
2558 3471 2840 3547 dissolvi

611 3734 742 3785 della
758 3735 924 3790 chiesa
939 3737 1186 3800 canolia,
1208 3737 1301 3792 che
1317 3736 1354 3791 il
1376 3737 1682 3791 sacramento
1700 3749 1799 3792 uon
1819 3736 1850 3788 e
1868 3737 2058 3801 quauta
2079 3736 2383 3790 accidentale
2402 3736 2635 3801 aggiunn
2659 3737 2709 3788 a!
2727 3748 2840 3787 con·

606 3813 759 3864 tratto
776 3848 793 3875 ,
829 3826 912 3864 ma
940 3815 970 3866 e
1005 3815 1059 3865 di
1089 3827 1286 3866 essenzt
1317 3815 1364 3866 al
1398 3813 1710 3865 matrimonio
1746 3815 1928 3879 stesso,
1953 3817 2052 3866 cos)
2073 3816 2234 3867 chela
2253 3816 2435 3866 unione
2455 3815 2709 3880 coniugale
2725 3812 2841 3864 trai

606 3891 827 3943 cristiani
843 3905 944 3943 non
960 3893 990 3944 e
1009 3893 1275 3957 legittima,
1297 3907 1351 3945 se
1371 3907 1472 3945 non
1489 3894 1569 3945 nel
1589 3892 1902 3945 matrimonio
1919 3897 2242 3960 sacramento,
2258 3895 2387 3947 fuori
2403 3895 2484 3947 del
2504 3895 2649 3959 quale
2666 3905 2764 3945 non
2782 3891 2837 3941 vi*

607 3973 635 4022 ὸ
655 3972 747 4023 che
768 3985 836 4021 un
858 3975 1015 4035 prauo
1032 3976 1410 4027 concubinatu.»

754 4053 967 4106 Laetera
987 4053 1046 4105 at
1067 4058 1180 4106 sua
1205 4055 1417 4108 Sanum
1436 4057 1536 4106 Pio
1559 4057 1665 4106 IX.
1690 4067 1725 4106 a
1744 4058 1857 4106 sua
1878 4055 2083 4107 Maesta
2108 4058 2329 4108 Victoria
2353 4056 2719 4108 Emmanuele.
2754 4056 2843 4106 Oa·

606 4130 934 4196 stelgaudulro
963 4140 1037 4184 19.
1058 4136 1315 4186 settembr.
1340 4141 1477 4186 1852.
1500 4135 1579 4186 ct.
1601 4133 1937 4186 Allocuztone
1955 4133 2104 4186 della
2122 4137 2336 4189 sauma
2354 4135 2414 4187 di
2434 4138 2615 4187 nostro
2631 4137 2847 4199 sequare

606 4215 700 4265 Pto
731 4214 885 4276 Papa
914 4212 1019 4262 ῙΧ.
1041 4211 1101 4262 al
1128 4225 1279 4264 sacro
1311 4213 1540 4278 colleqio
1568 4212 1658 4265 nel
1683 4215 1972 4266 conci-storo
2003 4216 2204 4279 seyraco
2231 4213 2317 4267 det
2348 4221 2426 4267 22.
2447 4215 2680 4269 Gonnato
2705 4219 2841 4267 1855.

606 4295 763 4348 Roma
787 4298 922 4345 1855.
949 4293 1259 4344 Documentt
1281 4296 1524 4346 num.L1.
1545 4306 1657 4360 pag.
1689 4297 1791 4344 179.
