3276 5083
660 433 797 503 244
1075 454 1195 502 Lm.
1241 454 1286 500 1.
1329 452 1502 502 SECT.
1545 451 1802 500 Aul-zm.
1845 451 1924 498 1>ss
1960 451 2219 500 nrum.
2260 449 2473 497 ctvlu.

605 572 1085 659 ,conventione
1126 569 1330 643 iuncti
1383 585 1576 655 sunt,
1632 567 1892 666 absque
1940 566 2079 639 ullo
2128 567 2497 663 religionis,
2539 591 2715 665 quae
2744 593 2865 641 eos

652 685 1196 769 sanctificaverit,
1253 684 1650 755 interventu.

793 799 986 886 Quod
1013 801 1072 872 si
1105 825 1237 870 non
1285 798 1481 895 pauci
1518 798 1717 869 etiam
1761 823 1841 869 ex
1879 798 1991 883 iis,
2034 798 2151 896 qui
2187 822 2269 869 ex
2302 796 2674 870 christiano
2709 822 2861 869 con·

649 916 828 1011 iugio
868 928 1302 1013 procreantur
1343 911 1428 984 ob
1466 911 1740 983 insitam
1777 936 1855 982 ex
1894 911 2233 1008 primaeva
2268 910 2468 1007 culpa
2495 968 2510 995 ,
2552 936 2687 1010 qua
2722 936 2862 983 ma-

647 1029 846 1102 culati
899 1044 1301 1113 nascuntur,
1345 1042 1620 1097 naturae
1666 1025 2088 1096 infectionem
2114 1082 2128 1111 ,
2176 1024 2262 1095 ab
2296 1024 2519 1097 officio
2558 1050 2718 1121 erga
2750 1051 2863 1123 pa-

647 1159 865 1216 rentes
914 1141 1139 1214 debito
1188 1141 1611 1225 desciscunt;
1656 1139 1715 1211 si
1752 1139 1846 1238 pii
1886 1138 2290 1237 quandoque
2342 1139 2474 1237 ipsi
2527 1139 2860 1235 genitores

648 1258 733 1329 de
784 1256 1268 1342 inobedientia,
1318 1253 1682 1355 protervia,
1732 1278 1811 1325 ac
1861 1253 2036 1325 mala
2086 1252 2375 1325 filiorum
2426 1251 2654 1325 indole
2704 1279 2862 1326 con-

646 1386 1063 1468 queruntur;
1124 1371 1181 1442 si
1235 1395 1367 1443 non
1426 1367 1847 1442 obstantibus
1899 1365 2258 1465 praesidiis
2308 1365 2621 1440 omnibus
2673 1367 2861 1439 auxi-

644 1486 929 1585 liisque,
980 1510 1154 1583 quae
1205 1511 1245 1556 a
1301 1483 1622 1579 religione
1672 1481 2117 1581 proveniunt,
2176 1479 2369 1551 liberi
2421 1506 2654 1579 pamm
2707 1507 2859 1581 pro-

646 1598 925 1681 ficiunt,
987 1622 1065 1668 ac
1107 1621 1309 1695 saepe
1359 1620 1511 1668 cum
1562 1593 1954 1667 adolescunt
1985 1592 2246 1692 peiores
2282 1592 2482 1678 fiunt3
2523 1593 2687 1693 quid
2723 1594 2856 1666 iam

646 1711 772 1782 erit
819 1709 1302 1807 expectandum
1357 1735 1398 1780 a
1442 1707 1602 1780 filiis
1628 1764 1645 1796 ,
1702 1708 1817 1807 qui
1873 1723 2118 1780 norunt
2174 1733 2248 1779 se
2307 1722 2498 1779 natos
2560 1734 2713 1781 esse
2774 1734 2855 1781 ex

643 1824 1003 1896 fornicaria
1052 1822 1533 1896 consuetudine
1560 1879 1575 1910 ,
1618 1848 1737 1895 seu
1780 1848 1820 1894 a
1871 1819 2298 1921 parentibus,
2354 1822 2472 1920 qui
2524 1821 2705 1896 nullo
2754 1849 2858 1895 re-

644 1937 914 2034 ligionis
967 1963 1171 2011 sensu
1212 1936 1632 2024 afficiuntur,
1676 1937 1811 2011 imo
1860 1961 2134 2008 sensum
2184 1935 2484 2031 religioni
2520 1935 2653 2034 ipsi
2697 1963 2858 2009 con-

641 2053 913 2126 trarium
965 2049 1485 2152 praeseferunt?
1535 2050 1832 2123 Profecto
1866 2107 1881 2136 ,
1951 2050 2067 2148 qui
2130 2048 2467 2122 'eiusmodi
2527 2050 2851 2145 originem

639 2182 985 2241 ¹traxerunt
1016 2226 1031 2254 ,
1088 2193 1168 2239 ac
1219 2163 1385 2239 tales
1438 2165 1612 2239 nacti
1665 2179 1823 2238 sunt
1868 2163 2201 2262 genitores
2248 2188 2372 2236 nec
2420 2189 2501 2236 ea
2548 2189 2683 2262 qua
2731 2191 2856 2264 par

639 2297 817 2355 esset
865 2281 1221 2354 dilectione
1270 2294 1762 2380 prosequentur
1802 2335 1817 2363 ,
1892 2301 2110 2376 neque
2161 2276 2245 2349 iis
2295 2276 2560 2350 sincero
2608 2277 2853 2351 affectu

637 2395 1111 2495 obsequentur.

695 2547 696 2550 ¹
778 2510 1175 2583 Addendum
1229 2509 1408 2609 quod
1462 2525 1809 2609 parentes,
1867 2505 2103 2606 quales
2154 2507 2339 2580 iuxta
2375 2507 2470 2579 rei
2505 2508 2846 2580 veritatem

636 2627 745 2698 hic
794 2615 1276 2723 descripsimus
1304 2682 1319 2710 ,
1372 2624 1620 2697 nullam
1658 2640 1772 2697 aut
1805 2649 1974 2722 pene
2026 2623 2275 2696 nullam
2321 2622 2581 2695 soleant
2623 2649 2846 2696 curam

634 2765 861 2836 gerere
900 2741 1053 2835 piae
1104 2739 1543 2810 institutionis
1572 2795 1587 2824 ,
1631 2737 1943 2836 filiosque
1977 2752 2418 2810 consuescant
2469 2736 2842 2834 negligere,

633 2868 699 2924 et
742 2852 924 2924 nullo
975 2841 1090 2925 eos
1135 2852 1276 2924 sive
1325 2851 1528 2924 verbo
1587 2853 1731 2924 sive
1770 2852 2074 2952 exemplo
2121 2852 2411 2925 excitare
2461 2852 2547 2923 ad
2602 2867 2845 2925 rectam

630 2968 807 3040 vitae
849 2966 1169 3039 rationem
1219 2965 1578 3038 efficaciter
1613 2966 1896 3067 possint.
1931 2968 2200 3066 Ecquos
2233 2950 2734 3064 condiscipulos
2767 2991 2846 3039 ac

541 3099 544 3106 '
631 3080 897 3155 sodales
923 3079 1252 3154 eiusmodi
1288 3081 1620 3177 genitores
1647 3079 1809 3152 filiis
1836 3079 2253 3178 praebebunt
2284 3081 2454 3166 suis,
2497 3080 2630 3153 nisi
2666 3080 2851 3154 eius·

629 3197 780 3269 dem
807 3187 1204 3269 conditionis
1243 3196 1314 3265 in
1350 3194 1599 3267 malum
1644 3193 1972 3293 proclives
1999 3219 2077 3268 ac
2103 3195 2284 3267 vitiis
2318 3193 2653 3268 irretitos?
2677 3194 2841 3266 Cum

628 3325 847 3383 autem
897 3309 1054 3383 mali
1098 3335 1249 3383 cum
1284 3309 1484 3383 malis
1528 3309 2017 3396 consociantur,
2063 3309 2340 3409 pessimi
2378 3335 2617 3383 omnes*
2657 3309 2840 3382 brevi

628 3425 807 3498 fient.
2090 3419 2095 3422 Δ

767 3541 972 3613 Porro
1023 3539 1144 3613 filii
1198 3540 1268 3611 in
1324 3554 1776 3614 transversum
1827 3543 1993 3628 acti,
2056 3542 2126 3610 in
2174 3533 2338 3613 vitia
2389 3539 2631 3626 effusi,
2687 3540 2842 3611 libi-

625 3655 803 3729 dinis
852 3645 1240 3752 mancipia,=
1283 3654 1559 3751 maligni
1599 3653 1858 3728 fructus
1894 3680 1974 3726 ex
2017 3652 2195 3725 mala
2240 3652 2478 3726 arbore
2515 3654 2841 3751 prodeun-

624 3783 766 3852 tes,
839 3759 1121 3842 eruntne
1184 3768 1306 3840 rite
1366 3768 1714 3868 dispositi,
1774 3784 1843 3842 et
1891 3794 1970 3841 eo
2020 3767 2244 3840 animo
2294 3768 2712 3868 comparati,
2767 3784 2845 3841 ut

625 3881 941 3953 honorem
985 3881 1287 3955 deferant
1324 3882 1712 3981 parentibus
1741 3883 1884 3955 suis
1907 3940 1922 3969 ,
1957 3882 2179 3980 iisque
2203 3881 2497 3955 debitam
2522 3881 2840 3955 obedien-

623 3996 782 4066 tiam
832 3996 1225 4093 praebeant,
1287 4021 1367 4068 ac
1416 4012 1763 4096 paternam
1836 3997 2294 4070 auctoritatem
2354 3993 2779 4069 revereantur
2800 3996 2840 4066 ¹?

621 4109 784 4180 Puto
838 4109 1166 4182 neminem
1192 4168 1207 4195 ,
1257 4111 1375 4183 cui
1428 4125 1768 4209 comperta
1821 4111 1910 4182 sit
1959 4111 2334 4184 communis
2386 4111 2700 4183 iuvenum
2758 4135 2837 4182 ac

620 4220 1136 4295 adolescentium
1187 4222 1426 4320 agendi
1485 4223 1677 4308 ratio,
1726 4220 1794 4293 id
1857 4221 2013 4294 sibi¹
2050 4220 2456 4320 persuadere
2478 4278 2494 4306 ,
2543 4222 2835 4321 aliisque

621 4336 904 4411 suadere
954 4359 1180 4434 posse.
