3276 5083
699 394 834 463 35⁶
1097 416 1218 465 m.
1261 417 1306 464 1.
1348 416 1520 465 secr.
1564 416 1822 466 Atrans.
1865 417 1944 464 ns
1994 417 2257 466 unam.
2301 416 2515 468 civim.

690 532 1242 608 contrahentibus
1292 535 1561 632 exigant
1603 535 2075 608 documentum
2126 535 2213 607 de
2255 550 2409 608 actu
2452 535 2638 608 civili
2692 561 2923 611 coram

691 647 1194 745 magistratibus
1246 647 1619 735 celebrum,
1682 665 1877 747 prout
1926 649 1995 720 in
2047 648 2389 723 nonnullis
2441 648 2695 725 Galliae
2732 651 2926 725 dioe-

692 763 962 838 cesibus
1004 789 1085 838 ac
1134 763 1499 863 provinciis
1536 763 1680 837 fieri
1719 766 2065 838 consuevit
2106 764 2193 839 ad
2237 767 2737 866 praecavendas
2772 793 2924 842 mo-

695 875 960 965 lestias,
1018 877 1079 951 si
1130 903 1331 952 secus
1386 878 1572 951 fieret
1605 880 1784 973 (22).
1819 878 2002 950 Nihil
2052 879 2322 953 demum
2373 880 2694 981 impedit,
2750 907 2927 981 quo-

691 995 916 1067 minus
973 993 1207 1092 poenis
1260 992 1626 1066 multentur
1675 995 1793 1091 qui
1846 995 2028 1068 civili
2074 993 2204 1093 legi
2246 1019 2380 1078 non
2424 995 2914 1096 obtemperent,

690 1133 865 1209 quae
916 1106 1101 1181 iubet
1149 1107 1470 1204 coniuges
1524 1134 1602 1181 se
1650 1108 1890 1182 sistere
1952 1133 2174 1182 coram
2243 1109 2423 1183 civili
2487 1107 2710 1184 iudice
2770 1110 2922 1184 sive

693 1239 847 1297 ante
881 1222 1027 1297 sive
1063 1237 1216 1321 post
1248 1221 1762 1297 celebrationem
1812 1224 2106 1321 coniugii
2145 1221 2228 1297 ad
2267 1223 2548 1298 sormam
2587 1251 2626 1298 a
2660 1225 2920 1299 triden-

688 1341 830 1413 tino
881 1339 1400 1438 praescriptam.

834 1451 944 1526 Sic
986 1467 1169 1526 sarta
1217 1467 1393 1525 tecta
1445 1453 1595 1525 iura
1644 1453 1864 1526 civilis
1915 1454 2262 1551 regiminis
2304 1469 2373 1527 et
2410 1453 2736 1528 ecclesiae
2774 1481 2919 1529 ser-

688 1583 1039 1654 varentur,
1080 1593 1204 1641 nec
1238 1566 1377 1640 ulla
1414 1568 1861 1642 intercederet
1910 1569 2359 1643 conscientiae
2407 1568 2737 1643 libertatis
2775 1572 2920 1645 vio-

692 1684 892 1770 latio;
949 1684 1113 1782 quia
1162 1682 1573 1783 quicumque
1641 1682 2030 1780 religionem
2100 1684 2456 1783 positivam
2521 1685 2911 1785 profitetur,

694 1797 891 1875 debet
946 1796 1252 1895 religioni
1303 1821 1467 1870 suae
1515 1796 1914 1870 conformari
1950 1798 2020 1868 in
2065 1796 2326 1872 actibus
2377 1798 2749 1895 religiosis,
2796 1825 2920 1874 cu-

697 1913 987 1988 iusmodi
1038 1928 1144 1985 est
1192 1912 1634 1986 christianum
1686 1913 2098 2010 coniugium.

833 2026 1138 2100 Ceterum
1188 2026 1641 2101 conscientiae
1690 2025 1967 2101 libertas
2018 2053 2151 2101 non
2187 2037 2291 2101 est
2327 2027 2459 2100 nisi
2495 2027 2798 2102 velamen
2836 2054 2916 2101 ac

689 2157 1070 2242 praetextus
1105 2140 1499 2214 condendae
1535 2140 1706 2238 legis
1753 2140 1959 2214 huius
1980 2198 1995 2227 ‚
2037 2139 2616 2242 legislatoresque,
2647 2141 2735 2216 de
2767 2144 2921 2242 qui-

689 2256 815 2334 bus
856 2258 1155 2356 agimus,
1197 2256 1424 2330 minus
1474 2255 1748 2342 dicunt,
1800 2282 2006 2354 quam
2059 2258 2282 2357 reipsa
2332 2257 2706 2330 intendant.
2749 2256 2919 2331 Vera

694 2375 864 2448 ratio
926 2389 1070 2459 est,
1127 2373 1287 2471 quia
1341 2372 1476 2473 ipsi
1528 2372 2028 2446 matrimonium
2080 2372 2305 2471 quoad
2355 2398 2549 2446 suam
2600 2371 2919 2447 substan—

692 2492 853 2565 tiam
904 2514 1037 2562 non
1088 2503 1397 2588 spectant
1448 2487 1581 2561 nisi
1633 2488 1729 2562 uti
1793 2514 1932 2562 rem
2000 2489 2273 2564 omnino
2340 2488 2649 2577 civilem,
2720 2489 2919 2564 cuius

689 2605 974 2704 proinde
1020 2603 1378 2703 dispositio
1431 2603 1635 2704 plena
1684 2630 1764 2677 ac
1815 2605 2071 2702 integra
2106 2605 2191 2677 ad
2229 2603 2423 2679 civile
2471 2605 2769 2703 regimen
2795 2663 2813 2692 ,
2853 2623 2919 2680 et

688 2720 962 2818 quidem
1011 2717 1349 2792 exclusive
1398 2719 1751 2817 pertineat.
1817 2719 1961 2793 Hac
2021 2717 2108 2792 de
2152 2745 2358 2793 causa
2419 2720 2525 2792 ius
2573 2720 2921 2795 vindicant

689 2832 871 2906 civili
920 2832 1063 2905 soro
1113 2832 1453 2906 statuendi
1502 2832 1986 2932 impedimenta
2023 2835 2305 2933 quaevis
2338 2834 2757 2923 dirimentia3
2811 2837 2918 2910 ius
3029 2839 3034 2844 ’

689 2946 775 3020 ad
826 2946 1050 3045 ipsum
1101 2963 1416 3020 revocant
1464 2944 1809 3020 iudicandi
1857 2945 1948 3019 de
1996 2947 2221 3021 causis
2270 2947 2914 3036 matrimonialibus,

688 3061 1091 3137 decernendi
1140 3061 1431 3136 divortia
1483 3062 1754 3162 aliaque
1795 3062 2207 3163 praestandi,
2249 3079 2445 3163 prout
2483 3063 2615 3137 sibi
2665 3063 2917 3138 bonum

690 3179 911 3254 visum
982 3177 1199 3251 fuerit.
1273 3176 1415 3251 Hac
1484 3177 1570 3250 de
1629 3202 1837 3252 causa
1894 3193 1961 3250 et
2018 3178 2087 3249 in
2158 3178 2464 3252 eumdem
2527 3178 2726 3251 finem
2780 3202 2916 3252 non

689 3293 887 3368 modo
934 3293 1399 3390 distinguunt,
1446 3291 1567 3367 sed
1608 3293 1812 3392 plane
1862 3294 2255 3394 discerpunt
2295 3310 2704 3368 contractum
2755 3318 2919 3367 con-

690 3408 982 3506 iugalem
1018 3435 1059 3481 a
1093 3425 1509 3482 sacramento
1531 3466 1548 3495 ,
1590 3434 1740 3494 seu,
1774 3425 1850 3482 ut
1884 3410 2017 3507 ipsi
2055 3408 2451 3507 loquuntur,
2496 3435 2538 3481 a
2570 3433 2916 3483 consecra·

689 3523 869 3597 tione
912 3522 1226 3621 religiosa
1252 3582 1267 3611 ,
1321 3550 1526 3624 quam
1577 3524 1777 3597 unice
1820 3523 2146 3598 ecclesiae
2195 3523 2544 3597 dimittunt
2575 3550 2712 3597 una
2761 3549 2916 3598 cum

689 3638 1107 3738 inspectione
1140 3639 1322 3713 circa
1356 3639 1841 3739 dispositiones
1867 3637 1958 3712 ad
1982 3655 2474 3713 sacramentum
2510 3639 2634 3712 rite
2666 3637 2914 3713 obeun-

690 3750 875 3824 dum.
936 3752 1035 3824 En
1088 3752 1256 3851 quid
1305 3753 1418 3826 isti
1470 3753 1678 3827 velint
1719 3812 1735 3841 ,
1804 3768 1999 3852 prout
2048 3779 2128 3825 ex
2177 3752 2394 3850 ipsius
2443 3751 2611 3851 legis
2683 3751 2911 3825 oblato

688 3865 1027 3941 schemate
1079 3883 1377 3955 constat,
1435 3895 1515 3943 ao
1564 3894 1697 3943 non
1751 3868 1948 3967 pauci
2002 3884 2297 3942 oratores
2333 3883 2402 3941 et
2435 3868 2724 3940 ministri
2779 3867 2910 3966 ipsi

690 3982 853 4079 regii
893 3983 962 4054 in
997 3984 1289 4058 comitiis
1329 3983 1711 4083 subalpinis
1760 3981 2183 4057 declararunt
2214 3985 2392 4079 (23).
2428 3983 2734 4082 ldipsum
2771 3983 2906 4056 iam

839 4140 940 4203 (22)
972 4143 1078 4192 Hoc
1098 4142 1258 4206 ipsum
1278 4143 1602 4194 consumtum
1632 4144 1710 4194 est
1737 4143 1790 4193 iu
1821 4142 2071 4206 aliquibus
2101 4142 2324 4194 conciliis
2356 4143 2763 4207 provincialibus,
2782 4156 2914 4206 quae

694 4219 746 4270 in
783 4220 942 4271 Gallia
963 4221 1105 4272 annis
1125 4223 1460 4287 superioribus
1479 4222 1724 4276 celebrata
1749 4225 1883 4275 suut.

835 4301 937 4364 (2³)
963 4302 1040 4352 ct.
1063 4304 1253 4355 senato
1283 4302 1373 4354 del
1399 4316 1574 4369 rayno.
1610 4304 1824 4355 romu
1853 4301 1932 4355 dei
1974 4310 2046 4356 1⁸.
2080 4303 2298 4354 Dicemb.
2325 4316 2435 4367 pag.
2458 4310 2564 4356 2⁰³.
2600 4305 2696 4356 col.
2722 4311 2767 4354 ³.
2794 4305 2916 4356 item

692 4395 799 4445 pag.
827 4387 934 4436 20⁴.
964 4385 1056 4435 etc.
