3276 5083
664 432 802 501 318
1047 450 1169 501 un.
1210 449 1258 500 1.
1301 447 1473 500 secr.
1522 448 1782 497 aaran.
1826 447 1907 496 ns
1960 445 2224 497 iuram.
2267 447 2485 499 crviu.

660 571 853 645 affert
892 566 1239 642 familiae?
1273 568 1467 666 Ipsos
1503 563 1928 639 adversarios
1968 580 2235 639 nostros
2271 563 2876 665 pseudo-politicos

664 687 922 759 iudices
975 683 1404 758 advocamus.

804 802 1004 873 Sexto
1038 799 1309 871 demum
1334 797 1440 871 vel
1475 823 1555 870 ex
1590 822 1671 869 eo
1706 796 1926 896 capite
1962 795 2382 894 antipolitica
2414 812 2616 895 atque
2651 820 2883 893 respu-

668 916 843 989 enda
895 915 1001 988 lex
1062 914 1179 987 illa
1234 913 1367 986 dici
1429 912 1628 986 debet
1659 971 1674 998 ,
1740 937 1915 1011 quae
1965 911 2166 985 citius
2217 912 2521 984 seriusve
2570 910 2821 985 aboleri
2859 968 2873 997 ,

660 1031 766 1106 vel
819 1032 1058 1106 saltem
1092 1030 1163 1102 in
1198 1028 1711 1103 desuetudinem
1759 1027 1985 1114 abire,
2041 1028 2317 1126 vimque
2366 1052 2631 1100 omnem
2685 1027 2883 1099 amit-

661 1165 799 1222 tere
831 1146 1053 1221 debet.
1098 1147 1240 1220 Hoc
1275 1144 1684 1245 principium
1721 1161 2061 1243 tamquam
2098 1142 2604 1240 irrepugnabile
2635 1141 2880 1215 lemma

661 1288 1003 1364 suppono,
1075 1262 1240 1362 quin
1307 1260 1702 1360 probatione
1760 1284 1934 1357 opus
1998 1260 2108 1333 sit.
2177 1259 2429 1332 Revera
2488 1258 2875 1355 legislator,

660 1379 776 1480 qui
847 1379 1059 1476 legem
1124 1376 1580 1475 abrogandam
1615 1433 1632 1463 ,
1703 1392 1822 1450 aut
1884 1376 2208 1451 oblivioni
2278 1376 2573 1448 dandam
2636 1378 2887 1450 consti-

658 1509 873 1567 tueret
903 1551 919 1581 ,
977 1519 1058 1567 eo
1129 1493 1279 1591 ipso
1346 1491 1759 1589 significaret
1825 1492 2167 1589 propriam
2238 1489 2824 1588 improvidentiam
2858 1550 2873 1577 ,

662 1608 903 1681 mentis
953 1609 1338 1705 angustiam
1373 1665 1389 1693 ,
1439 1631 1522 1678 ac
1572 1606 2088 1705 imprudentiam
2141 1632 2276 1679 non
2328 1605 2676 1677 minimam
2703 1663 2718 1691 ,
2769 1623 2888 1679 aut

660 1710 1120 1823 impotentiam
1157 1738 1225 1795 et
1268 1721 1762 1808 infirmitatem,
1823 1721 1981 1794 dum
2034 1720 2140 1793 lex
2191 1721 2498 1794 obruitur
2548 1722 2879 1795 contraria

665 1836 1030 1911 universim
1098 1834 1339 1933 agendi
1407 1835 1700 1923 ratione,
1775 1862 1953 1934 quae
2010 1836 2230 1933 ipsam
2292 1834 2573 1933 abrogat
2624 1835 2875 1933 legem;

659 1967 774 2027 aut
822 1952 1246 2052 iniquitatem
1307 1967 1372 2024 et
1428 1950 1873 2038 iniustitiam,
1933 1977 2108 2051 quae
2157 1951 2291 2051 ipsi
2345 1951 2475 2049 legi
2529 1948 2874 2037 inhaeret,

664 2094 974 2168 quaeque
1031 2068 1179 2141 eius
1232 2067 1731 2165 abrogationem
1781 2066 2183 2165 expostulat.

809 2183 951 2258 Hoc
991 2183 1198 2280 igitur
1232 2183 1565 2283 principio
1600 2199 1950 2282 assumpto
1974 2240 1990 2268 ,
2034 2183 2133 2255 sic
2169 2208 2405 2282 pergo:
2440 2184 2570 2255 Lex
2604 2182 2692 2255 de
2722 2207 2884 2257 con-

664 2300 867 2397 iugiis
912 2324 1093 2375 mere
1143 2297 1455 2371 civilibus
1508 2325 1661 2371 cum
1702 2313 1845 2370 orta
1880 2298 1970 2370 sit
2003 2324 2082 2370 ex
2119 2297 2456 2398 principio
2509 2313 2883 2395 protestan-

665 2414 848 2489 tismi
884 2415 970 2486 de
1006 2414 1429 2512 separatione
1482 2412 1895 2511 reipublicae
1943 2410 2030 2483 ab
2082 2438 2153 2483 re
2202 2411 2611 2496 christiana,
2651 2427 2726 2483 ut
2760 2437 2887 2485 suo

661 2531 808 2605 loco
850 2529 1313 2616 ostendimus,
1374 2547 1577 2628 atque
1610 2529 1699 2602 ab
1735 2528 1965 2602 hostili
2018 2527 2223 2602 veluti
2279 2530 2533 2628 impetu
2585 2528 2762 2602 facto
2811 2529 2885 2602 in

660 2646 1048 2730 ecclesiam,
1094 2644 1205 2718 ubi
1243 2645 1411 2717 haec
1448 2646 1658 2742 impia
1700 2644 2099 2743 phraenesis
2142 2644 2544 2728 cessaverit,
2588 2642 2691 2713 lex
2729 2644 2890 2742 ipsa

661 2775 881 2832 cesset
929 2784 1204 2831 necesse
1252 2775 1380 2831 est.
1445 2758 1722 2832 Sublata
1771 2759 1950 2831 enim
2001 2783 2210 2831 causa
2262 2756 2515 2829 tollitur
2564 2755 2881 2832 effectus.

664 2876 864 2947 Porro
917 2874 1043 2946 etsi
1097 2872 1405 2946 homines
1456 2872 1865 2972 quandoque
1915 2870 2243 2959 delirent,
2303 2872 2373 2942 in
2424 2871 2758 2946 eiusmodi
2795 2891 2895 2947 ta-

660 3014 814 3062 men
867 2986 1327 3061 deliramentis
1377 2986 1497 3060 diu
1543 2987 1913 3061 consistere
1964 3004 2339 3086 nequeunt3
2383 2986 2724 3085 siquidem
2768 2989 2888 3061 de-

663 3102 928 3176 lirantis
977 3102 1272 3176 conditio
1323 3128 1455 3176 non
1505 3117 1609 3176 est
1660 3101 1914 3176 homini
1964 3100 2460 3188 connaturalis;
2503 3101 2808 3200 adeoque
2850 3128 2891 3174 a

666 3219 901 3293 morali
962 3218 1091 3293 hoc
1159 3218 1611 3317 religiosoque
1675 3218 2116 3292 deliramento
2184 3218 2449 3292 tandem
2519 3216 2892 3316 aliquando

663 3337 848 3410 cives
892 3362 968 3410 se
1011 3337 1345 3437 recipiunt
1392 3360 1474 3409 ac
1524 3335 1953 3434 resipiscunt.
2016 3335 2179 3409 Cum
2232 3360 2392 3408 vero
2444 3334 2883 3433 resipuerint,

663 3452 923 3550 riteque
991 3451 1323 3525 senserint
1385 3451 1566 3524 cives
1610 3507 1625 3535 ,
1695 3450 1865 3523 ferre
1924 3449 2216 3548 amplius
2275 3475 2354 3522 ac
2415 3450 2698 3524 tolerare
2755 3474 2888 3523 non

660 3581 972 3666 poterunt
1010 3565 1220 3663 legem
1246 3624 1262 3652 ,
1303 3592 1480 3664 quae
1516 3565 1860 3665 propriae,
1901 3591 2104 3664 quam
2143 3565 2572 3664 profitentur,
2618 3563 2890 3661 religio-

666 3682 733 3753 ni
794 3682 1047 3755 directe
1097 3682 1493 3755 adversatur
1526 3739 1541 3769 ,
1598 3706 1751 3754 cum
1805 3707 2021 3780 eaque
2069 3697 2299 3779 aperte
2349 3698 2624 3779 pugnat.
2689 3681 2885 3779 lmpii

666 3796 868 3869 etiam
922 3796 1468 3896 pseudo-politici
1529 3796 1700 3894 legis
1751 3813 2057 3870 auctores
2126 3795 2552 3896 fautoresque
2619 3796 2887 3868 tandem

612 3997 627 4012 Χ
666 3909 1035 4009 aliquando
1085 3939 1165 3985 ex
1218 3912 1329 3985 his
1380 3912 1572 3985 terris
1615 3913 2081 4010 commigrant.
2126 3912 2305 3985 Licet
2343 3939 2500 3986 vero
2543 3911 2894 3986 successio

664 4026 996 4099 eiusmodi
1050 4027 1400 4102 hominum
1456 4055 1820 4129 numquam
1875 4028 2181 4115 deficiat,
2227 4030 2296 4099 in·
2333 4054 2609 4101 numero
2661 4045 2882 4100 tamen

664 4167 1167 4230 successorum,
1226 4146 1283 4217 si
1339 4144 1695 4218 nonnullos
1750 4143 2121 4243 peculiares
2158 4171 2236 4217 ac
2269 4143 2652 4217 eventuales
2686 4167 2891 4216 casus

662 4259 960 4358 excipias
996 4316 1010 4345 ,
1071 4286 1202 4333 non
1255 4260 1423 4333 solet
1469 4259 1647 4332 idem
1686 4258 1965 4332 nocendi
2007 4259 2304 4333 studium
2340 4261 2587 4332 durare
2620 4286 2700 4333 ac
2735 4286 2886 4358 per-

667 4378 945 4462 sistere,
1002 4391 1075 4449 ut
1125 4375 1382 4474 aliquid
1435 4376 1519 4448 de
1580 4375 1868 4473 pristina
1929 4375 2313 4450 intensitatc
2367 4403 2498 4449 non
2569 4374 2884 4449 remittat.
