3276 5083
723 473 862 524 cn».
906 472 978 522 n.
1021 472 1101 522 ns
1137 470 1452 523 amsi-no.
1496 471 1636 522 aar.
1679 472 1726 521 1.
1769 471 2025 532 onus-r.
2068 472 2276 524 oneo.
2530 452 2618 523 61

393 607 539 664 tum
564 614 777 675 esse,
835 588 970 662 nisi
1022 588 1110 660 ad
1158 587 1464 676 modum,
1524 613 1725 688 quem
1772 588 2093 677 diximus,
2141 615 2262 688 per
2300 588 2625 671 ecclesiae

392 705 751 778 ministros
791 702 1043 802 populo
1094 702 1593 801 dispensentur.
1635 704 1769 789 Ea,
1811 703 2062 803 inquit,
2111 729 2286 803 quae
2331 731 2451 803 per
2494 705 2624 785 mi-

395 821 646 894 nistros
679 818 1005 893 ecclesiae
1029 817 1279 917 populo
1305 818 1810 916 dispensantur,
1839 833 2256 892 sacramenta
2279 817 2616 899 dicuntur.

395 934 884 1007 Matrimonium
903 932 1131 1030 igitur,
1148 932 1520 1006 seeundum
1537 933 1720 1032 quod
1738 932 2047 1007 consistit
2070 932 2140 1004 in
2157 931 2623 1006 coniunctione

394 1048 598 1122 maris
624 1063 691 1120 et
727 1046 1057 1121 foeminae
1091 1046 1576 1121 intendentium
1617 1046 1871 1145 prolem
1918 1046 2005 1121 ad
2054 1045 2305 1121 cultum
2342 1046 2484 1119 Dei
2510 1070 2625 1143 ge·-

392 1187 635 1235 nerare
658 1178 728 1234 et
751 1161 1076 1248 educare,
1100 1178 1205 1236 est
1228 1160 1555 1235 ecclesiae
1580 1176 2094 1235 sacramentum.
2118 1159 2306 1234 Unde
2327 1176 2395 1237 et
2416 1181 2625 1260 quae-

393 1278 557 1350 dam
595 1276 971 1351 benedictio
1005 1276 1414 1350 nubentibus
1448 1303 1571 1376 per
1603 1276 1948 1351 ministros
1968 1277 2307 1359 ecclesiae
2344 1276 2624 1359 adhibe-

401 1408 533 1464 tnr.
569 1391 747 1465 Haec
780 1391 918 1465 ille.
946 1421 983 1462 n
1025 1392 1126 1464 Ita
1160 1392 1434 1490 quidem
1470 1391 1695 1479 Canus
1744 1391 2094 1473 connitens
2127 1391 2216 1475 ad
2247 1416 2327 1466 se
2360 1391 2623 1477 trabere

402 1507 777 1604 angelicum
825 1508 1177 1581 Doctorem
1220 1509 1398 1602 (17).

539 1623 778 1696 Verum
824 1622 1012 1695 irrito
1063 1647 1336 1721 prorsus
1384 1638 1628 1696 conatu
1677 1647 1830 1696 eum
1881 1622 1952 1695 id
2006 1621 2351 1697 intendere
2369 1679 2386 1708 ‚
2439 1622 2620 1696 mul-

393 1738 609 1838 tiplici
660 1754 845 1837 patet
893 1738 1184 1825 ratione;
1227 1765 1306 1812 ac
1347 1739 1564 1836 primo
1610 1738 1886 1839 quidem
1921 1764 2002 1812 ex
2036 1738 2206 1837 ipsis
2240 1738 2409 1817 locis
2429 1760 2618 1840 quos

391 1881 515 1953 pro
557 1879 634 1931 se
677 1854 925 1953 allegat
965 1854 1214 1929 Canus.
1247 1855 1511 1928 Etenim
1559 1869 1715 1954 post
1761 1854 1962 1937 allata
2013 1854 2237 1953 priora
2285 1855 2490 1931 verba
2538 1878 2621 1929 ex

394 1968 766 2043 Comment.
800 1969 872 2040 in
921 1968 1040 2041 lib.
1074 1970 1369 2043 Sentent.
1403 1969 1640 2045 subdit*
1667 1967 1852 2044 illico
1881 1996 1951 2043 s.
1985 1969 2273 2044 Thomas
2307 1970 2622 2068 aperiens

391 2100 684 2158 mentem
731 2110 963 2163 suam:
1002 2084 1245 2169 «Sicut,
1273 2086 1342 2157 in
1376 2085 1800 2161 matrimonio
1832 2100 1984 2159 sunt
2015 2086 2215 2158 verba
2246 2086 2620 2183 exprimen-

400 2202 499 2273 tia
547 2224 951 2287 consensum,
1007 2214 1075 2274 et
1120 2200 1360 2275 iterum
1401 2200 1903 2279 benedictiones
1933 2199 2041 2274 ab
2087 2199 2374 2277 ecclesia
2428 2199 2623 2277 insti-

397 2330 652 2388 tutae.»
677 2315 906 2414 Itaque
936 2314 1139 2395 verba
1165 2371 1181 2401 ,
1215 2312 1464 2414 quibus
1508 2338 1591 2388 ex
1632 2314 1788 2387 divo
1814 2313 2068 2386 Thoma
2118 2312 2469 2395 conficitur
2509 2338 2624 2386 sa·-

394 2444 802 2502 cramentum
836 2428 1275 2516 matrimonii,
1318 2442 1479 2502 sunt
1510 2427 1709 2501 verba
1743 2418 2177 2524 exprimentia
2209 2451 2614 2511 consensum,

389 2546 641 2646 quibus
675 2545 921 2619 deinde
946 2544 1033 2617 ab
1057 2543 1346 2617 ecclesia
1370 2543 1670 2632 adiectae
1704 2557 1862 2616 sunt
1893 2540 2391 2628 benedictiones
2412 2558 2621 2629 ,tamt

390 2689 596 2761 quam
622 2660 884 2760 aliquid
911 2659 1393 2748 sacramentale
1420 2658 1926 2757 superveniens.
1945 2660 2081 2732 Nec
2104 2656 2309 2734 alium
2337 2681 2616 2731 sensum

392 2776 685 2851 fundunt·
711 2802 888 2877 quae
911 2802 994 2850 ex
1018 2775 1370 2874 posteriori
1407 2775 1577 2862 loco,
1615 2775 1681 2845 t.
1708 2797 1948 2872 nempe
1971 2772 2168 2860 libro,
2200 2788 2432 2860 contra
2463 2797 2621 2871 gen-

392 2910 495 2967 tes
546 2892 839 2966 adducta
900 2908 1060 2964 sunt
1098 2919 1116 2978 ;
1173 2889 1508 2989 siquidem
1566 2914 1648 2961 ex
1697 2915 1757 2962 s.
1789 2889 2073 2962 Doctore
2122 2887 2621 2962 matrimonium

389 3009 491 3080 uti
551 3022 1041 3086 sacramentum
1103 3004 1413 3079 consistit
1474 3003 1542 3075 in
1610 3002 2079 3078 coniunctione
2126 3002 2332 3076 maris
2377 3018 2443 3075 et
2483 3002 2621 3075 foe-

403 3121 625 3194 minae
657 3120 1144 3194 intendentium
1175 3118 1428 3216 prolem
1454 3117 1541 3191 ad
1570 3117 1823 3192 cultum
1847 3118 1970 3191 Dei
2006 3143 2323 3214 generare
2355 3132 2423 3190 et
2454 3115 2619 3190 edu-

395 3263 570 3310 care.
608 3236 756 3322 Qua
790 3235 878 3308 de
918 3260 1126 3310 causa
1166 3234 1326 3307 huic
1366 3233 1860 3324 coniunctioni,
1909 3256 2087 3332 quae
2127 3247 2621 3318 sacramentum

394 3351 739 3425 constituit
760 3409 777 3438 ,
818 3365 1047 3450 utpote
1080 3349 1175 3421 rei
1211 3375 1476 3437 sacrae,
1517 3346 1804 3423 ecclesia
1837 3347 2188 3446 quamdam
2218 3345 2622 3432 benedictio-

401 3493 551 3539 nem
603 3467 848 3542 adiecit
898 3492 1020 3565 per
1067 3491 1228 3539 suos
1277 3465 1645 3552 ministros.
1853 3489 1854 3492 ’

547 3582 716 3655 Sane
756 3608 817 3655 s.
853 3580 1175 3655 Thomam
1217 3580 1493 3668 minime
1532 3595 1880 3678 spectasse
1926 3577 2460 3654 benedictionem
2512 3601 2623 3651 68,

392 3696 678 3771 cerdotis
714 3697 970 3797 nuptiis
1014 3694 1517 3796 superadditam
1561 3696 1696 3770 nisi
1739 3695 1837 3770 uti
1877 3692 2363 3774 sacramentale
2405 3690 2624 3792 quod-

385 3814 569 3899 dam,
590 3814 931 3913 expressis
962 3813 1192 3887 verbis
1226 3812 1430 3885 tradit
1462 3812 1532 3884 in
1572 3813 1637 3883 4.
1665 3813 1848 3887 Sent.
1873 3812 2033 3886 dist.
2065 3813 2179 3883 26.
2204 3836 2273 3908 q.
2299 3812 2331 3880 1
2353 3824 2516 3882 sart.
2544 3811 2614 3880 1.

388 3929 506 4001 ubi
540 3956 624 4003 ex
660 3930 965 4004 instituto
1000 3930 1087 4003 de
1120 3945 1541 4004 sacramento
1587 3929 1993 4004 matrimonii
2028 3928 2169 4024 agit
2215 3953 2395 4027 resp.
2428 3926 2517 4001 ad
2546 3928 2613 3998 2.

386 4044 661 4118 dicens:
723 4074 757 4115 α
787 4045 1170 4120 Benedictio
1224 4044 1592 4120 sacerdotis
1632 4069 1771 4116 non
1811 4062 1916 4118 est
1946 4044 2031 4115 de
2073 4044 2368 4117 essentia
2400 4042 2622 4116 matri-

390 4160 627 4247 monii,
656 4160 776 4234 sed
802 4175 898 4233 est
920 4159 1245 4258 quoddam
1265 4159 1908 4234 sacramentalem&
1933 4159 2170 4232 iterum
2199 4156 2364 4234 ibid.
2391 4172 2517 4230 art.
2546 4160 2612 4228 3.

389 4274 475 4346 ad
506 4277 572 4346 3.
602 4274 856 4348 «Verba
879 4300 1287 4349 consensum
1334 4273 1778 4375 exprimentia
1810 4273 2063 4349 directe
2096 4273 2348 4348 faciunt
2381 4295 2632 4346 861888

533 4425 637 4488 (17)
669 4425 795 4476 ibid.
