3276 5083
653 428 797 499 391
1074 448 1199 499 m.
1232 448 1279 496 1.
1320 445 1498 495 secr.
1540 445 1805 496 Ati-tm.
1837 444 1918 496 na
1949 444 2211 499 nrmu.
2255 444 2476 498 cwm.

654 584 826 641 stas.
862 567 931 638 2.
966 563 1370 651 Qualitatem
1416 560 1802 661 religiosam
1854 564 2229 637 accessisse
2278 566 2648 637 contractui
2700 565 2905 639 civili

654 680 1070 755 matrimonii
1115 679 1257 752 :iam
1293 679 1363 750 in
1411 704 1534 752 suo
1585 703 1739 751 esse
1787 679 2154 751 constituti.
2202 681 2269 750 3.
2304 678 2645 754 Christum
2701 680 2900 755 nullo

654 796 859 871 modo
894 793 1263 896 ‘quidpiam
1314 793 1613 868 voluisse
1661 793 2015 867 detrahere
2066 796 2381 893 potestati
2441 821 2645 895 quam
2696 796 2899 895 prin-

648 911 843 1011 cipes
886 908 1194 982 infideles
1218 966 1233 995 ,
1279 925 1395 981 aut
1430 908 1751 980 haeretici
1791 907 2169 995 habebant,
2213 925 2330 981 aut
2369 908 2595 982 adhuc
2636 909 2902 983 habent

652 1026 731 1097 in
749 1032 1173 1099 contractum
1201 1022 1462 1095 civilem
1488 1020 1903 1119 nuptiarum,
1947 1047 2145 1095 secus
2173 1048 2254 1095 ae
2278 1021 2641 1096 contendat
2661 1049 2900 1096 saeer-

646 1138 913 1212 dotium
950 1137 1417 1212 christianum.
1459 1138 1523 1207 4.
1548 1135 2001 1208 Christianam
2039 1136 2452 1233 religionem,
2487 1163 2641 1210 cum
2676 1138 2897 1211 intro-

652 1253 814 1327 duci
833 1252 1078 1350 coepit,
1098 1252 1234 1324 iam
1261 1250 1603 1324 invenisse
1627 1248 1809 1347 leges
1837 1249 2068 1323 civiles
2095 1250 2275 1323 eirca
2298 1251 2616 1347 coniugia
2635 1251 2896 1350 quihus

655 1395 745 1444 se.
783 1368 1099 1444 subiecit.
1157 1372 1225 1440 5.
1281 1366 1780 1440 Matrimonium
1824 1366 2136 1439 virtutem
2187 1372 2383 1441 suam‘
2434 1367 2682 1439 habere
2737 1369 2900 1442 sine

654 1484 813 1557 ullo·
839 1483 970 1557 rita
992 1541 1008 1569 ,
1054 1509 1178 1557 seu
1218 1482 1721 1557 consecratione
1770 1480 2122 1580 religiosa;
2177 1508 2396 1581 neque
2448 1481 2896 1556 tridentinum

660 1625 813 1673 cum
844 1625 982 1672 -suo
1025 1623 1282 1671 canone
1313 1597 1381 1670 id
1416 1623 1702 1696 negasse
1728 1655 1743 1683 ‚
1786 1623 1938 1670 cum
1972 1597 2125 1671 sine
2164 1596 2479 1694 religioso
2513 1599 2646 1671 ritu
2671 1597 2892 1671 solam

658 1712 939 1813 parochi
980 1710 1402 1785 materialem
1456 1711 1907 1810 praesentiam
1950 1712 2262 1786 sufficere
2302 1713 2618 1786 decrevit.
2656 1716 2730 1784 6.
2761 1714 2896 1784 lm-

654 1826 1083 1926 prebandum
1134 1852 1288 1898 eum
1343 1825 1619 1923 quidem
1670 1851 1823 1898 esse
1845 1883 1860 1913 ,
1901 1826 2019 1926 qui
2063 1827 2432 1925 negligeret
2476 1827 2680 1899 ritum
2732 1825 2897 1898 reli-

658 1942 925 2038 giosum
956 1998 970 2027 ,
1027 1966 1160 2014 non
1212 1957 1436 2014 tamen
1465 1941 1550 2014 ad
1577 1940 1771 2014 illum
1797 1967 1952 2015 esse
1976 1943 2389 2041 cogendum,
2437 1968 2592 2015 cum
2635 1942 2705 2013 id
2749 1967 2889 2014 non

654 2059 830 2132 serat
878 2056 1140 2132 indoles
1175 2055 1620 2154 legislationis
1656 2057 1995 2144 liberalis,
2028 2084 2109 2131 ac
2139 2057 2512 2155 religioniS,
2554 2083 2730 2156 quae
2767 2056 2890 2129 ab—

655 2173 884 2247 horret
918 2172 1005 2246 ab
1039 2172 1221 2248 omni
1258 2189 1529 2246 externa
1553 2172 1922 2246 coactione.
1960 2176 2032 2245 7.
2061 2174 2300 2269 Legem
2335 2171 2423 2244 de
2455 2171 2889 2244 matrimonio

660 2288 841 2362 civili
895 2287 1266 2384 theologice
1316 2302 1688 2386 spectatam
1739 2287 2072 2362 immerito
2112 2287 2247 2360 dici
2291 2285 2837 2359 anticatholicam
2860 2344 2880 2369 ,

658 2419 885 2503 utpote
906 2461 923 2490 ,
982 2429 1158 2502 quae
1223 2429 1356 2476 non
1416 2401 1715 2501 dogmati
1782 2401 1902 2474 sed
1966 2401 2368 2501 disciplinae
2401 2399 2819 2499 adversetur
2859 2430 2878 2486 ;

660 2521 729 2590 8.
766 2519 971 2592 immo
1004 2543 1163 2591 vero
1209 2544 1357 2590 eam
1402 2516 1799 2614 theologicis
1852 2517 2264 2614 argumentis
2307 2515 2760 2617 comprobari,
2803 2540 2889 2590 ac

657 2634 872 2706 Deum
917 2633 1047 2730 legi
1085 2634 1331 2707 favere.
1384 2633 1524 2705 Iam
1578 2633 1848 2730 singula
1898 2634 2383 2731 expendamus.

805 2749 897 2821 Ac
942 2751 996 2819 1.
1032 2749 1252 2820 Prima
1297 2749 1582 2821 assertio
1626 2747 1801 2820 salsa
1834 2766 1900 2820 et
1937 2748 2231 2821 absurda
2283 2763 2422 2834 est;
2483 2773 2640 2820 nam
2691 2774 2888 2820 num·

662 2888 864 2961 quam
907 2879 975 2936 et
1010 2864 1325 2960 nuspiam
1364 2862 1674 2936 Christus
1717 2863 2045 2937 Dominus
2089 2863 2472 2940 societatem
2503 2890 2543 2936 a
2567 2864 2885 2937 societate

659 2976 990 3062 seiunxit,
1030 2993 1147 3078 aut
1193 2979 1547 3076 separavit.
1594 2977 1946 3078 Siquidem
1997 2979 2150 3076 ipse
2199 3005 2378 3052 unus
2420 3004 2500 3052 ae
2542 2978 2729 3053 solus
2779 2994 2887 3052 est

658 3118 773 3164 rex
823 3092 1176 3167 universae
1218 3108 1434 3166 terrae
1478 3096 1657 3189 (75);
1693 3095 1843 3192 ipse
1876 3109 2005 3180 est,
2047 3093 2155 3166 cui
2195 3093 2386 3167 dedit
2416 3094 2599 3168 Deus
2650 3119 2885 3168 omnes

657 3222 891 3302 gentes
932 3208 1003 3281 in
1039 3207 1519 3284 haereditatem
1561 3235 1755 3284 suam
1783 3267 1799 3296 ,
1841 3235 1922 3282 ac
1955 3208 2456 3308 possessionem
2507 3235 2703 3283 suam
2753 3224 2889 3281 ter-

655 3322 876 3397 minos
912 3339 1128 3396 terrae
1161 3325 1339 3419 (76),
1381 3324 1581 3423 eique
1616 3324 1786 3398 -data
1835 3342 1940 3399 est
1985 3323 2204 3398 omnis
2257 3339 2556 3423 potestas
2591 3325 2662 3396 in
2693 3323 2888 3399 caelo

655 3454 724 3510 et
759 3438 833 3511 in
873 3454 1049 3512 terra
1080 3441 1258 3535 (77).
1288 3441 1442 3537 lpse
1479 3439 1709 3540 itaque
1743 3466 2132 3540 supremum
2168 3456 2371 3540 caput
2393 3456 2501 3515 est
2528 3441 2888 3541 utriusque

656 3554 995 3627 societatis
1031 3554 1386 3651 religiosae
1421 3580 1502 3628 ac
1536 3554 1873 3655 politicae.
1911 3554 2231 3642 Quamvis
2266 3581 2424 3629 vero
2459 3581 2581 3654 pro
2614 3554 2887 3630 diverso

654 3696 875 3754 rerum
911 3671 1183 3758 ordine,
1225 3670 1493 3745 diverso
1529 3671 1663 3745 fine
1688 3728 1703 3758 ‚
1744 3671 2168 3771 diversisque
2194 3672 2596 3770 praesidiis,
2632 3671 2887 3772 quibus

655 3784 963 3878 homiues
998 3799 1321 3883 reguntur
1344 3842 1360 3873 ,
1399 3785 1736 3859 dimiserit
1776 3785 2085 3884 potestati
2123 3786 2343 3873 civili,
2377 3812 2554 3885 quae
2578 3802 2889 3886 spectant

654 3900 906 3986 directe
952 3927 1034 3975 ac
1083 3901 1401 4003 primario
1452 3900 1537 3974 ad
1593 3899 1977 3976 felicitatem
2027 3901 2463 4000 temporalem
2497 3921 2514 3988 ,
2569 3901 2882 4002 potestati

652 4040 810 4098 vero
858 4016 1355 4092 ecclesiasticae
1404 4042 1526 4091 seu
1579 3999 1935 4115 religiosae
1968 4044 2145 4117 quae
2175 4033 2484 4118 spectant
2516 4017 2767 4092 directe
2798 4042 2883 4091 ac

796 4241 898 4304 (75)
927 4244 1198 4294 Ps.xLV1.
1222 4251 1268 4293 s.

802 4323 904 4385 (76)
935 4324 1017 4372 Ps.
1041 4324 1105 4373 11.
1131 4329 1179 4372 8.

796 4403 895 4465 (77)
926 4403 1100 4454 Matth.
1125 4404 1345 4453 xxvffl.
1374 4409 1447 4453 ts.
