3276 5083
656 452 792 522 330
1053 472 1173 523 un.
1206 471 1251 520 ι.
1298 469 1467 520 sacr.
1513 469 1771 519 Αιτιιυι.
1815 468 1892 518 nn
1942 463 2204 520 unam.
2241 470 2451 520 ctvm.

655 589 1072 664 referendum
1120 605 1246 662 est.
1302 590 1507 661 Nemo
1557 602 1661 660 est
1710 589 1826 686 qui
1874 589 2128 661 nesciat
2176 614 2256 660 ex
2309 604 2584 687 paterna
2634 612 2712 662 ac
2759 592 2879 664 do-

652 705 932 779 mestica
979 703 1374 776 educatione
1417 701 1813 802 plerumque
1860 701 2241 801 dependere
2293 703 2582 775 maxima
2633 703 2879 778 saltem

650 848 731 894 ex
782 837 968 921 parte
1017 820 1220 893 totius
1262 820 1437 892 vitae
1488 817 2086 892 conversationem.
2145 818 2214 890 Si
2270 818 2461 892 initia
2513 819 2692 893 bona
2726 820 2879 894 fue-

654 936 826 1022 rint,
884 936 942 1009 si
997 933 1342 1032 religionis
1405 934 1864 1032 virtutumque
1927 934 2229 1030 germina
2296 951 2442 1007 sata
2502 933 2750 1009 fuerint
2800 937 2877 1008 in

654 1051 917 1125 tenellis
951 1050 1267 1124 cordibus
1293 1110 1308 1138 ,
1356 1048 1668 1149 quamvis
1705 1048 1791 1122 ad
1835 1063 2099 1148 tempus
2141 1065 2438 1124 emortua
2489 1050 2870 1136 videantur,

653 1168 911 1242 semina
960 1184 1216 1254 tamen,
1271 1192 1446 1265 quae
1495 1165 1775 1239 hiberno
1798 1222 1813 1252 ,
1854 1180 1929 1238 ut
1964 1165 2057 1238 ita
2107 1166 2328 1239 dicam
2353 1224 2368 1252 ,
2426 1181 2722 1265 tempore
2773 1167 2879 1240 ia-

653 1281 895 1356 cebant
924 1281 1131 1355 veluti
1166 1282 1486 1367 extincta,
1522 1280 1958 1368 reviviscunt,
1997 1281 2362 1368 virescunt,
2407 1280 2867 1368 efflorescunt,

652 1413 718 1470 et
758 1397 1046 1470 afferunt
1093 1395 1380 1470 fructum
1404 1454 1419 1484 ,
1471 1411 1852 1470 recurrente
1903 1385 2147 1469 calore.
2208 1396 2331 1469 Ast
2383 1396 2500 1494 qui
2551 1394 2875 1469 salutaria

652 1511 982 1585 eiusmodi
1027 1511 1288 1585 semina
1322 1536 1691 1610 numquam
1719 1510 1787 1583 in
1814 1537 1890 1584 se
1926 1526 2354 1608 receperunt,
2406 1537 2529 1585 nec
2564 1537 2862 1608 germen,

654 1653 778 1699 nec
829 1622 1059 1700 florem
1084 1683 1100 1711 ,
1158 1651 1379 1727 neque
1427 1625 1716 1699 fructum
1743 1624 1900 1699 boni
1928 1624 2153 1725 operis
2182 1623 2548 1725 aliquando
2574 1626 2870 1725 proferre

652 1741 890 1814 solent.
926 1741 1360 1841 Experientia
1398 1740 1795 1840 quotidiana
1815 1740 2116 1841 disparis
2142 1740 2347 1814 huius
2384 1741 2605 1815 exitus
2629 1741 2874 1814 discri-

654 1881 806 1929 men
841 1856 1177 1956 patefacit.
1211 1855 1839 1930 Animadverterunt
1872 1882 2007 1930 non
2045 1856 2286 1957 pauci,
2334 1855 2516 1955 quod
2569 1856 2873 1956 plerique

653 1998 881 2045 eorum
905 2031 921 2060 ,
972 1972 1088 2073 qui
1134 1972 1262 2046 sub
1314 1970 1523 2046 seculi
1574 1970 1787 2071 elapsi
1838 1972 2090 2045 exitum
2127 1984 2287 2046 ante
2328 1970 2612 2045 rebelles
2650 1985 2871 2044 motus

652 2089 721 2158 in
748 2087 983 2162 Galliis
1012 2088 1139 2161 orti
1171 2102 1399 2174 erant,
1431 2103 1634 2187 atque
1684 2087 2105 2163 documentis
2154 2087 2547 2188 christianis
2598 2086 2871 2160 enutriti

652 2202 913 2278 fuerant
937 2262 952 2292 ,
1008 2202 1162 2290 etsi,
1206 2229 1246 2276 a
1283 2201 1548 2277 turbine
1597 2201 1898 2302 abrepti,
1947 2203 2196 2276 fuerint
2246 2201 2728 2303 praevaricati,
2769 2218 2874 2274 ta-

652 2344 804 2391 men
856 2319 943 2393 ad
997 2318 1239 2393 bonam
1292 2317 1549 2415 frugem
1596 2306 1867 2391 demum
1894 2343 1969 2392 se
1993 2331 2408 2416 receperunt.
2444 2315 2689 2390 Contra
2713 2341 2876 2389 vero

652 2458 731 2505 ex
788 2435 875 2507 iis
911 2493 926 2522 ,
981 2435 1098 2534 qui
1150 2433 1460 2534 publicae
1521 2431 1705 2505 illius
1771 2431 2120 2530 vertiginis
2171 2447 2385 2506 aetate
2433 2430 2615 2504 viam
2666 2431 2879 2504 incre·

651 2548 954 2624 dulitatis
1004 2575 1084 2624 ac
1135 2565 1484 2649 propterea
1534 2548 1912 2649 iniquitatis
1947 2573 1989 2620 a
2026 2549 2256 2648 pueris
2306 2563 2495 2621 erant
2538 2547 2866 2645 ingressi,

651 2663 762 2736 vix
805 2690 885 2738 ac
927 2689 1010 2736 ne
1048 2663 1160 2737 vix
1210 2662 1483 2762 quidem
1534 2661 1792 2762 aliquot
1841 2662 2094 2736 inventi
2141 2677 2339 2748 sunt,
2389 2663 2531 2761 qui‘
2560 2660 2875 2735 meliores

655 2803 897 2851 sensus
948 2776 1329 2863 induerint,
1388 2777 1925 2876 sanctioremque
1972 2777 2179 2851 vitam
2225 2777 2361 2850 sint
2403 2776 2717 2876 amplexi.

800 2894 940 2966 lam
989 2918 1146 2968 vero
1196 2891 1353 2966 talis
1398 2907 1501 2965 est
1538 2891 1771 2967 infelix
1805 2918 2034 2967 eorum
2073 2892 2370 2966 conditio
2393 2950 2410 2979 ,
2443 2893 2562 2991 qui
2590 2917 2878 2965 nascun-

657 3026 765 3082 tur
811 3034 893 3081 ex
943 3006 1055 3094 iis,
1112 3008 1231 3107 qui
1283 3007 1463 3083 civili
1513 3007 1828 3106 coniugio
1890 3005 2312 3107 copulantur.
2377 3008 2446 3079 Si
2509 3008 2691 3081 enim
2759 3009 2875 3082 isti

656 3121 849 3196 nihili
899 3121 1291 3220 religionem
1359 3123 1652 3210 ducunt,
1712 3122 1772 3195 si
1825 3148 2028 3221 prave
2078 3123 2507 3220 gradiuntur,
2570 3123 2628 3195 si
2699 3121 2879 3195 male

654 3237 917 3325 vivunt,
960 3233 1295 3338 quomodo
1322 3252 1637 3337 poterunt
1661 3235 1839 3311 filios
1875 3262 2038 3312 suos
2074 3236 2201 3312 rite
2234 3238 2585 3311 instituere
2610 3294 2626 3324 ,
2667 3236 2879 3310 docu-

654 3369 878 3427 menta
912 3352 1184 3452 pietatis
1227 3351 1589 3438 instillare,
1629 3366 2200 3426 sacramentorum
2237 3350 2708 3425 commendare
2741 3350 2878 3422 fre—

654 3467 1029 3567 quentiam,
1061 3467 1330 3568 aliaque
1357 3466 1689 3541 eiusmodi
1727 3481 2095 3566 praestare,
2132 3465 2383 3566 quibus
2410 3491 2642 3540 cereos
2667 3465 2881 3565 quod-

658 3584 966 3658 ammodo
1017 3581 1282 3658 illorum
1335 3582 1596 3657 animos
1647 3582 1734 3656 ad
1784 3583 2096 3656 virtutem
2147 3581 2435 3655 forment
2459 3607 2539 3656 ac
2563 3579 2880 3655 flectant?

654 3700 975 3774 Insanum
1019 3699 1187 3774 foret
1224 3698 1393 3773 haec
1434 3725 1475 3772 a
1518 3698 1768 3773 talibus
1818 3697 2211 3800 parentibus
2263 3713 2638 3797 expectare.
2700 3696 2878 3769 Hinc

656 3817 923 3890 nonnisi
968 3816 1308 3913 generatio
1347 3814 1703 3915 impiorum
1753 3840 2092 3913 emergere
2142 3814 2386 3913 poterit
2418 3839 2499 3887 ex
2534 3811 2874 3886 eiusmodi

652 3931 1033 4005 connubiis.
1075 3962 1110 4002 α
1144 3931 1572 4006 Proverbium
1607 3947 1743 4005 est:
1788 3932 2009 4032 inquit
2040 3931 2384 4030 Scriptura
2407 3990 2423 4019 ,
2479 3930 2875 4004 adolescens

656 4046 840 4117 iuxta
894 4047 1074 4120 viam
1125 4074 1317 4123 suam
1352 4105 1367 4136 ,
1437 4048 1638 4121 etiam
1687 4073 1840 4121 cum
1894 4047 2239 4134 senuerit,
2297 4072 2430 4120 non
2475 4043 2743 4119 recedet
2787 4041 2877 4116 ab

655 4184 736 4232 ea
793 4162 1022 4257 (2o);»
1056 4177 1195 4237 tum
1229 4194 1263 4232 α
1297 4163 1598 4238 Perversi
1651 4162 1930 4236 difficile
1978 4162 2403 4258 corriguntur
2433 4163 2663 4256 (21).»

808 4348 911 4411 (20)
944 4352 1090 4400 Prov.
1118 4353 1341 4402 xx11.6.

811 4429 911 4493 (21)
942 4430 1189 4481 Eccles.1.
1216 4437 1290 4482 15.
