3276 5083
650 450 784 518 106
959 485 995 492 ..
1028 469 1149 519 us.
1193 470 1238 519 1.
1283 469 1451 524 sacr.
1496 471 1541 519 1.
1568 470 1668 519 -ns
1718 469 1983 519 unam.
2031 469 2465 522 sicininum.

651 607 840 664 nocto
886 614 1007 687 pro
1057 590 1422 662 reverentia
1473 587 1777 662 eiusdem
1833 587 2315 662 benedictionis
2368 587 2437 659 in
2488 589 2867 688 virginitate

652 730 778 777 sua
826 721 1331 803 permaneant.»
1375 705 1471 776 Ex
1521 704 1770 802 quibus
1819 703 2042 777 verbis
2093 703 2182 792 idv
2213 730 2422 776 unum
2480 702 2815 800 colligitur
2848 761 2863 790 ,

648 819 1176 896 benedictionem
1212 819 1693 893 sacerdotalem
1733 846 1887 893 esse
1914 825 2128 892 unum
2158 846 2238 892 ex
2275 818 2515 892 ritibus
2553 820 2623 891 in
2657 819 2874 893 eccle-

653 937 757 1009 sia
805 934 1109 1009 adhiberi
1154 933 1367 1009 solitis
1403 935 1474 1006 in
1509 935 1800 1033 coniugii
1839 934 2320 1020 celebratione;
2365 961 2486 1008 nec
2522 936 2720 1009 refert
2753 963 2877 1036 per

651 1074 731 1123 ea
766 1050 1010 1136 statui,
1058 1064 1132 1122 ut
1156 1075 1281 1147 pro
1314 1051 1672 1122 reverentia
1718 1049 2170 1122 benedictionis
2222 1048 2436 1147 prima
2485 1049 2873 1149 nuptiarum

654 1181 845 1240 nocte
885 1165 1202 1262 coniuges
1237 1190 1313 1238 se
1343 1165 1760 1250 contineant,
1818 1165 1886 1236 in
1937 1164 2185 1264 quibus
2235 1163 2463 1263 plures
2513 1190 2592 1237 ex
2642 1188 2873 1238 recen-

655 1282 938 1357 tioribus
988 1283 1119 1356 vim
1171 1282 1584 1358 constituunt
1632 1281 1719 1355 ad
1769 1282 2207 1355 evincendum
2275 1308 2395 1380 per
2443 1307 2589 1355 eam
2639 1283 2875 1355 matri-

653 1396 858 1470 monii
895 1412 1383 1470 sacramentum
1420 1395 1685 1495 perfici;
1729 1411 1837 1470 ast
1870 1395 2152 1482 frustra;
2195 1395 2528 1494 siquidem
2550 1453 2566 1484 ,
2607 1412 2684 1470 ut
2709 1397 2875 1470 scite

655 1510 1007 1609 perpendit
1055 1511 1453 1597 Martenius,
1510 1509 1788 1609 perinde
1835 1526 1977 1596 est,
2020 1535 2099 1584 ac
2132 1510 2191 1583 si
2227 1510 2589 1584 diceretur:
2624 1538 2749 1609 pro
2783 1539 2878 1583 rc-

654 1628 943 1698 vcrentia
991 1627 1383 1697 sacramenti
1432 1628 1560 1720 (9).
1595 1625 1751 1698 Ideo
1800 1651 1956 1698 vero
2007 1625 2216 1699 solius
2267 1625 2749 1700 benedictionis
2803 1627 2879 1700 fit

655 1740 900 1813 mentio
951 1740 1019 1813 in
1070 1740 1352 1814 concilio
1402 1740 1938 1837 carthaginensi,
2014 1742 2174 1839 quia
2225 1766 2346 1839 per
2392 1767 2540 1814 eam
2591 1742 2878 1814 maxime

652 1854 1008 1953 patefiebat
1033 1853 1437 1929 celebratum
1472 1855 1857 1952 coniugium
1892 1856 1963 1928 in
1999 1855 2168 1929 facie
2203 1854 2556 1940 ecclesiae,
2595 1872 2878 1955 eratque

657 1968 842 2044 cordi
877 1968 1160 2042 concilio
1209 1967 1391 2041 illam
1440 1968 1756 2043 extollere
1778 2028 1793 2057 ‚
1835 1996 1920 2044 ne
1955 1969 2188 2044 fideles
2238 1996 2387 2043 eam
2438 1970 2867 2068 negligerent.

658 2083 963 2158 Ceterum
993 2110 1078 2155 ne
1098 2084 1375 2158 verbum
1411 2084 1681 2184 quidem
1717 2085 2001 2159 habetur
2025 2086 2094 2158 in
2121 2085 2323 2159 allato
2357 2084 2618 2159 concilii
2653 2100 2871 2166 textu,

656 2222 791 2301 quo
853 2201 1230 2285 insinuetur
1297 2227 1416 2300 per
1481 2201 2009 2277 benedictionem
2059 2201 2296 2275 confici
2356 2216 2870 2276 sacramentum.

656 2317 993 2391 Laudatus
1045 2317 1406 2406 Martenius
1450 2317 1741 2391 ostendit
1772 2343 2021 2391 morem
2058 2316 2429 2390 servandae
2465 2317 2534 2388 in
2569 2315 2880 2413 coniugio

657 2432 1102 2509 continentiae
1127 2459 1295 2519 una,
1328 2432 1619 2520 duabus,
1654 2433 1949 2506 tribusve
1984 2431 2289 2505 noctibus
2324 2431 2769 2505 introductum
2794 2431 2882 2505 ab

662 2547 1169 2621 immemorabili
1224 2549 1292 2619 in
1340 2548 1692 2622 ecclesiam
1745 2549 1957 2621 fuisse
2004 2575 2085 2621 ex
2135 2547 2381 2621 Tobiae
2428 2547 2766 2646 exemplo,
2807 2564 2881 2621 ut

659 2663 729 2733 in
779 2661 1025 2734 Tobiae
1073 2660 1243 2735 libro
1292 2662 1565 2758 legitur,
1623 2687 1703 2734 ac
1753 2662 2016 2736 diverse
2079 2663 2282 2736 variis
2333 2663 2403 2732 in
2452 2660 2755 2736 ecclesiis
2814 2680 2881 2736 et

658 2777 942 2850 diversis
995 2776 1402 2875 temporibus
1437 2801 1582 2849 eam
1618 2775 2046 2875 disciplinam
2087 2791 2415 2851 servatam
2451 2776 2666 2849 fuisse
2696 2779 2870 2872 (10).

657 2891 828 2963 Hinc
894 2907 959 2964 et
1015 2891 1127 2963 hic
1193 2907 1408 2966 textus
1479 2918 1612 2966 non
1672 2908 1773 2965 est
1830 2892 1916 2965 ad
1979 2918 2150 2980 rem,
2215 2918 2294 2966 ac
2354 2890 2635 2990 proinde
2685 2916 2879 2992 sepo-

659 3007 945 3081 nendus.

804 3121 1100 3196 Octavus
1142 3139 1245 3196 est
1278 3122 1535 3196 concilii
1573 3123 2013 3220 lugdunensis
2048 3123 2226 3223 apud
2254 3123 2634 3196 Gratianum
2666 3123 2885 3195 Causa

656 3239 905 3311 XXXV.
957 3255 1220 3337 quaest.
1260 3241 1325 3310 2.
1362 3255 1428 3312 et
1456 3242 1520 3311 3.
1565 3239 1788 3338 (apud
1824 3239 2078 3312 Canum
2117 3255 2370 3312 tantum
2418 3242 2526 3334 3.)
2569 3263 2718 3336 cap.
2758 3240 2875 3307 19.

658 3353 878 3428 Nulli.
902 3353 1025 3425 En
1060 3353 1327 3427 concilii
1358 3369 1648 3444 textum:
1689 3383 1723 3422 α
1745 3352 1921 3431 Nulli
1949 3380 2029 3426 ex
2056 3354 2552 3452 propinquitate
2587 3351 2693 3424 sui
2733 3377 2883 3424 san-

660 3471 888 3568 guinis
930 3496 1149 3570 usque
1184 3470 1270 3543 ad
1308 3471 1664 3568 septimum
1716 3470 1996 3567 gradum
2046 3495 2288 3543 uxores
2338 3470 2621 3542 ducant:
2665 3495 2882 3569 neque

656 3586 816 3660 sine
864 3585 1327 3659 benedictione
1377 3585 1764 3660 sacerdotis.
1811 3585 1939 3671 Qui
1991 3601 2210 3659 autem
2263 3586 2537 3685 nupturi
2572 3600 2803 3671 erunt,
2845 3611 2884 3656 a

661 3700 1011 3774 sacerdote
1058 3699 1387 3773 benedicti
1440 3699 1690 3772 nubere
1740 3700 2070 3773 audeant.
2107 3759 2119 3770 .
2157 3726 2320 3773 .nec
2367 3698 2559 3773 aliter
2603 3724 2883 3799 praesu-

657 3830 914 3886 mant.»
951 3817 1204 3914 Nempe
1238 3813 1552 3888 iubentur
1603 3814 1853 3887 nubere
1891 3816 1959 3887 in
1996 3814 2164 3887 facie
2210 3814 2530 3888 ecclesiae
2552 3871 2568 3897 ,
2612 3830 2679 3886 et
2712 3812 2881 3885 nihil

663 3929 982 4028 amplius.
1035 3931 1199 4004 Cum
1254 3931 1463 4027 igitur,
1504 3956 1634 4004 non
1687 3930 1870 4005 aliud
1925 3946 2138 4004 textus
2189 3930 2299 4003 hic
2350 3929 2720 4028 significet,
2779 3955 2886 4002 se-

658 4044 1016 4142 ponendus
1078 4063 1144 4117 et
1193 4048 1341 4144 ipse
1392 4063 1515 4119 est.

730 4290 731 4299 κ
806 4266 878 4330 (9)
906 4268 982 4316 De
1012 4269 1245 4330 antiquis
1268 4268 1395 4319 eccl.
1419 4267 1568 4318 ritib.
1584 4267 1694 4318 libri
1711 4265 1913 4318 secundi
1931 4269 2057 4330 part.
2073 4269 2136 4316 11.
2153 4270 2298 4319 c.1x.
2319 4270 2411 4318 art.
2436 4270 2520 4319 lv.
2543 4282 2594 4319 n.
2622 4276 2638 4320 ι
2663 4281 2799 4331 seqq.

688 4384 695 4395 .
807 4346 912 4410 (ιο)
941 4345 1069 4397 lbid.
1110 4347 1342 4405 Quinimo
1385 4347 1466 4398 hic
1509 4347 1613 4410 ipse
1655 4348 1824 4396 auctor
1866 4346 2210 4400 animadvertit
2260 4348 2501 4400 eiusmodi
2534 4348 2885 4400 continentiam

658 4429 814 4490 prima
846 4427 1128 4491 nuptiarum
1152 4431 1293 4477 nocte
1313 4426 1375 4477 ab
1396 4426 1603 4477 ethnicis
1625 4426 1744 4489 ipsis
1772 4426 2016 4478 interdum
2039 4430 2279 4478 servatam
2304 4428 2469 4479 fuisse.
