3276 5083
652 330 787 403 350
1039 355 1161 405 m.
1206 356 1249 404 1.
1293 354 1464 405 secr.
1509 354 1771 405 Atrum.
1798 355 1878 403 nn
1918 353 2179 406 ursin.
2213 353 2427 405 elvm.

794 474 876 546 Hi
908 473 1122 548 nihilo
1146 492 1369 548 tamen
1406 475 1632 547 minus
1662 476 1708 545 ii
1736 490 1919 561 sunt,
1952 475 2068 573 qui
2113 490 2568 573 protestantur
2592 500 2671 548 se
2696 475 2910 548 nolle

652 588 995 686 religionis
1037 589 1321 685 negotiis
1359 590 1762 674 immisceri,
1804 588 2059 687 quique
2084 590 2283 662 unice
2316 591 2689 662 consectari
2729 615 2912 688 pro-

652 706 921 778 fitentur
971 707 1235 803 negotia
1286 705 1512 778 civilia
1536 763 1550 791 ,
1583 706 1737 804 qui,
1771 731 1854 777 ne
1878 702 2014 777 vim
2052 704 2504 778 conscientiae
2549 704 2890 789 inferant,

649 820 862 917 legem
911 821 999 892 de
1045 821 1379 917 coniugiis
1417 842 1597 892 mere
1642 819 1955 893 civilibus
2001 819 2317 893 ineundis
2368 819 2687 893 condunt.
2736 821 2900 893 lam

648 961 804 1008 vero
847 960 1141 1033 quonam
1187 934 1384 1006 modo
1426 934 1730 1020 diversa,
1773 934 1977 1007 immo
2002 949 2068 1006 et
2091 934 2426 1007 contraria
2462 934 2658 1033 plane
2692 934 2900 1007 eius—

650 1049 830 1124 modi
876 1048 1121 1146 agendi
1166 1050 1332 1122 ratio
1383 1049 1513 1121 sibi
1564 1047 1928 1122 cohaeret?
1962 1051 2195 1122 Nonne
2230 1049 2299 1122 id
2334 1067 2439 1123 est
2470 1049 2676 1123 verba
2708 1051 2894 1123 dane

652 1183 853 1265 atque
902 1162 1239 1238 illudere?
1269 1166 1441 1237 Dum
1484 1182 1836 1265 propterea
1887 1165 2219 1238 eiusmodi
2271 1165 2585 1239 homines
2618 1191 2700 1237 ex
2734 1192 2886 1237 uua

650 1298 840 1381 parte
892 1282 1345 1356 conscientiae
1412 1280 1786 1355 libertatem
1835 1281 1932 1353 uti
1983 1281 2389 1381 principium
2457 1281 2888 1355 constituunt

653 1398 737 1471 ad
773 1397 1344 1472 cohonestandam
1372 1397 1613 1495 legem,
1647 1424 1851 1497 quam
1881 1414 2287 1497 proponunt,
2328 1398 2416 1469 de
2450 1397 2884 1471 matrimonio

653 1513 869 1599 civili,
901 1504 981 1585 ex
1006 1513 1216 1585 altera
1249 1513 1703 1585 conscientiae
1736 1511 2108 1586 libertatem
2145 1511 2642 1611 parvipendunt
2673 1526 2878 1609 atque

655 1628 1086 1729 proculcant,
1156 1626 1545 1726 nullamque
1606 1652 1886 1725 prorsus
1948 1626 2134 1700 illius
2196 1626 2520 1700 rationem
2543 1625 2865 1710 “habent,

654 1741 850 1815 facile
882 1759 988 1816 est
1020 1741 1419 1815 concludere
1456 1768 1574 1816 cos
1611 1740 1942 1816 libertatis
1978 1744 2246 1816 nomine
2281 1741 2512 1816 fallere
2536 1743 2866 1825 incautos,

652 1882 907 1956 cosque
941 1856 1285 1956 decipere,
1325 1882 1407 1929 ac
1441 1855 1901 1930 fraudulenter
1923 1858 2205 1931 irretire.

802 1972 1075 2060 Quarto.
1131 1973 1369 2046 Verum
1396 2032 1411 2060 ,
1467 1973 1648 2072 quod
1701 1989 1903 2072 caput
1944 1989 2090 2061 est,
2148 1974 2400 2073 inquiri
2468 1975 2705 2057 merito
2750 1998 2876 2071 po-

656 2105 826 2177 test,
884 2115 1043 2162 num
1094 2089 1214 2189 qui
1264 2089 1435 2163 adeo
1487 2105 1990 2189 perstreperunt
2030 2090 2098 2160 in
2152 2089 2443 2163 comitiis
2494 2088 2874 2187 subalpinis

654 2231 735 2280 ao
779 2206 848 2278 in
902 2221 1139 2281 senatu
1198 2205 1422 2302 regio,
1483 2204 1788 2303 phrasim
1855 2204 2335 2301 ingeminando
2387 2205 2706 2276 libertates
2766 2229 2875 2275 co-

654 2324 999 2408 scientiae,
1058 2322 1387 2395 sinceram
1440 2346 1964 2420 germanamque
2012 2319 2201 2394 illius
2248 2321 2561 2394 virtutem
2603 2345 2874 2418 ‘cogno-

654 2440 905 2525 verint,
949 2454 1510 2539 perspectumque
1563 2437 1924 2511 habuerint
1975 2436 2079 2524 id,
2139 2438 2248 2510 cui
2297 2437 2651 2536 potissime
2698 2437 2874 2508 inni-

657 2556 967 2631 tebantur
1014 2557 1100 2629 ad
1166 2555 1381 2653 legem
1427 2553 1969 2654 persuadendam
2030 2554 2118 2628 de
2178 2555 2601 2627 matrimonio
2641 2553 2878 2627 civili?

656 2670 1068 2768 Responderi
1097 2687 1237 2744 tuto
1273 2685 1529 2768 potest,
1562 2674 1860 2768 negative
1885 2727 1900 2755 ‚
1935 2670 2240 2769 adeoque
2263 2685 2518 2743 tantum
2548 2670 2874 2768 fragorem

656 2784 1145 2883 strepitumque
1171 2783 1241 2855 in
1268 2809 1502 2856 auram
1529 2783 1809 2857 abiisse.
1832 2785 1998 2856 Nam
2035 2784 2094 2857 si
2121 2810 2277 2859 vere
2314 2786 2684 2872 novissent,
2708 2785 2872 2884 quid

656 2898 985 2972 libertatis
1036 2898 1491 2972 conscientiae
1538 2898 1812 2971 nomine
1859 2899 2127 2986 veniat,
2186 2925 2553 2998 numquam
2604 2925 2753 2972 eam
2805 2901 2874 2971 in

655 3015 949 3090 medium
993 3014 1379 3089 attulissent
1428 3014 1515 3087 ad
1569 3013 1784 3112 legem
1838 3014 2386 3113 promovendam,
2428 3013 2514 3087 de
2548 3041 2682 3114 qua
2733 3015 2874 3113 agi-

656 3158 851 3220 mus;
909 3131 1248 3231 siquidem
1284 3131 1413 3204 hoc
1447 3131 1673 3229 ipsum
1719 3130 2123 3231 principium
2160 3130 2488 3204 libertatis
2524 3132 2875 3206 conscien-

657 3249 792 3322 tiae
841 3248 965 3321 rite
1014 3247 1427 3321 intellectum
1472 3246 1686 3344 legem
1739 3246 1959 3344 ipsam
2010 3246 2385 3320 evertisset.

803 3363 981 3450 Quid
1048 3364 1256 3460 igitur
1312 3363 1734 3461 significatur
1781 3388 1904 3461 per
1956 3362 2318 3433 libertatem
2381 3365 2801 3436 conscientiae
2839 3366 2877 3434 P

654 3474 802 3552 Non
838 3476 1024 3552 aliud
1061 3479 1357 3577 profecto
1408 3505 1611 3578 quam
1665 3477 1771 3550 ius
1825 3504 1944 3550 seu
1996 3477 2303 3564 facultaS,
2345 3504 2549 3578 quam
2583 3477 2871 3578 quisque

654 3594 825 3668 civis
885 3609 951 3666 et
998 3592 1283 3693 quilibet
1331 3593 1531 3667 homo
1592 3592 1796 3666 habet
1843 3592 2042 3692 plene
2103 3593 2564 3666 satisfaciendi
2624 3595 2873 3693 obliqu-

657 3710 981 3795 tionibuS,
1025 3735 1196 3809 quas
1238 3710 1300 3781 ei
1347 3708 1632 3809 imponit
1670 3707 1943 3808 propria
1994 3709 2439 3796 conscientia,
2484 3709 2648 3810 quin
2689 3707 2869 3806 leges

656 3823 891 3898 civiles
942 3824 1495 3924 impedimentum
1531 3823 1669 3897 illis
1708 3821 2161 3921 adimplendis
2194 3823 2726 3922 obligationibus
2758 3827 2874 3896 im·

800 4084 907 4134 Art.
934 4087 984 4135 ⁴.
1014 4103 1040 4129 a
1060 4086 1219 4135 'route
1238 4085 1610 4135 contravention
1631 4098 1728 4134 aux
1752 4084 1907 4147 regles
1928 4083 2135 4135 etnbltes
2155 4095 2242 4134 sur
2259 4081 2312 4135 la
2333 4083 2568 4135 necessit&
2596 4085 2661 4136 de
2681 4085 2871 4135 Passen-

656 4163 835 4215 timent
854 4163 922 4214 du
948 4167 1328 4227 gouveruemeut
1346 4178 1470 4229 pour
1489 4165 1538 4215 la
1563 4165 1894 4228 publication,
1935 4178 2001 4215 ou
2033 4164 2292 4216 execution
2323 4164 2412 4216 des
2454 4164 2645 4216 decreta
2685 4164 2872 4215 relatits

657 4255 756 4296 aux
777 4243 956 4308 miltes,
984 4244 1257 4309 seranum
1279 4245 1417 4296 selon
1438 4246 1510 4306 les
1526 4257 1638 4307 cas,
1661 4244 1780 4295 d’un
1798 4243 2268 4308 emprhonnement,
2292 4244 2379 4307 qui
2402 4256 2584 4307 pourrn
2600 4246 2706 4294 ets-e
2732 4246 2872 4307 porte

657 4326 687 4375 t
708 4324 783 4376 six
806 4325 958 4391 mois,
983 4326 1033 4376 et
1055 4322 1203 4376 d’uue
1228 4324 1432 4375 amende
1459 4324 1728 4375 extensible
1751 4324 1780 4372 a
1806 4330 1912 4374 500.
1940 4323 2121 4373 francs.
