3276 5083
596 455 736 505 mi».
765 455 857 506 tv.
883 456 965 506 nt
990 455 1226 507 naun.
1253 456 1556 506 nouae
1582 458 1664 507 ne
1689 458 1879 509 ura.
1906 457 2033 508 civ.
2067 458 2207 508 m.
2242 458 2336 507 ιιι.
2475 436 2609 507 1⁰1

400 599 559 647 num
612 572 969 647 momentis
1002 630 1018 660 ,
1075 599 1251 674 quae
1301 574 1371 646 in
1419 572 1627 647 altera
1686 574 1889 648 huius
1948 573 2102 646 libri
2152 574 2447 648 sectione
2493 576 2617 648 ad·-

397 686 714 760 dux'imus
746 686 835 760 ad
867 686 1359 761 ostendendum
1397 688 1605 762 huius
1648 689 2047 763 sacramenti
2084 688 2431 763 ministros
2463 708 2617 763 esse

402 800 589 899 ipsos
640 801 1138 876 contrahentes.

543 915 673 991 Sed
723 917 784 991 si
836 916 1205 992 adversarii
1269 918 1637 1019 propositio
1697 917 1826 992 sub
1874 917 2004 992 hoc
2051 934 2359 1017 respectu
2424 944 2617 992 suam

399 1031 603 1105 habet
647 1034 991 1107 veritatem
1013 1090 1030 1121 ‚
1071 1033 1201 1107 suh
1251 1032 1384 1108 alio
1434 1059 1628 1108 suam
1679 1033 1970 1132 praefert
2019 1031 2377 1108 falsitatem
2398 1091 2414 1120 ‚
2455 1033 2616 1107 dum

398 1174 638 1249 nempe
684 1148 923 1223 exinde
970 1148 1224 1247 colligit
1271 1151 1640 1224 universim
1686 1149 1910 1224 valere
1953 1150 2451 1224 matrimonium
2487 1151 2617 1225 sub

398 1262 661 1335 ratione
702 1279 1091 1337 contractus
1124 1262 1344 1338 civilis
1379 1265 1644 1337 initum.
1677 1264 1941 1339 Etenim
1977 1262 2335 1337 concilium
2369 1264 2620 1343 triden-

400 1376 613 1448 tinum
662 1376 751 1450 ad
801 1377 983 1476 quod
1033 1403 1158 1452 nos
1213 1395 1529 1478 provocat
1563 1393 1818 1464 orator,
1862 1378 1932 1449 in
1966 1402 2049 1450 eo
2081 1403 2281 1476 quem
2318 1378 2467 1476 ipse
2500 1405 2620 1479 per

396 1516 692 1565 errorem
726 1518 1035 1566 canonem
1065 1510 1295 1582 vocat,
1336 1519 1462 1569 nos
1495 1519 1654 1568 vero
1688 1491 1978 1566 dicimus
2022 1492 2345 1565 decretum
2377 1510 2443 1565 et
2474 1495 2618 1592 qui-

394 1605 549 1679 dem
596 1609 1115 1706 reformationis,
1169 1608 1504 1682 decernit:
1553 1637 1587 1675 α
1622 1607 1743 1705 qui
1780 1633 1908 1683 non
1947 1606 2140 1681 aliter
2174 1633 2379 1705 quam
2423 1633 2618 1705 prae÷

398 1736 590 1795 sente
614 1721 930 1822 parocho.
949 1780 964 1792 .
983 1739 1074 1797 .et
1097 1722 1364 1797 duobus
1398 1738 1516 1797 aut
1549 1721 1765 1796 tribus
1803 1721 2085 1796 testibus
2122 1722 2616 1795 matrimonium

392 1834 788 1910 contrahere
811 1834 1264 1923 attentabunt,
1295 1862 1413 1911 eos
1440 1862 1499 1909 s.
1519 1835 1822 1934 synodus
1846 1834 1934 1907 ad
1960 1836 2062 1908 sic
2086 1834 2615 1911 contrahendum

393 1948 672 2024 omnino
722 1948 1059 2023 inhabiles
1108 1948 1369 2036 reddit,
1405 1966 1476 2022 et
1514 1948 1902 2022 huiusmodi
1955 1965 2337 2024 contractus
2387 1950 2616 2025 irritos

392 2078 463 2134 et
494 2059 717 2136 nullos
750 2087 905 2135 esse
940 2062 1239 2135 decernit
1260 2119 1276 2148 ,
1320 2077 1516 2161 prout
1548 2087 1667 2134 eos
1705 2062 2040 2158 praesenti
2089 2062 2336 2134 decreto
2361 2120 2366 2123 ,
2391 2063 2614 2137 irritos

401 2174 562 2247 facit
584 2189 652 2246 et
676 2172 1050 2247 annullat.»
1078 2175 1278 2249 Porro
1305 2200 1480 2274 quae
1504 2199 1729 2248 coram
1756 2174 2148 2270 magistratu
2175 2175 2358 2248 civili
2388 2175 2614 2255 ineun-

396 2306 509 2363 tur
558 2289 832 2389 nuptiae
851 2346 867 2376 ,
925 2316 1057 2364 non
1126 2289 1442 2363 ineuntur
1496 2304 1835 2388 praesente
1893 2290 2219 2387 parocho,-
2273 2316 2450 2387 ergo.
2482 2317 2615 2364 non

396 2420 559 2479 sunt
598 2404 907 2503 nuptiae,
956 2430 1093 2478 nec
1143 2419 1302 2479 sunt
1348 2421 1730 2478 contractus
1780 2404 1867 2479 ob
1916 2404 2249 2480 defectum
2300 2404 2617 2478 habilita-

395 2520 483 2595 tis
534 2520 623 2595 ad
671 2519 1242 2606 contrahendum;
1308 2520 1429 2595 sed
1485 2537 1645 2596 sunt
1686 2520 1932 2595 stultus
1985 2539 2050 2596 et
2097 2521 2347 2620 impius
2398 2548 2612 2596 ausus

396 2652 626 2710 contra
658 2636 987 2711 ecclesiae
1006 2637 1374 2711 catholicae
1401 2653 1681 2722 statuta;
1708 2638 1914 2735 etqui
1945 2637 2120 2710 fictis
2144 2635 2335 2710 hisce
2360 2638 2615 2736 nuptiis

390 2751 545 2830 -l'reti
588 2749 1036 2838 cohabitant,
1095 2778 1171 2825 se
1220 2753 1633 2827 constituunt
1683 2753 1753 2824 in
1803 2768 1981 2826 statu
2033 2753 2246 2852 turpis
2296 2751 2618 2832 concubiss

400 2880 625 2939 natus.
666 2866 968 2941 Ecclesia
1018 2893 1285 2969 semper
1339 2867 1611 2966 quidem
1656 2866 2004 2943 abhorruit
2047 2895 2089 2941 a
2130 2869 2384 2967 nuptiis
2432 2867 2618 2941 clan-

399 2977 727 3066 destinis,
783 2997 985 3079 atque
1031 2996 1105 3053 ut
1152 2980 1422 3056 illicitas
1473 2979 1747 3068 habuit,
1797 2997 1867 3055 at
1914 3007 2317 3080 numquam,
2377 2980 2614 3060 saltem

394 3091 549 3190 lege
582 3092 907 3190 generali,
941 3095 1162 3169 irritas
1199 3096 1355 3170 fecit
1386 3122 1602 3195 usque
1636 3096 1725 3170 ad
1759 3097 2117 3171 concilium
2153 3096 2608 3170 tridentinum.

400 3210 486 3284 At
533 3210 732 3284 modo
764 3268 780 3297 ‚
836 3209 998 3284 velit
1046 3210 1211 3287 nolit
1260 3229 1555 3310 potestas
1604 3212 1864 3299 civilis,
1927 3230 2086 3287 sunt
2147 3213 2392 3286 irritae.
2461 3211 2616 3285 Sola

398 3324 685 3401 ecclesia
738 3349 1048 3402 revocare
1092 3327 1307 3424 legem
1359 3344 1577 3426 potest
1624 3354 1828 3427 quam
1880 3327 2052 3401 tulit.

550 3442 902 3530 Quinimo,
943 3444 1040 3516 uti
1077 3443 1548 3517 animadvertit
1580 3444 1889 3541 egregius
1923 3458 2153 3517 auctor
2177 3501 2193 3530 ‚
2236 3444 2297 3515 si
2330 3443 2615 3526 ecclesia

404 3557 747 3632 decretum
787 3586 830 3633 a
873 3586 949 3633 se
988 3559 1240 3634 editum
1290 3559 1377 3632 de
1418 3558 1788 3632 irritatione
1840 3559 2297 3656 coniugiorum
2348 3558 2616 3636 claude:-

405 3671 734 3745 stinorum
788 3672 1122 3759 aboleret,
1169 3672 1275 3745 lex
1317 3672 1402 3744 de
1451 3672 1876 3746 matrimonio
1912 3672 2136 3758 civili,
2186 3670 2422 3744 saltem
2466 3698 2616 3744 sae-

405 3788 686 3887 pissime
711 3847 727 3875 ,
783 3787 1043 3861 inutilis
1088 3788 1514 3874 redderetur,
1567 3812 1691 3859 nee
1736 3788 1962 3860 vexari
2012 3801 2289 3887 possent
2339 3787 2612 3886 parochi

400 3901 490 3977 ob
531 3902 840 3976 collatam
881 3901 988 3975 vel
1038 3903 1432 4000 denegatam
1481 3900 2039 3975 benedictionem.
2074 3902 2402 3974 Revocato
2435 3901 2613 3974 enim

406 4020 724 4117 coniugio
774 4018 860 4092 ad
911 4037 1161 4094 statum
1214 4020 1570 4119 pristinum
1598 4078 1613 4105 ,
1662 4034 1944 4118 possent
1985 4017 2454 4092 contrahentes
2494 4042 2618 4114 per

402 4151 730 4209 secretum
774 4159 1180 4208 consensum
1224 4135 1374 4207 sine
1414 4133 1759 4208 sacerdote
1794 4149 1859 4205 et
1892 4132 2173 4206 testibus
2210 4158 2408 4205 suum
2444 4131 2614 4204 inire

406 4251 831 4349 coniugium,
888 4250 1050 4349 quin
1105 4249 1501 4348 gubernium
1552 4250 1618 4322 id
1674 4248 1810 4322 ullo
1849 4248 2046 4322 modo
2099 4262 2400 4321 nosceret
2430 4250 2606 4341 (83).

544 4416 646 4480 (8³)
675 4418 932 4483 Avogadro
952 4418 1096 4470 conte
1127 4416 1257 4470 della
1278 4419 1429 4470 Motu
1440 4454 1457 4482 ‚
1483 4419 1693 4470 Yeortca
1716 4417 1842 4469 dell'
1857 4420 2154 4469 ismuztone
2172 4417 2261 4468 del
2283 4419 2616 4468 nummo

2457 4526 2526 4576 20
