3276 5083
665 387 798 457 272
1042 410 1162 458 m.
1206 410 1252 457 1.
1293 408 1464 457 secr.
1505 409 1761 458 Atrum.
1807 409 1884 457 nn
1934 408 2194 460 uranu.
2238 409 2448 460 civim.

663 550 817 597 nam
855 525 939 597 de
979 524 1283 621 coniugio
1332 522 1548 609 civili,
1608 522 2084 596 catholicorum
2135 525 2334 597 etiam
2387 525 2712 623 coniugiis
2743 553 2852 602 ac-

660 637 1078 711 commodare
1134 663 1207 710 se
1255 662 1454 736 posse
1520 652 1965 709 autumarunt.
2030 639 2266 710 Verum
2320 638 2388 708 in
2437 664 2517 711 eo
2564 641 2852 713 maxime

661 768 999 838 errarunt,
1040 751 1217 849 quod
1254 752 1322 821 in
1357 750 1583 823 eadem
1621 751 1951 847 categoria
1974 766 2038 823 et
2062 751 2294 824 ordine
2331 754 2679 850 posuerint
2711 781 2854 827 ma-

661 866 970 947 trimonia
1004 865 1504 965 protestantium
1541 881 1603 937 et
1637 864 2112 938 catholicorum
2142 925 2157 950 ‚
2200 893 2372 965 quae
2407 884 2629 941 tamen
2679 869 2853 943 inter

662 1007 735 1053 se
769 980 966 1077 longo
999 980 1216 1078 spatio
1249 979 1519 1051 distant.
1570 978 1829 1050 Etenim
1879 980 2188 1076 coniugia
2236 982 2738 1078 protestantium
2774 1008 2855 1056 ex

659 1121 886 1168 eorum
920 1095 1254 1179 doctrina,
1297 1120 1428 1168 non
1463 1109 1620 1166 sunt
1652 1094 1784 1165 nisi
1838 1095 1999 1166 meri
2049 1112 2423 1168 contractus
2467 1096 2697 1170 civiles
2726 1155 2742 1182 ,
2783 1113 2859 1170 ut

661 1209 952 1282 diximus
985 1266 1001 1294 ,
1067 1208 1364 1307 adeoque
1413 1207 1480 1278 in
1531 1207 1701 1305 ipsis
1752 1234 1884 1281 non
1934 1225 2037 1280 est
2084 1209 2464 1307 quaerenda
2513 1209 2857 1285 distinctio

664 1324 835 1397 inter
885 1340 1287 1398 contractum
1322 1339 1388 1396 et
1422 1338 1906 1396 sacramentum
1940 1382 1955 1411 ,
2016 1324 2193 1423 quod
2247 1326 2411 1398 foret
2459 1324 2849 1414 absurdum,

659 1463 808 1511 cum
862 1456 1346 1512 sacramentum
1380 1439 1447 1510 in
1483 1439 1628 1511 suis
1680 1439 1930 1536 nuptiis
1982 1438 2235 1510 nullum
2287 1458 2677 1536 agnoscant.
2720 1441 2850 1514 Sed

660 1553 857 1626 unice
882 1554 1130 1651 inquiri
1157 1568 1374 1652 potest
1394 1552 1463 1622 in
1489 1552 1967 1647 legitimitatem
1994 1579 2114 1626 seu
2137 1554 2427 1626 valorem
2455 1570 2853 1644 contractus,

661 1683 771 1739 aut
809 1666 1110 1739 eiusdem
1135 1666 1664 1762 illegitimitatem
1694 1692 1814 1738 seu
1840 1666 2342 1754 invaliditatem,
2375 1685 2438 1740 et
2471 1669 2742 1768 quidem
2768 1670 2855 1743 ad

663 1806 959 1853 normam
996 1780 1207 1855 solius
1242 1780 1410 1876 legis
1449 1780 1591 1853 sive
1625 1780 1948 1853 naturalis
1983 1782 2128 1853 sive
2161 1782 2403 1856 civilis.
2431 1783 2671 1857 Contra
2701 1809 2857 1857 vero

661 1922 808 1968 cum
838 1923 918 1969 ex
942 1896 1245 1970 doctrina
1281 1896 1612 1970 catholica
1637 1897 1877 1970 debeat
1900 1897 2162 1970 admitti
2201 1899 2607 1973 matrimonii
2646 1926 2861 1973 sacra-

664 2029 954 2084 mentum
972 2037 1013 2084 a
1031 2026 1368 2085 contractu
1392 2011 1863 2110 inseparabile,
1890 2014 2363 2110 protestantica
2390 2013 2861 2113 pseudopoliti-

665 2150 891 2199 corum
910 2126 1212 2199 doctrina
1238 2126 1716 2198 catholicorum
1742 2125 2071 2223 coniugiis
2099 2127 2578 2202 accommodari
2598 2128 2850 2227 nequit.

804 2240 1072 2339 Decepti
1127 2255 1465 2338 praeterea
1507 2240 2019 2341 pseudopolitici
2057 2242 2127 2312 in
2161 2268 2239 2314 eo
2276 2259 2465 2328 sunt,
2508 2242 2686 2341 quod
2724 2269 2856 2315 non

661 2357 1280 2441 animadverterint,
1333 2357 1400 2427 in
1445 2356 1652 2443 lociS,
1710 2358 1779 2428 in
1828 2358 2074 2455 quibus
2125 2357 2537 2456 publicatum
2586 2375 2690 2430 est
2736 2358 2856 2430 de-

662 2488 911 2547 cretum
958 2472 1221 2546 concilii
1267 2472 1604 2545 tridentini
1658 2498 1828 2546 sess.
1869 2474 2088 2544 XXIV.
2132 2474 2226 2545 De
2274 2475 2396 2570 res.
2439 2472 2865 2546 matrimonia

664 2587 888 2659 omnia
939 2588 1122 2658 irrita
1170 2613 1320 2659 esse
1352 2644 1367 2672 ,
1425 2613 1598 2685 quae
1649 2588 1831 2658 iuxta
1881 2587 2158 2658 formam
2186 2586 2271 2657 ab
2306 2585 2536 2657 eodem
2580 2586 2867 2659 concilio

666 2701 1137 2799 praescriptam
1166 2759 1180 2785 ‚
1238 2728 1475 2799 nempe
1525 2726 1747 2773 coram
1799 2699 2087 2798 parocho
2109 2757 2124 2784 ,
2180 2715 2246 2771 et
2292 2698 2552 2772 duobus
2588 2715 2704 2772 aut
2735 2701 2858 2772 tri-

662 2812 791 2884 bus
854 2813 1134 2886 testibus
1195 2840 1325 2886 non
1386 2813 1628 2884 fuerint
1685 2812 2034 2884 celebrata.
2093 2814 2188 2884 Ita
2244 2839 2397 2886 vero
2448 2813 2636 2886 irrita
2685 2814 2860 2886 sacta

665 2943 818 3000 sunt
866 2954 906 2999 a
954 2928 1236 3003 concilio
1277 2926 1602 3001 eiusmodi
1651 2927 2106 3012 matrimonia,
2147 2943 2219 2999 ut
2253 2927 2440 3025 prius
2485 2954 2565 3001 ac
2613 2928 2864 3001 directe

666 3040 847 3113 nulla
897 3041 1065 3115 haec
1110 3042 1417 3117 validitas
1468 3041 1818 3137 attingeret
1865 3056 2270 3113 contractum
2305 3099 2320 3128 ,
2390 3040 2730 3114 inhabiles
2774 3042 2858 3114 ad

665 3157 1186 3229 contrahendum
1239 3142 1558 3256 personas
1611 3155 1969 3228 reddendo.
2021 3156 2174 3241 Quo*
2208 3158 2281 3228 fit
2319 3173 2392 3229 ut
2432 3184 2647 3257 neque
2696 3174 2861 3229 tam-

664 3296 865 3367 quam
909 3271 1137 3344 civiles
1188 3285 1562 3344 contractus
1613 3269 1843 3341 haberi
1894 3271 2156 3367 possint
2192 3271 2663 3344 catholicorum
2707 3298 2862 3344 con-

664 3384 846 3481 iugia
879 3444 893 3471 ,
944 3412 1116 3484 quae
1165 3411 1386 3458 coram
1438 3385 1600 3458 solis
1652 3384 2150 3480 magistratibus
2202 3384 2635 3457 celebrentur.
2696 3385 2865 3457 Con-

669 3500 967 3596 tagiosus
1043 3526 1239 3599 porro
1307 3500 1809 3599 protestantium
1880 3498 2150 3572 morbus
2220 3498 2332 3569 ille
2396 3513 2545 3583 est,
2614 3498 2728 3598 qui
2797 3498 2866 3568 in

666 3639 953 3687 errorem
987 3631 1054 3687 et
1085 3614 1539 3711 deceptionem
1574 3613 2141 3712 pseudopoliticos
2193 3612 2486 3699 induxit,
2543 3613 2703 3685 dum
2754 3638 2868 3685 eos

667 3728 909 3801 imitari
966 3756 1044 3802 ac
1097 3730 1288 3828 sequi
1344 3728 1471 3800 sibi
1526 3743 2062 3828 proposuerunt;
2121 3728 2404 3827 ideoque
2470 3729 2686 3801 civilis
2737 3734 2871 3799 ma-

669 3840 956 3916 trimonii
985 3846 1169 3941 origo
1199 3844 1557 3944 repetenda
1580 3859 1683 3916 est
1710 3841 1975 3914 tandem
1995 3869 2074 3913 ex
2101 3842 2604 3939 protestantium
2636 3841 2874 3914 doctri-

673 3981 801 4042 na,
857 3984 1058 4056 quam
1110 3959 1650 4061 pseudopolitici,
1704 3957 1971 4029 nomine
2011 3972 2201 4029 tenus
2238 3956 2586 4043 catholici,
2630 3957 2697 4027 in
2733 3981 2869 4027 rem

687 4095 874 4142 suam
929 4074 1100 4146 male
1150 4090 1625 4174 pertraxerunt.

816 4186 950 4256 Nec
999 4187 1220 4260 minus
1273 4188 1620 4287 perspicue
1670 4186 2071 4258 matrimonii
2125 4186 2339 4258 civilis
2390 4212 2472 4257 ex
2511 4198 2875 4283 protestan-

677 4295 874 4370 tismo
927 4298 1249 4372 derivatio
1299 4301 1658 4385 evincitur,
1700 4314 1992 4396 spectata
2043 4299 2279 4394 agendi
2335 4299 2621 4383 ratione,
2671 4322 2872 4395 quam
