3276 5083
645 426 779 496 366
1058 448 1178 499 m.
1222 449 1270 498 ι.
1312 448 1482 499 sacr.
1526 450 1786 499 arnna.
1819 450 1898 499 nn
1933 450 2194 501 narnis.
2230 452 2443 502 c1v11.1.

640 568 938 654 destitit,
981 583 1055 641 ut
1098 593 1222 640 suo
1253 567 1401 641 loco
1435 568 1709 643 uberius
1746 568 2174 643 ostendemus
2207 573 2383 666 (35).
2420 571 2615 646 Falsa
2652 574 2867 671 igitur

639 700 742 758 est
791 683 1008 782 prima
1055 686 1384 782 assumpti
1438 711 1619 783 pars.

778 799 910 872 Sed
950 823 1081 871 non
1123 799 1348 873 minus
1387 800 1558 874 falsa
1592 816 1696 873 est
1727 800 1937 873 altera
1986 826 2144 899 pars
2196 819 2584 900 assumptae
2634 803 2855 904 hypo-

639 912 879 988 thesis.
936 912 1221 999 Quando
1280 939 1433 987 nam
1486 913 1556 984 in
1608 914 1921 1011 coniugio
1988 914 2355 988 christiano
2407 919 2706 1015 separari
2773 946 2856 994 ac

637 1027 868 1103 divelli
912 1042 1133 1127 potest
1175 1043 1552 1102 contractus
1602 1029 2006 1101 matrimonii
2058 1055 2097 1102 a
2147 1031 2612 1105 sacramento?
2659 1033 2855 1120 Quod

639 1159 746 1217 est
771 1168 840 1215 re
866 1142 1284 1215 individuum
1305 1199 1321 1229 ,
1362 1141 1629 1214 nonnisi
1665 1143 2066 1239 cogitatione
2101 1159 2440 1244 tamquam
2467 1146 2858 1220 distinctum

641 1254 1054 1358 apprehendi
1089 1273 1348 1356 potest,
1397 1273 1505 1330 ast
1537 1257 1792 1345 dividi,
1835 1258 2170 1353 separari,
2213 1258 2440 1332 divelli
2476 1260 2861 1337 nullatenus

641 1389 883 1474 potest.
919 1375 1058 1446 lam
1091 1398 1249 1446 vero
1282 1373 1414 1446 tale
1446 1399 1599 1447 esse
1633 1374 2021 1471 coniugium
2060 1374 2500 1448 christianum
2537 1376 2608 1447 in
2644 1378 2855 1475 priori

641 1489 926 1563 huiusce
985 1488 1138 1560 libri
1197 1489 1488 1562 sectione
1550 1489 2082 1562 cumulatissime
2146 1489 2566 1564 ostendimus
2600 1549 2616 1578 ‚
2689 1493 2858 1591 quin

645 1630 923 1678 necesse
964 1605 1055 1677 sit
1100 1603 1447 1703 quidpiam
1498 1603 1825 1690 adiicere,
1885 1619 2002 1677 aut
2048 1629 2152 1689 ea,
2209 1630 2388 1703 quae
2435 1605 2616 1680 dicta
2665 1624 2853 1693 sunt,

643 1721 883 1794 iterum
924 1719 1251 1815 ingerere.

786 1832 911 1907 Ast
964 1845 1331 1905 contractus
1380 1834 1596 1905 civilis
1616 1834 1653 1904 9
1701 1832 1844 1908 Hac
1893 1835 2094 1908 verba
2142 1852 2303 1908 sunt
2352 1863 2560 1911 sensu
2607 1862 2856 1928 vacua;

645 1949 764 2050 qui
838 1975 881 2023 a
955 1945 1536 2048 pseudo-politicis
1608 1947 1828 2047 plenis
1893 1949 2122 2024 buccis
2200 1966 2565 2025 contractus
2637 1954 2860 2027 civilis

649 2081 1106 2165 nuncupatur,
1172 2090 1254 2137 ex
1312 2063 1616 2138 doctrina
1681 2065 2004 2140 ecclesiae
2061 2092 2194 2139 non
2253 2083 2357 2140 est
2413 2083 2788 2142 contractus
2839 2128 2857 2153 ‚

629 2179 768 2253 sed
816 2178 1002 2253 larva
1057 2194 1433 2252 contractus
1466 2236 1482 2266 ,
1549 2178 1788 2251 umbra
1836 2205 1913 2252 ac
1962 2180 2391 2253 simulacrum
2454 2198 2857 2258 contractus.

643 2294 908 2368 Etenim
951 2292 1037 2367 ad
1088 2293 1612 2367 contrahendum
1664 2318 1939 2368 necesse
1987 2295 2258 2368 omnino
2299 2311 2507 2368 estut
2539 2324 2869 2397 personae

646 2409 910 2484 habiles
966 2410 1102 2484 sint
1150 2408 1238 2482 ad
1287 2408 1856 2495 contrahendum;
1922 2408 2222 2508 alioquin
2282 2411 2452 2484 nihil
2514 2413 2816 2487 efficiunt
2841 2473 2859 2501 ‚

648 2525 911 2600 etiamsi
962 2525 1354 2599 contrahere
1402 2525 1691 2598 maxime
1736 2524 2030 2612 vellent,
2086 2526 2652 2625 quemadmodum
2721 2529 2859 2602 sru-

652 2655 793 2714 stra
857 2639 1270 2712 adniteretur
1331 2640 1558 2713 volare
1616 2640 1734 2737 qui
1807 2639 1933 2712 alis
2001 2655 2184 2713 esset
2254 2641 2615 2715 destitutus
2658 2699 2674 2727 ‚
2747 2660 2868 2717 aut

650 2755 956 2826 incedere
1007 2754 1123 2851 qui
1174 2753 1357 2825 tibiis
1408 2768 1682 2826 careret.
1726 2755 1866 2826 lam
1902 2779 2057 2828 vero
2106 2754 2193 2827 ab
2241 2755 2526 2829 ecclesia
2578 2758 2647 2829 in
2699 2784 2862 2831 con-

650 2867 803 2942 cilio
853 2868 1211 2941 tridentino
1254 2867 1642 2941 solemniter
1678 2868 2082 2942 declaratum
2127 2887 2265 2958 est,
2313 2897 2465 2944 eum
2498 2873 2617 2970 qui
2666 2900 2866 2972 prae-

650 3001 750 3058 ter
803 2984 1083 3058 formam
1144 3009 1184 3056 a
1241 3009 1317 3056 se
1374 2983 1801 3057 constitutam
1867 2982 1953 3057 de
2009 2987 2390 3084 praesentia
2447 2989 2818 3061 sacerdotis
2840 3047 2859 3073 ,

651 3126 732 3175 ac
778 3100 1062 3175 duorum
1107 3100 1390 3173 triumve
1440 3100 1707 3173 testium
1750 3101 2144 3174 contrahere
2184 3103 2634 3176 conniteretur
2657 3161 2672 3189 ‚
2712 3104 2863 3177 eius

795 3359 898 3422 (35)
929 3358 1159 3422 Apposite
1187 3357 1425 3409 Claudius
1450 3358 1667 3408 Foncbet
1686 3357 1736 3406 in
1758 3369 1849 3407 suo
1869 3360 2105 3408 Sermone
2122 3359 2198 3407 Dc
2219 3356 2468 3420 rellqtons
2499 3357 2760 3408 nationali
2788 3371 2869 3408 co·

649 3443 811 3490 mnus
822 3439 1208 3504 parisiensibus
1224 3451 1305 3488 an.
1329 3443 1462 3489 1789.
1481 3456 1507 3481 α
1519 3438 1664 3496 Quod
1682 3436 1909 3500 ecclesia,
1925 3437 2101 3500 inquit,
2121 3437 2291 3487 statuit
2310 3438 2361 3486 in
2377 3437 2587 3487 concilio
2608 3437 2872 3488 tridentino

653 3520 948 3584 praeeminet
968 3519 1198 3568 omnibns
1209 3518 1500 3568 thronorum
1524 3517 1717 3568 iniuriis
1728 3555 1743 3580 ,
1763 3530 1822 3567 ac
1838 3518 2051 3567 maxime
2067 3516 2386 3567 conscientias
2403 3518 2635 3568 devincit.
2648 3518 2868 3568 nabetur

650 3603 1007 3652 sacramentum
1025 3599 1111 3649 ubi
1130 3599 1338 3649 ecclesia
1357 3599 1597 3649 catholica
1614 3598 1833 3649 declarat
1855 3598 2040 3648 adesse.
2063 3596 2316 3648 Habentur
2339 3597 2454 3647 boni
2474 3610 2632 3648 mores
2648 3634 2663 3659 ,
2683 3598 2767 3647 ubi
2786 3610 2871 3648 ecs

653 3682 954 3746 recognoscit
968 3693 1028 3732 ac
1041 3682 1165 3732 tales
1194 3693 1300 3731 esse
1332 3681 1552 3732 decernit
1581 3680 1798 3730 ecclesia.
1820 3682 2001 3730 omnes
2031 3679 2178 3730 simul
2209 3681 2433 3743 sumptae
2463 3681 2724 3742 potestates
2744 3683 2864 3728 tem·

653 3763 846 3827 porales
866 3776 1134 3825 numquam
1157 3761 1237 3811 vel
1261 3762 1447 3825 apicem
1475 3762 1733 3809 immutare
1751 3762 1980 3823 poterunt
2000 3758 2063 3810 de
2080 3760 2281 3810 veritate
2300 3760 2476 3809 horum
2496 3759 2863 3823 principiorum.

652 3844 880 3907 Episcopi
897 3845 1014 3894 sunt
1032 3841 1336 3906 principibus
1356 3840 1539 3891 subditi
1564 3841 1615 3889 in
1640 3839 1916 3903 temporali
1935 3838 2162 3904 quidem,
2186 3842 2242 3889 in
2268 3839 2541 3902 spirituali
2563 3850 2868 3903 numquam.

653 3926 838 3974 contra
857 3937 976 3975 vero
994 3924 1261 3987 principes,
1284 3921 1376 3972 sub
1399 3923 1493 3972 boc
1511 3923 1750 3985 respectu,
1771 3919 1957 3969 subditi
1979 3922 2094 3970 sunt
2114 3919 2365 3979 ecclesiae,
2380 3920 2544 3969 omnia
2566 3919 2869 3969 confundun-

654 4008 761 4066 tur,
781 4017 897 4054 cum
926 4003 1166 4055 eiusmodi
1208 4003 1519 4066 negliguntur
1557 4001 1909 4052 distinctiones.
1935 4000 2110 4063 Populi
2132 4013 2193 4048 ac
2214 4000 2482 4063 principes,
2521 4011 2611 4049 vos
2641 3998 2824 4063 pariter
2841 4011 2871 4047 a

654 4086 755 4134 Deo
789 4082 1087 4145 dependitis,
1125 4082 1179 4132 id
1211 4085 1312 4144 est,
1334 4094 1363 4131 a
1380 4082 1609 4142 veritate,
1631 4093 1662 4129 a
1679 4079 1890 4141 institia,
1916 4092 1947 4128 a
1969 4078 2268 4140 moralitate3
2291 4090 2389 4126 uno
2407 4077 2556 4126 verbo
2570 4090 2599 4126 a
2620 4077 2867 4139 religione,

653 4164 761 4214 sine
779 4175 880 4225 qua
896 4163 1032 4212 nulla
1052 4162 1256 4212 babetur
1268 4174 1385 4212 vera
1404 4161 1562 4211 virtus
1573 4197 1590 4223 ,
1611 4160 1802 4210 nullum
1822 4158 2104 4208 inviolabile
2127 4159 2221 4219 ius,
2238 4159 2373 4209 nulla
2390 4158 2600 4221 positiva
2615 4157 2869 4207 societas.»

650 4246 898 4294 Generosa
915 4243 1034 4293 baec
1052 4241 1245 4293 dicendi
1268 4242 1466 4292 libertas
1480 4241 1662 4303 effecit,
1689 4244 1743 4290 ut
1765 4253 1796 4288 a
1820 4239 2143 4289 tolerantibus
2166 4238 2266 4288 illis
2293 4238 2533 4289 libertatis
2562 4237 2766 4299 gallicae
2793 4249 2869 4286 as·

656 4323 921 4375 sartoribus
940 4325 1088 4386 caput
1109 4323 1153 4372 ei
1173 4322 1544 4373 obtruncaretur
1563 4321 1645 4371 die
1666 4328 1742 4371 3ο.
1756 4319 1989 4370 Novemb.
2007 4318 2228 4370 eiusdem
2250 4319 2382 4371 anni.
2395 4319 2473 4369 cs.
2491 4319 2670 4381 Philip.
2690 4316 2876 4367 carillo

651 4418 734 4469 op.
755 4403 839 4456 cit.
865 4404 960 4454 loc.
985 4403 1070 4454 cit.
1094 4416 1142 4466 p.
1174 4406 1278 4453 294.
