3276 5083
677 370 812 438 418
1045 391 1169 440 ur.
1214 390 1260 437 ι.
1304 386 1519 438 sscrio
1556 388 1820 438 Atreu.
1866 387 1944 436 m:
1981 387 2247 438 namu.
2292 386 2507 437 civiu.

822 508 1017 595 Quod
1069 533 1228 582 vero
1278 506 1511 580 subdit
1543 522 1769 580 orator
1800 505 1886 580 de
1919 505 2208 579 ecclesia
2249 529 2492 602 graeca
2532 505 2909 594 catholica,

676 652 851 727 quae
910 625 1204 726 perrexit
1251 622 1668 720 distinguere
1719 622 1789 694 in
1842 621 2188 696 sacerdote
2236 620 2581 694 hominem
2614 680 2630 708 ,
2690 622 2930 698 civem

677 768 758 817 ac
807 741 1155 828 maritum,
1199 766 1331 813 non
1369 755 1474 811 est
1507 739 1591 812 ad
1629 764 1765 811 rem
1805 795 1821 823 ,
1878 762 1958 810 ac
2007 736 2208 810 unice
2259 737 2545 811 fortasse
2598 736 2925 837 protulit,

676 875 754 932 ut
788 857 1209 959 peregrinam
1246 854 1691 928 eruditionem
1726 878 1922 926 suam
1973 851 2169 926 nobis
2223 851 2447 951 palam
2497 852 2920 927 ostenderet.

824 976 1032 1070 Leges
1057 970 1382 1045 ecclesiae
1405 968 1882 1068 disciplinares
1899 968 2097 1042 -iuxta
2119 966 2583 1042 adversarium
2611 966 2706 1040 nil
2720 968 2928 1042 aliud

681 1107 874 1176 sunt,
919 1115 1121 1189 quam
1157 1088 1376 1160 foetus
1407 1084 1743 1157 humanae
1780 1084 2061 1157 rationis
2087 1141 2103 1172 ,
2145 1110 2323 1184 quae
2356 1109 2481 1182 pro
2518 1083 2701 1170 loco,
2743 1100 2930 1158 tem-

682 1232 843 1307 pore
893 1204 1186 1304 aliisque
1240 1228 1456 1275 rerum
1509 1201 1852 1274 adiunctis
1887 1200 2360 1299 proferuntur,
2418 1226 2729 1301 quaeque
2781 1226 2932 1275 non

682 1322 984 1419 obligant
1032 1320 1463 1418 magistratus
1515 1317 1751 1392 civiles
1776 1375 1791 1403 ,
1852 1317 1984 1390 nisi
2039 1344 2191 1390 cum
2231 1317 2345 1391 isti
2383 1342 2502 1390 eas
2538 1334 2924 1417 acceptent,

684 1466 763 1513 ac
813 1437 1027 1512 donec
1075 1463 1191 1510 eas
1245 1462 1379 1509 non
1431 1450 1763 1508 revocent.
1807 1434 1932 1507 Ast
1968 1432 2305 1507 sciscitari
2345 1431 2432 1506 ab
2465 1448 2729 1507 oratore
2762 1460 2934 1534 pos-

686 1580 927 1649 sumus·
958 1582 973 1625 :
1033 1580 1193 1625 num
1243 1552 1427 1649 leges
1477 1550 1712 1641 civiles
1750 1575 1883 1623 non
1920 1549 2059 1622 sint
2097 1550 2437 1623 humanae
2473 1549 2754 1623 rationis
2794 1550 2934 1624 soe-

693 1688 800 1741 tus
839 1694 964 1767 pro
999 1668 1181 1754 loco,
1226 1683 1522 1765 tempore
1546 1723 1561 1751 ,
1605 1665 1897 1765 aliisque
1951 1691 2174 1738 rerum
2222 1665 2562 1739 adiunctis
2596 1665 2925 1765 prolatae.

688 1786 892 1879 Leges
947 1780 1228 1881 proinde
1273 1782 1445 1853 istae
1482 1806 1614 1853 non
1652 1780 2048 1878 obligabunt
2083 1781 2386 1856 civitates
2414 1808 2494 1855 ac
2519 1781 2921 1882 municipia,

689 1896 823 1969 nisi
861 1921 1011 1969 cum
1048 1921 1163 1967 eas
1202 1890 1714 1995 acceptaverint,
1749 1911 1865 1968 aut
1889 1895 2105 1969 donec
2130 1922 2246 1970 eas
2275 1923 2409 1971 non
2437 1897 2919 1971 revocaverint.

692 2014 932 2094 Nescio
981 2030 1204 2085 utrum
1259 2012 1688 2110 adversarius
1737 2012 1913 2085 hanc
1967 2012 2291 2086 theoriam
2346 2015 2439 2087 sit
2487 2013 2921 2113 probaturus.

691 2131 923 2229 ltaque
973 2155 1103 2203 non
1143 2130 1211 2200 in
1247 2155 1327 2201 eo
1363 2144 1670 2211 versatur
1719 2129 2029 2228 quaestio
2072 2155 2157 2200 an
2202 2129 2387 2226 leges
2423 2129 2568 2202 sive
2598 2129 2923 2204 ecclesia·

693 2247 900 2319 sticae
936 2246 1081 2319 sive
1116 2243 1351 2317 civiles
1398 2244 1536 2316 sint
1572 2243 1790 2316 foetus
1834 2242 2172 2316 humanae
2209 2244 2515 2330 rationis,
2549 2243 2670 2316 sed
2697 2260 2926 2317 utrum

694 2359 875 2432 adsit
904 2385 1024 2431 nec
1053 2385 1136 2432 ne
1164 2359 1526 2431 auctoritas
1554 2384 1671 2431 eas
1698 2357 2141 2447 conficiendi,
2176 2374 2243 2432 et
2269 2359 2624 2432 inferiores
2653 2376 2930 2433 tenean-

697 2497 803 2547 tur
835 2473 1184 2574 potestatis
1221 2473 1588 2574 superioris
1631 2472 1894 2571 legibus
1930 2472 2237 2574 obsequi.
2276 2474 2528 2574 Ecquis
2567 2501 2766 2575 porro
2799 2475 2933 2550 du-

698 2590 1011 2665 bitaverit
1063 2589 1545 2664 catholicorum
1598 2585 1956 2662 ecclesiam
2001 2615 2044 2661 a
2078 2589 2347 2663 Christo
2381 2607 2774 2690 potestatem
2818 2617 2933 2664 ac-

699 2707 964 2805 cepisse
1015 2707 1198 2803 leges
1260 2705 1565 2791 serendi,
1623 2731 1799 2804 quae
1848 2704 2148 2802 obligent
2208 2732 2442 2779 omnes
2496 2706 2733 2780 fideles
2786 2707 2931 2781 sive

700 2821 1161 2905 distributive,
1208 2822 1349 2895 sive
1385 2821 1730 2896 collective
1770 2840 2075 2921 sumptos
2101 2880 2115 2909 ,
2176 2824 2558 2898 cuiusmodi
2596 2842 2756 2897 sunt
2789 2851 2932 2897 ma-

700 2937 1021 3033 gistratus
1073 2937 1309 3010 civiles
1362 2935 1612 3033 (105)?
1657 2939 1830 3009 Sane
1877 2937 2178 3011 doctrina
2212 2954 2278 3012 et
2315 2940 2542 3040 praxis
2582 2940 2769 3014 orbis
2817 2966 2932 3014 ca-

708 3048 938 3124 tholici
978 3074 1197 3149 usque
1231 3051 1316 3124 ad
1355 3051 1721 3126 infaustum
1753 3054 2277 3153 protestantismi
2320 3071 2587 3154 tempus
2615 3071 2932 3130 constans

701 3167 825 3240 fuit
867 3167 1342 3269 disciplinares
1393 3167 1720 3241 ecclesiae
1762 3167 1948 3266 leges
1971 3226 1986 3254 ,
2048 3170 2446 3267 praesertim
2495 3196 2672 3270 quae
2708 3171 2792 3245 ad
2828 3197 2936 3244 sa·

703 3300 1195 3358 crementorum
1265 3284 1916 3358 administrationem
1986 3285 2321 3383 pertinent
2354 3344 2369 3373 ,
2427 3286 2805 3361 exosculari
2853 3313 2938 3361 ac

706 3416 1084 3473 reverenter
1134 3426 1209 3474 se
1262 3400 1398 3473 illis
1449 3399 1809 3475 subiicere.
1859 3400 2101 3475 Adhuc
2151 3428 2357 3502 penes
2409 3429 2645 3478 omnes
2695 3402 2936 3478 civiles

708 3516 1140 3614 magistratus
1182 3542 1338 3590 vere
1378 3516 1747 3590 catholicos
1784 3516 2076 3604 obtinet,
2120 3534 2195 3590 ut
2241 3518 2578 3593 eiusmodi
2628 3519 2937 3620 discipli-

708 3658 906 3706 nares
957 3633 1339 3707 sanctiones
1389 3661 1469 3706 ea
1521 3660 1659 3732 qua
1702 3660 1824 3732 par
1872 3650 1976 3708 est
2023 3635 2456 3708 veneratione
2505 3653 2880 3710 serventur.

850 3748 1033 3823 Licet
1066 3748 1298 3820 adsint
1343 3748 1709 3823 nonnullae
1751 3750 2227 3849 disciplinares
2270 3750 2453 3848 leges
2480 3810 2496 3838 ,
2541 3778 2720 3852 quae
2756 3753 2937 3827 circa

708 3862 970 3936 obiecta
996 3890 1115 3963 per
1141 3889 1216 3937 se
1242 3863 1616 3963 adiaphora
1656 3880 2045 3952 versantur,
2095 3892 2402 3967 quaeque
2428 3893 2550 3968 pro
2583 3868 2791 3943 variis
2837 3895 2938 3942 re-

711 4004 885 4062 rum,
920 3976 1216 4051 locorum
1251 3995 1763 4080 temporumque
1787 3979 2127 4054 adiunctis
2156 4007 2199 4055 a
2222 3980 2520 4080 legitima
2544 3984 2941 4059 auctoritate

712 4099 1067 4196 temperari
1098 4100 1383 4199 possint,
1408 4126 1778 4199 earumque
1804 4126 1844 4174 a
1872 4100 2223 4199 guberniis
2263 4100 2580 4176 civilibus
2620 4099 2942 4175 relaxatio

853 4286 983 4350 (105)
1012 4287 1088 4336 cs.
1123 4299 1252 4350 quac
1282 4286 1569 4350 scripsimus
1602 4288 1653 4338 iu
1698 4287 1952 4341 Praelece.
1981 4288 2204 4356 theoloq.
2248 4293 2407 4343 tract.
2443 4293 2521 4342 De
2554 4290 2681 4342 locis
2716 4287 2938 4352 theoton.

711 4368 836 4428 part.
864 4369 901 4416 1.
925 4378 1032 4430 cap.
1059 4369 1142 4418 tv.
1168 4369 1261 4418 art.
1286 4369 1371 4418 111.
1397 4380 1592 4431 propos.
1618 4368 1780 4420 unica.
