3276 5083
632 460 738 512 ΧΠ
1563 458 1912 511 PROOEHIUU
1926 493 1939 506 .

774 582 872 651 Ex
920 579 1030 650 his
1079 601 1400 651 errorum
1455 582 1786 652 monstris
1806 631 1823 659 ,
1878 601 2058 674 quos
2119 577 2253 650 levi
2311 575 2842 649 adumbratione

628 696 1149 791 descripsimuS,
1174 694 1374 766 facile
1398 706 1495 765 est
1530 693 1919 788 intelligere
1942 693 2137 789 quod
2164 716 2417 764 munus
2443 715 2577 787 pro
2603 692 2843 764 catho-

628 811 756 881 lica
793 809 1109 881 doctrina
1156 810 1452 889 tuenda,
1491 831 1801 905 quasque
1855 821 2087 904 partes
2137 806 2470 880 adversus
2517 806 2844 879 ecclesiae

628 925 862 997 hostes
915 923 1393 1020 adimplendas
1447 921 1649 996 nobis
1702 947 1850 996 esse
1902 924 2330 996 duxerimus.

734 1031 1105 1110 ⁴Tractatio
1158 1038 1330 1109 haec
1373 1050 1606 1110 nostra
1651 1041 1971 1112 universa
2031 1040 2104 1109 in
2162 1051 2301 1109 tres
2356 1037 2569 1109 veluti
2615 1049 2845 1133 partes

626 1154 985 1226 dividitur.
1037 1154 1241 1224 lnitio
1291 1152 1383 1223 de
1433 1153 1643 1224 huius
1693 1155 2100 1224 sacramenti
2153 1153 2442 1224 veritate
2497 1151 2844 1245 agendum

627 1272 799 1352 erit,
837 1280 1048 1365 prout
1084 1268 1259 1340 illud
1300 1292 1337 1341 a
1373 1268 1650 1341 Christo
1686 1269 1984 1339 Domino
2022 1270 2414 1340 institutum
2449 1266 2660 1338 fuisse
2694 1289 2844 1339 cre·

627 1384 883 1455 dimus.
934 1385 1108 1456 Tum
1153 1382 1244 1454 de
1293 1384 1614 1454 ministro
1675 1380 2153 1476 quaerendum
2204 1384 2327 1477 qui
2381 1405 2465 1453 ex
2507 1382 2840 1453 catholica

626 1501 963 1571 sententia
1000 1498 1088 1569 ad
1123 1497 1303 1570 illud
1337 1496 1783 1569 efficiendum
1829 1499 2243 1569 constitutus
2277 1520 2425 1568 esse
2459 1496 2843 1568 censendus

626 1613 739 1683 sit.
780 1610 1242 1684 Ostendemus
1283 1610 1539 1683 deinde
1584 1633 1798 1683 unam
1847 1610 2305 1705 eamdemque
2347 1612 2420 1682 in
2466 1610 2842 1682 christiano

627 1728 953 1820 coniugio
1000 1749 1150 1798 rem
1194 1748 1341 1798 esse
1384 1739 1896 1798 sacramentum
1956 1726 2150 1821 quod
2199 1724 2279 1797 fit
2328 1739 2399 1798 et
2451 1727 2841 1820 pactionem

627 1853 940 1914 mutuam
984 1864 1164 1937 quae
1215 1842 1286 1912 in
1336 1843 1493 1937 ipso
1535 1840 1938 1923 intercedit;
1980 1853 2186 1933 atque
2221 1862 2302 1912 ea
2337 1842 2558 1936 capita
2594 1863 2681 1911 ex
2717 1840 2844 1912 bac

625 1957 1031 2051 quaestione
1054 1956 1549 2028 concludemus
1565 2009 1583 2038 ,
1613 1955 1870 2051 quibus
1894 1958 2420 2027 matrimonium
2447 1956 2648 2028 civile
2672 1946 2841 2052 qua-

629 2066 733 2145 vis
776 2071 1062 2144 demum
1124 2071 1256 2144 sub
1320 2073 1548 2167 specie
1604 2073 2044 2167 propositum
2096 2073 2372 2167 penitus
2418 2072 2835 2143 reiiciamus.

626 2187 862 2258 Altera
913 2207 1074 2282 pars
1118 2208 1199 2256 ea
1243 2187 1479 2257 omnia
1529 2184 2065 2280 complectetur,
2113 2207 2294 2279 quae
2343 2185 2430 2256 ad
2481 2183 2844 2279 legiferam*

627 2300 756 2373 hac
802 2302 875 2371 in
928 2324 1007 2372 re
1054 2300 1380 2372 ecclesiae
1424 2312 1838 2395 potestatem
1888 2300 2284 2394 pertinent;
2323 2323 2467 2394 quo
2509 2301 2666 2371 iure
2714 2302 2841 2371 im-

626 2417 1021 2511 pedimenta
1055 2415 1401 2511 quaedam
1437 2438 1617 2513 quae
1651 2416 2173 2487 matrimonium
2223 2417 2495 2487 irritum
2541 2415 2787 2487 faciant
2819 2469 2837 2497 ,

626 2532 1030 2612 constituat,
1069 2555 1210 2626 qua
1247 2531 1654 2603 auctoritate
1679 2530 1915 2611 tollat,
1948 2525 2494 2626 disputabimus;
2537 2555 2665 2603 nec
2695 2554 2841 2604 non

626 2669 799 2741 quas
847 2647 978 2718 sibi
1021 2659 1256 2742 partes
1304 2649 1474 2718 iuris
1522 2643 1831 2717 tribuere
1867 2647 2084 2740 possit
2108 2645 2234 2717 hac
2258 2646 2331 2717 in
2362 2670 2439 2718 re
2465 2646 2688 2718 civilis
2713 2670 2844 2743 po-

627 2773 831 2834 testas
859 2814 877 2844 ,
946 2760 1214 2856 aliaque
1263 2761 1335 2832 id
1387 2783 1604 2856 genus
1659 2761 2074 2853 attingemus
2101 2813 2119 2841 ,
2169 2782 2349 2856 quae
2403 2760 2492 2832 ad
2538 2760 2675 2832 hoe
2727 2785 2840 2833 ar-

626 2871 1033 2971 gumentum
1067 2878 1367 2948 maxime
1411 2874 1833 2947 referuntur.
1876 2877 2100 2948 Tertia
2146 2875 2431 2947 tandem
2467 2897 2628 2971 pars
2661 2879 2839 2948 circa

627 2994 1120 3088 proprietates,
1161 3014 1341 3087 quae
1386 2992 1906 3063 matrimonium
1953 3004 2195 3063 natura
2235 3015 2454 3063 unum
2489 3004 2696 3086 atque
2730 2993 2840 3062 in-

626 3107 1036 3180 dissolubile
1088 3105 1403 3179 efficiunt
1453 3120 1597 3180 tota
1646 3106 2075 3180 versabitur:
2123 3130 2268 3202 quo
2315 3110 2389 3178 in
2443 3107 2602 3179 loco
2648 3120 2841 3202 post-

625 3244 837 3317 quam
887 3245 969 3293 ea
1015 3222 1251 3292 omnia
1310 3243 1632 3293 errorum
1696 3233 2005 3293 monstra
2070 3223 2616 3293 recensuerimus
2662 3242 2841 3316 quae

626 3337 824 3432 lapsu
872 3349 1271 3433 temporum
1307 3336 1439 3408 alia
1477 3360 1562 3408 ex
1593 3336 1745 3409 aliis
1784 3335 1873 3407 ad
1910 3336 2515 3408 conscelerandam
2564 3335 2840 3407 divinae

625 3450 832 3523 huius
878 3450 1330 3522 institutionis
1376 3452 1808 3523 sanctitatem
1858 3450 2311 3546 prodierunt,
2358 3451 2837 3544 quaestionem

625 3566 820 3637 illam
869 3566 1047 3639 adeo
1088 3567 1497 3661 exagitatam
1535 3567 1627 3637 de
1661 3567 2087 3638 matrimonii
2136 3565 2590 3637 dissolutione
2637 3565 2841 3638 adul-

626 3684 778 3754 terii
834 3704 1070 3755 caussa
1121 3681 1607 3777 aggrediemur
1649 3735 1667 3762 ,
1733 3705 2025 3776 eamque
2089 3680 2285 3776 quod
2336 3679 2422 3751 ad
2486 3702 2837 3753 sacrarum

625 3799 1013 3869 litterarum
1061 3799 1451 3869 testimonia
1487 3809 1789 3893 spectat,
1832 3797 1920 3868 ad
1954 3796 2477 3867 ecclesiasticam
2521 3796 2837 3869 traditio-

626 3927 784 3985 n‘em
816 3966 834 3996 ,
890 3929 960 3985 et
1011 3914 1101 3985 ad
1156 3915 1505 3986 rationum
1564 3925 1920 3986 momenta
1981 3935 2119 4006 qua
2172 3911 2472 3983 maxime
2511 3912 2663 3984 fieri
2707 3933 2837 4006 po-

626 4029 783 4099 terit
827 4027 1304 4122 disquisitione
1347 4024 1799 4099 versabimus.

768 4144 957 4214 Haec
990 4140 1203 4215 habui
1241 4166 1421 4238 quae
1465 4141 1661 4214 brevi
1696 4164 2017 4214 sermone
2053 4144 2627 4239 perstringerem,
2662 4154 2737 4212 ut
2763 4143 2835 4211 in

623 4270 996 4353 conspectu
1040 4279 1375 4353 ponerem
1400 4260 1793 4328 universam
1828 4257 2059 4351 operis
2084 4257 2555 4351 partitionem.
2580 4257 2838 4340 Quem-

623 4374 1006 4446 admodum
1058 4396 1226 4447 vero
1277 4375 1615 4471 partium,
1657 4375 1750 4444 ita
1789 4395 1915 4467 par
1956 4374 2089 4444 erit
2138 4373 2573 4466 singulorum
2615 4368 2836 4443 libro-
