3276 5083
685 415 820 484 310
1070 436 1189 485 un.
1236 435 1281 483 1.
1325 434 1493 484 stc-r.
1542 434 1799 483 Αιτειυι.
1843 433 1920 483 nt:
1973 432 2232 484 numu
2287 433 2496 484 civim.

682 552 1012 625 eiusmodi
1050 576 1129 623 ac
1166 552 1564 624 facinorosis
1602 550 1989 624 hominibus
2038 552 2354 625 coalescit
2402 568 2603 649 atque
2653 556 2905 625 consti-

683 669 913 741 tuitur.
978 669 1221 740 Poterit
1270 667 1541 766 quidem
1594 667 1952 740 multitudo
1999 693 2153 740 csse
2201 668 2419 764 magis
2456 668 2766 740 minusve
2800 695 2903 742 re-

680 786 961 883 ligiosa,
1018 784 1174 883 plus
1226 784 1534 856 minusve
1568 782 1655 854 ab
1691 782 1914 856 officio
1965 784 2374 868 desciscere,
2420 798 2707 855 attamen
2748 785 2902 856 reli-

681 900 915 997 giosus
950 924 1193 972 sensus
1220 899 1287 969 in
1314 924 1393 970 ea
1424 924 1701 996 prorsus
1736 925 1868 972 non
1904 899 2383 995 exstinguitur,
2424 898 2629 972 immo
2665 900 2907 997 iugiter

683 1016 958 1088 virescit
1011 1016 1079 1085 in
1131 1014 1377 1088 animis
1445 1013 1876 1087 observantia
1926 1028 1993 1086 et
2041 1014 2440 1112 obsequium
2499 1040 2658 1111 erga
2721 1015 2904 1088 illam

685 1130 1111 1227 religionem,
1156 1128 1224 1199 in
1256 1153 1392 1227 qua
1416 1153 1456 1200 a
1483 1127 1732 1200 teneris
1767 1126 2155 1224 unguiculis
2184 1129 2487 1200 instituta
2512 1144 2580 1200 et
2602 1127 2736 1200 alta
2770 1147 2894 1201 est.

682 1248 752 1318 Si
808 1262 1163 1346 propterea
1205 1261 1650 1344 proponatur,
1702 1263 1819 1318 aut
1861 1244 2188 1317 condatur
2237 1243 2378 1329 lox,
2437 1270 2612 1343 quae
2663 1246 2754 1317 sit
2802 1272 2903 1317 re-

683 1363 915 1459 ligioni
971 1361 1336 1448 contraria,
1397 1361 1541 1433 fieri
1594 1385 1727 1433 non
1780 1375 1999 1459 potest
2047 1359 2211 1459 quin
2261 1359 2589 1432 excitetur
2636 1360 2906 1458 publica

684 1479 1090 1575 indignatiO,
1151 1494 1352 1576 atque
1403 1478 1601 1548 etiam
1657 1476 1863 1549 animi
1916 1477 2179 1548 aversio
2225 1493 2362 1548 tum
2409 1491 2638 1549 contra
2691 1476 2903 1574 legem

683 1595 941 1692 ipsam,
985 1609 1122 1665 tum
1160 1609 1390 1666 contra
1425 1617 1582 1678 eos,
1626 1593 1744 1692 qui
1782 1592 1993 1689 legem
2048 1591 2230 1664 illam
2283 1608 2661 1691 proponunt
2709 1594 2907 1692 eique

685 1709 1229 1807 patrocinantur,
1278 1707 1489 1780 multo
1523 1733 1681 1780 vero
1723 1708 1940 1805 magis
1970 1709 2038 1779 in
2067 1733 2208 1793 eOS,
2233 1709 2353 1807 qui
2380 1734 2528 1781 eam
2566 1710 2898 1781 sanciunt.

832 1822 1027 1908 Quod
1074 1823 1131 1896 si
1180 1823 1309 1896 hoc
1353 1848 1584 1896 verum
1636 1839 1776 1909 est,
1821 1848 1900 1895 ac
1934 1824 2020 1895 de
2061 1823 2362 1923 qualibet
2411 1824 2733 1922 religione
2766 1825 2904 1898 dici

690 1955 932 2037 potest,
960 1937 1170 2012 multo
1195 1937 1413 2036 magis
1450 1939 1770 2011 affirmari
1810 1938 1878 2010 id
1904 1938 2102 2012 debet
2135 1941 2221 2012 de
2259 1938 2582 2035 religione
2619 1941 2909 2014 sanctis-

686 2056 902 2142 sima,
960 2080 1272 2153 quaeque
1307 2079 1601 2127 amorem
1656 2053 2054 2153 populorum
2110 2053 2237 2127 sibi
2287 2054 2622 2141 vindicat,
2678 2055 2907 2127 cuius-

687 2169 867 2242 modi
905 2187 1009 2241 est
1052 2167 1284 2266 religio
1335 2167 1665 2241 catholica
1697 2224 1712 2254 ,
1770 2193 1850 2239 ex
1902 2194 2037 2267 qua
2090 2183 2185 2241 tot
2230 2167 2407 2241 bona
2458 2168 2526 2238 in
2581 2167 2903 2268 populum

682 2284 1046 2358 universim
1101 2299 1302 2383 atque
1353 2284 1421 2354 in
1475 2282 1783 2356 homines
1834 2284 2138 2381 singulos
2190 2284 2614 2381 proveniunt.
2674 2284 2748 2354 In
2804 2311 2909 2356 re-

685 2400 936 2497 ligione
962 2457 977 2486 ,
1021 2400 1333 2499 inquam,
1377 2398 1708 2471 catholica
1731 2456 1746 2485 ,
1788 2425 1963 2498 quae
1996 2400 2194 2472 unice
2226 2424 2383 2471 vera
2418 2415 2561 2484 est,
2596 2424 2908 2498 quaeque

684 2514 1021 2587 evidentia
1073 2540 1193 2613 pro
1233 2540 1307 2587 se
1349 2529 1443 2588 tot
1495 2513 1699 2587 habet
1741 2511 2205 2587 credibilitatis
2258 2529 2645 2612 argumenta
2675 2572 2690 2601 ,
2730 2539 2908 2613 quae

684 2655 817 2701 non
855 2631 989 2702 iam
1018 2631 1086 2700 in
1113 2629 1431 2727 opinione
1457 2646 1715 2702 tantum
1745 2629 2115 2703 subiectiva
2152 2629 2716 2728 quemadmodum
2753 2656 2909 2729 pro—

683 2745 1183 2831 testantismus,
1221 2760 1336 2816 aut
1371 2744 1505 2817 alia
1540 2744 1884 2844 quaelibet
1919 2760 2100 2817 secta
2136 2744 2223 2816 ab
2256 2744 2552 2817 humana
2589 2746 2908 2844 superbia

691 2883 769 2931 ac
835 2857 1294 2955 perduellione
1362 2876 1595 2959 parta,
1655 2859 1775 2932 scd
1829 2876 1962 2933 tota
2013 2859 2283 2933 divinae
2333 2860 2489 2933 fidei
2543 2860 2847 2934 innititur
2880 2922 2895 2948 ,

683 2998 992 3072 quaeque
1052 2973 1311 3047 radices
1362 2974 1731 3048 altissimas
1785 2976 1851 3046 in
1904 2976 2102 3050 corde
2155 2976 2348 3062 fixit3
2406 2977 2474 3046 in
2528 2976 2898 3074 religione,

684 3090 960 3188 inquam
984 3148 999 3175 ,
1051 3089 1420 3177 catholica,
1463 3117 1638 3190 quae
1673 3090 1827 3164 licet
1865 3091 2198 3164 interdum
2235 3107 2424 3164 aestu
2459 3091 2902 3189 cupiditatum

682 3204 924 3292 iacere,
966 3221 1032 3277 et
1067 3206 1262 3304 quasi
1317 3205 1753 3303 languescere
1800 3207 2142 3293 videatur,
2185 3223 2404 3280 tamen
2456 3206 2647 3278 hisce
2686 3205 2907 3279 deser-

682 3319 1109 3392 vescentibus
1136 3379 1151 3406 ,
1212 3320 1408 3394 facile
1461 3322 1739 3394 resumit
1773 3323 2124 3421 imperium
2170 3348 2366 3395 suum
2394 3380 2410 3409 ,
2455 3321 2791 3394 reviviscit
2824 3348 2906 3394 ac

682 3435 1046 3530 germinam
1105 3461 1281 3534 quae
1333 3437 1622 3535 denique
1674 3436 1828 3510 talis
1880 3453 2027 3524 est,
2078 3453 2152 3509 ut
2200 3438 2346 3510 eius
2399 3424 2907 3535 pulchritudine

678 3568 745 3624 et
792 3550 1146 3623 sanctitate
1194 3552 1549 3649 capiantur
1596 3579 1728 3624 non
1781 3553 1978 3652 pauci
2017 3579 2096 3624 ex
2133 3553 2301 3651 ipsis
2339 3552 2896 3653 protestantibuS,

679 3665 797 3764 qui
851 3664 1017 3738 tales
1069 3691 1201 3739 non
1254 3681 1412 3738 sunt
1460 3691 1537 3738 ex
1591 3665 1924 3738 destinata
1977 3666 2271 3753 malitia,
2323 3684 2524 3768 atque
2558 3668 2644 3740 ad
2680 3693 2904 3740 aman-

681 3779 983 3852 tissimae
1036 3780 1266 3853 matris
1318 3779 1644 3877 gremium
1696 3796 2141 3868 revertuntur,
2185 3797 2260 3853 ut
2294 3783 2699 3857 suavissima
2733 3783 2904 3856 inte-

679 3894 838 3967 riori
894 3921 1059 3993 pace
1102 3894 1427 3968 fruantur.
1474 3894 1640 3966 Cum
1679 3895 1906 3994 itaque
1941 3897 2235 3995 populus
2271 3897 2642 3973 catholicus
2677 3916 2906 3972 cernat

675 4007 886 4105 legem
927 4011 1244 4108 proponi,
1277 4035 1452 4109 quae
1479 4036 1644 4082 suae
1682 4009 1987 4107 religioni
2027 4012 2450 4099 adversatur,
2482 4039 2630 4085 eam
2669 4014 2903 4085 intime

675 4122 915 4210 laedit,
975 4125 1507 4225 gravissimaque
1544 4124 1754 4199 afficit
1787 4126 2066 4215 iniuria,
2108 4155 2242 4203 non
2280 4145 2500 4227 potest
2534 4154 2667 4202 non
2700 4128 2904 4202 vehe-

676 4255 933 4311 menter
981 4241 1353 4338 permoveri
1406 4256 1472 4315 et
1518 4249 1781 4315 concuti
1821 4299 1836 4329 ,
1897 4244 2100 4318 immo
2152 4242 2521 4344 perturbari
2572 4269 2651 4316 ac
2701 4244 2900 4316 irasci

676 4352 1000 4428 adversus
1051 4354 1302 4451 legem,
1361 4373 1425 4429 et
1476 4356 1799 4431 adversus
1854 4356 2303 4455 legislatores,
2359 4360 2477 4458 qui
2532 4358 2905 4458 improvide
