3276 5083
690 397 781 477 '14
1122 426 1247 481 un.
1280 431 1327 479 ι.
1369 427 1540 481 sno-r.
1583 431 1628 477 ι.
1664 428 1744 483 oa
1778 426 2037 483 ιιτιιι.
2082 425 2506 483 sinuatum.

686 570 821 644 per·
850 543 1078 620 orbem
1129 546 1514 625 universum
1564 547 2025 633 instituerunt,
2079 571 2370 645 cumque
2407 545 2582 621 mira
2614 569 2910 623 oonsen-

687 660 879 737 sione
934 661 1428 739 matrimonium
1493 662 1665 739 inter
1722 678 2135 741 sacramenta
2184 687 2228 733 a
2288 659 2556 735 Christo
2617 660 2910 741 Domino

687 775 988 853 instituta
1016 834 1046 863 ,,
1107 774 1425 876 illiusque
1470 777 2204 854 administrandi-ritus
2260 775 2347 849 ab
2391 775 2903 853 immemorabili

685 889 1064 990 descriptus
1121 890 1496 965 inveniatur
1553 906 1694 965 tum
1754 892 1826 965 in
1873 890 2416 971 sacramentariis
2476 889 2909 970 ecclesiarum

683 1004 1191 1085 occidentalium
1211 1063 1226 1091 ,
1287 1020 1425 1079 tum
1477 1005 1544 1077 in
1598 1006 2062 1104 Euchologiis³
2081 1005 2408 1081 ecclesiae
2449 1030 2729 1101 graecae
2759 1062 2777 1092 ‚
2843 1024 2913 1083 et

658 1118 1115 1195 -eoolesiarum
1176 1117 1477 1191 omnium
1532 1119 2002 1205 orientalium,
2071 1145 2349 1217 pronum
2402 1135 2507 1195 est
2555 1118 2906 1216 colligere,

686 1248 889 1331 prout
903 1231 991 1309 ab
1019 1232 1214 1306 initio
1244 1235 1746 1321 constituimus,
1785 1247 2092 1313 constare
2126 1234 2628 1311 evidentissime
2660 1236 2909 1334 quovis

685 1365 981 1447 tempore
1012 1347 1363 1427 ecclesiam
1393 1348 1772 1425 universam
1793 1350 2173 1427 'doctrinam
2206 1350 2383 1429 hanc
2401 1408 2418 1434 ‚
2461 1350 2664 1429 immo
2705 1349 2908 1427 fidem

685 1461 1058 1560 professam
1093 1480 1247 1539 esse
1286 1463 1554 1561 publice
1592 1489 1675 1545 ac
1730 1464 2148 1551 solemniter,
2207 1464 2702 1543 matrimonium
2753 1484 2910 1541 vere

684 1592 752 1648 et
799 1577 1068 1676 proprie
1116 1601 1270 1651 esse
1321 1593 1811 1655 sacramentum
1834 1635 1849 1662 ‚
1891 1604 2012 1651 seu
2046 1578 2320 1675 signum
2348 1577 2582 1655 efficax
2616 1576 2899 1675 gratiae.

799 1690 1025 1777 ‚Quod
1078 1691 1138 1765 si
1190 1690 1346 1767 talis
1396 1691 1523 1767 fuit
1580 1692 1759 1789 iugis
1805 1718 1888 1767 ac
1938 1709 2258 1791 perpetua
2313 1692 2636 1771 ccclesiae
2687 1691 2857 1769 fides
2883 1749 2900 1777 ‚

688 1832 841 1887 cum
890 1805 1215 1885 ecclesiae
1247 1823 1490 1904 patres
1541 1807 1725 1883 iuxta
1776 1807 1975 1883 fidem
2018 1834 2197 1907 quae
2234 1809 2308 1883 in
2346 1808 2580 1885 eadem
2622 1807 2911 1885 ecclesia

687 1920 955 2018 vigebat
1003 1922 1435 2020 scripserint,
1493 1939 1610 1999 aut
1657 1923 1907 2000 fuerint
1953 1922 2153 1999 locuti
2183 1979 2198 2007 ‚
2256 1924 2385 2001 hoc
2435 1924 2589 2021 ipso
2640 1923 2906 2001 illorum

686 2036 1067 2115 testimonia
1099 2062 1276 2136 quae
1308 2037 1625 2136 ambigua
1659 2038 1869 2113 videri
1909 2054 2223 2137 possunt,
2261 2038 2766 2137 locutionesque
2797 2038 2913 2113 ol>-

685 2177 957 2236 πωπω,
1002 2176 1312 2251 quaeque
1363 2178 1481 2251 per
1520 2177 1609 2227 *se
1655 2153 1878 2231 minus
1928 2170 2158 2231 essent
2197 2170 2396 2251 aptae
2437 2151 2523 2229 ad
2570 2176 2707 2231 rem
2749 2177 2910 2231 oon·

687 2268 1038 2344 ficiendam
1056 2326 1073 2354 ,
1117 2295 1198 2341 ex
1239 2268 1509 2367 cognita
1542 2269 1868 2345 eeclesiae
1911 2269 2046 2345 fide
2086 2295 2326 2345 novam
2369 2268 2587 2345 lucem
2630 2292 2910 2345 nomm·-

684 2409 817 2483 que
886 2384 1089 2459 robur
1143 2384 1522 2483 acquirunt.
1573 2386 1804 2458 Patres
1874 2384 2050 2459 enim
2121 2384 2398 2482 perinde
2464 2409 2546 2459 ac
2609 2383 2696 2459 de
2751 2382 2913 2459 aliis

685 2498 1019 2586 articulis,
1076 2498 1197 2597 qui
1246 2514 1481 2597 postea
1530 2500 1599 2575 in
1649 2499 1929 2576 dubium
1981 2498 2265 2575 revocati
2318 2516 2512 2584 sunt,
2571 2498 2662 2576 ita
2711 2498 2914 2576 otiam

684 2612 773 2686 de
836 2611 1040 2685 huius
1112 2612 1509 2686 sacramenti
1578 2613 1854 2688 veritate
1911 2611 2116 2690 veluti
2181 2612 2494 2690 omnibus
2562 2627 2913 2711 perspecta

684 2742 885 2824 atque
933 2751 975 2798 a
1020 2726 1280 2804 cunetis
1329 2726 1626 2802 admissa
1677 2741 1836 2804 sunt
1884 2726 2120 2812 locuti;
2165 2752 2383 2826 neque
2432 2753 2752 2825 umquam
2805 2727 2912 2804 di·-

687 2855 865 2920 recte
911 2864 1056 2918 eam
1108 2839 1239 2912 sibi
1292 2840 1764 2918 adstruendam
1818 2858 2285 2938 sumpserunt,
2324 2842 2522 2940 quasi
2555 2841 2646 2920 ,de
2679 2868 2750 2918 re
2784 2842 2912 2920 du·

687 2951 799 3026 bia
858 2969 1182 3050 ageretur.
1246 2954 1520 3040 Quoties
1573 2972 1936 3053 propterea,
1970 2954 2312 3034 disserunt
2360 2955 2446 3032 de
2495 2955 2753 3053 nuptiis
2801 2981 2913 3034 ce·-

688 3067 1027 3142 lehrandis
1085 3094 1238 3144 cum
1305 3069 1718 3146 conscientia
1794 3070 2091 3168 episcopi
2114 3127 2132 3155 ,
2201 3069 2287 3142 de
2353 3068 2814 3150 benedictione
2873 3098 2913 3143 a

686 3182 967 3258 Domino
997 3184 1254 3282 nuptiis
1280 3181 1654 3282 impertita,
1696 3183 1782 3258 de
1830 3185 2106 3282 copioso
2153 3185 2405 3282 gratiae
2447 3203 2731 3264 muniere
2775 3185 2912 3266 illia

689 3298 981 3383 adnexo,
1028 3299 1287 3396 quoties
1315 3356 1330 3385 ,
1375 3297 1646 3397 inquam
1670 3357 1685 3384 ,
1730 3298 1932 3371 hasce
1981 3299 2231 3373 aliasve
2281 3298 2538 3372 similes
2592 3299 2910 3372 formulas

687 3429 1051 3511 usurpant,
1111 3412 1305 3485 toties
1358 3413 1811 3485 testimonium
1866 3413 2221 3512 perhibent
2256 3413 2513 3485 veritati
2551 3438 2754 3514 quam
2805 3440 2914 3486 ec-

687 3526 893 3601 clesia
941 3554 1073 3601 usu
1125 3527 1274 3625 ipso
1323 3553 1401 3600 ac
1452 3527 1637 3626 praxi
1690 3527 2083 3626 quotidiana
2132 3547 2284 3603 ante
2333 3526 2630 3602 omnium
2681 3528 2912 3604 oculos

688 3658 1257 3739 conspectumque
1306 3640 1761 3739 profitebatur.

836 3753 1098 3840 Quibus
1148 3753 1560 3854 praemissis,
1621 3752 1792 3826 nihil
1828 3754 2009 3828 aliud
2046 3767 2390 3853 superest,
2431 3781 2632 3856 quam
2668 3772 2741 3834 ut
2773 3756 2915 3830 sin-

689 3866 949 3965 gularia
997 3868 1327 3967 quaedam
1380 3882 1645 3966 patrum
1696 3869 2071 3941 testimonia
2104 3893 2186 3940 ac
2214 3868 2417 3940 effata
2465 3869 2904 3967 proferamus,

692 3982 1013 4068 Quamvis
1076 4008 1234 4056 vero
1297 4008 1377 4055 ea
1437 3982 1788 4056 notissima
1846 3983 2018 4069 sint,
2090 3982 2522 4083 omniumque
2582 4007 2749 4084 pene
2800 4007 2914 4055 ore

691 4098 877 4185 trita,
939 4113 1140 4196 atque
1188 4124 1228 4169 a
1277 4096 1603 4193 theologis
1655 4096 2002 4171 catholicis
2055 4097 2304 4171 iamdiu
2348 4098 2654 4184 collecta,
2699 4123 2785 4171 ne
2818 4115 2917 4171 ta·-

690 4241 841 4286 men
892 4213 1239 4313 quidpiam
1277 4213 1359 4284 ad
1400 4212 1760 4313 pleniorem
1830 4211 2280 4312 probationem
2336 4212 2659 4287 adversus
2712 4213 2915 4286 huius

692 4330 1010 4429 temporis
1039 4328 1411 4402 haereticos
1453 4328 1903 4408 desideretur,
1949 4327 2064 4425 qui
2105 4325 2327 4401 adhuc
2372 4327 2758 4426 pugnaciter
2798 4327 2915 4404 do-
