3276 5083
706 453 842 527 13⁰
876 453 1035 524 ’ἶς’
1101 478 1225 526 m.
1269 477 1314 525 ι.
1357 476 1528 527 ποτ.
1573 477 1617 528 1.
1661 477 1739 527 ns
1790 477 2050 527 numu.
2095 477 2519 529 SACRAHEMO.

701 593 922 669 suerit.
957 593 1076 666 vix
1125 593 1305 668 enim
1355 620 1535 668 nunc
1584 610 1813 668 auctor
1861 593 2148 668 alicuius
2198 595 2492 668 nominis
2544 597 2909 693 reperitur,

699 710 816 809 qui
869 710 940 781 in
991 707 1270 782 dubium
1322 724 1584 783 revocet
1629 708 1972 781 veritatem
2040 709 2439 782 sacramenti
2493 709 2562 781 in
2612 710 2700 783 iis
2725 768 2743 797 ,
2798 712 2914 809 qui

699 850 819 922 per
883 839 1343 923 procuratores
1379 822 1794 895 ‘contrahunt
1840 823 2331 896 matrimonium
2359 881 2375 909 ,
2431 823 2636 896 immo
2684 839 2754 897 et
2804 851 2911 898 ec-

696 937 904 1011 clesia
953 938 1104 1036 ipsa
1155 937 1224 1008 in
1274 937 1463 1035 praxi
1513 943 1634 1035 pro
1683 953 1861 1010 certo
1911 937 1979 1010 id
2033 936 2256 1010 habet.

739 1096 742 1100 .
842 1058 909 1126 8.
968 1054 1157 1126 Ratio
1206 1067 1451 1139 autem,
1493 1079 1627 1152 qua
1662 1051 1946 1126 ecclesia
1993 1052 2145 1126 illos
2178 1110 2193 1139 ,
2236 1054 2353 1153 qui
2390 1053 2537 1126 sine
2572 1054 2917 1128 sacerdote

698 1184 856 1270 sunt
902 1166 1289 1252 coniuncti,
1348 1181 1705 1264 praecepto
1756 1192 1886 1238 non
1939 1182 2162 1263 urget,
2202 1181 2278 1238 ut
2312 1192 2385 1239 se
2422 1192 2643 1240 coram
2694 1187 2919 1241 sacer·

693 1284 848 1356 dote
875 1284 1150 1370 sistant,
1182 1297 1249 1354 et
1275 1307 1393 1382 per
1419 1281 1568 1355 eius
1603 1279 2137 1354 benedictionem
2174 1298 2662 1355 sacramentum
2698 1284 2920 1356 susci-

694 1397 922 1496 piant,
983 1405 1094 1470 est
1124 1454 1139 1483 ,
1205 1395 1386 1496 quod
1447 1394 1582 1495 ipsi
1651 1419 1918 1492 semper
1966 1419 2362 1493 persuasum
2415 1393 2539 1468 suit
2599 1421 2717 1469 eos
2749 1396 2916 1468 ‘iam

692 1539 817 1611 per
862 1518 1272 1586 contractum
1323 1508 1740 1606 coniugalem
1791 1525 2282 1582 sacramentum
2316 1509 2681 1583 confecisse
2702 1566 2718 1597 ‚
2760 1519 2913 1584 cum

691 1650 1059 1725 numquam
1108 1623 1177 1694 in
1227 1623 1557 1719 coniugiis
1606 1622 2122 1697 christianorum
2161 1621 2444 1696 ecclesia
2492 1622 2775 1697 alterum
2825 1624 2916 1697 ab

690 1738 895 1813 altero
938 1737 1318 1812 distinxerit
1379 1738 1556 1832 (44).
1616 1736 1832 1822 Quam
1884 1736 2378 1811 distinctionem
2413 1738 2718 1812 ,omnium
2773 1739 2915 1837 pri-

688 1865 878 1956 mus,
910 1868 984 1926 ut
1019 1851 1471 1939 ostendimus,
1512 1850 1736 1924 Canus
1772 1851 2045 1924 invexit.
2067 1850 2338 1926 Ceterae
2365 1851 2652 1925 rationes
2677 1911 2694 1938 ,
2735 1879 2916 1952 quae

687 1967 1016 2042 adductae
1058 1982 1250 2053 sunt,
1286 1965 1576 2040 'nonnisi
1629 1965 2050 2039 coniecturae
2086 1982 2273 2051 sunt,
2316 1991 2567 2064 eaeque
2601 1965 2903 2041 fallaces.

692 2153 701 2160 ,
812 2085 901 2161 ,9.
962 2081 1156 2168 Quod
1194 2080 1551 2160 nono'loco
1592 2078 1838 2152 dicitur
1886 2079 1971 2153 de
2016 2078 2370 2160 'sanatione'
2398 2080 2802 2153 matrimonii
2837 2083 2911 2154 in

683 2195 901 2278 radica
928 2196 1206 2272 exsalsa
1240 2195 1603 2298 hypothesi
1637 2196 1879 2283 oritur,
1913 2211 2155 2295 nempe
2177 2194 2262 2268 de
2296 2194 2715 2293 separatione
2749 2221 2911 2270 con-

686 2329 935 2392 tractus
969 2340 1011 2387 a
1047 2327 1491 2392 sacramento.
1525 2312 1692 2383 Nam
1729 2311 1790 2384 si
1825 2337 1959 2384 una
2002 2310 2372 2409 eademque
2418 2310 2774 2409 utriusque
2806 2328 2914 2385 est

685 2430 854 2503 ratio
879 2486 894 2515 ,
952 2446 1068 2503 aut
1115 2427 1542 2509 non;‚tollitur
1576 2425 1916 2511 desectus,
1960 2425 2076 2524 qui
2111 2424 2368 2497 nullum
2405 2423 2722 2497 reddebat
2755 2452 2911 2499 con-

682 2560 999 2629 tractum,
1056 2560 1122 2617 et
1172 2560 1360 2628 tunc,
1421 2568 1554 2615 non
1602 2541 1926 2614 existente
1978 2556 2317 2614 contractu
2341 2599 2359 2627 ,
2414 2567 2632 2639 neque
2682 2566 2906 2614 sacra-

680 2643 975 2735 mentum
1036 2657 1308 2742 existit3
1366 2671 1484 2728 aut
1533 2655 1624 2727 ita
1676 2671 1952 2728 sanatur
2014 2657 2345 2729 eiusmodi
2413 2655 2720 2734 defectus
2747 2713 2763 2741 ,
2834 2673 2910 2730 ut

680 2785 1056 2844 contractus
1103 2786 1421 2869 exurgat,
1470 2787 1536 2844 et
1584 2786 1742 2845 tunc
1795 2770 2019 2868 ipsum
2070 2758 2338 2868 exurgit
2380 2787 2897 2845 sacramentum.

678 2888 814 2959 Nec
875 2885 1069 2965 obest
1136 2887 1317 2986 quod
1384 2885 1588 2960 veluti
1654 2884 2023 2965 absurdum
2088 2886 2489 2974 traducitur,
2551 2886 2638 2959 ab
2696 2885 2903 2960 huius

678 3001 1046 3081 sententiae
1096 3003 1394 3101 patronis
1431 3002 1517 3075 de
1549 3000 1898 3076 sacerdote
1942 3001 2279 3087 ministr0,
2319 3000 2556 3075 confici
2594 3000 2907 3076 videlicet

678 3130 1169 3199 sacramentum
1198 3117 1463 3193 [insciis
1512 3116 2060 3191 contrahentibus
2089 3174 2104 3202 ‚
2161 3143 2283 3189 seu
2333 3116 2700 3202 ministris;
2743 3144 2900 3190 nam

674 3232 779 3306 vel
831 3232 999 3331 ipsis
1042 3231 1405 3306 fatentibus
1430 3290 1446 3319 ,
1491 3257 1902 3317 consensus,
1943 3230 2183 3331 quiab
2217 3230 2408 3303 initio
2444 3229 2530 3304 ob
2563 3230 2899 3305 occultum

675 3348 1226 3446 impedimentum
1275 3347 1503 3420 nullus
1552 3346 1798 3434 extitit,
1856 3346 2095 3443 iugiter
2130 3371 2249 3419 seu
2286 3344 2620 3419 moraliter
2664 3372 2900 3443 perse-

672 3479 904 3550 verat3
973 3489 1124 3568 cum
1187 3462 1470 3561 proinde
1494 3524 1499 3531 .
1519 3460 1810 3535 sufficiat
1857 3461 2129 3535 moralis
2181 3461 2347 3534 haec
2379 3462 2898 3559 ,perseverantia

672 3604 1043 3654 consensus
1101 3578 1402 3676 praestiti
1451 3576 1537 3650 ad
1589 3576 2150 3651 convalidandum
2216 3575 2711 3650 matrimonium
2759 3604 2898 3677 qua

817 3785 918 3847 (44)
950 3787 1109 3836 Huius
1132 3786 1201 3834 rei
1220 3796 1318 3834 non
1342 3783 1604 3833 obscurum
1627 3782 1972 3833 documentum
1996 3781 2229 3833 habemus
2248 3781 2298 3832 in
2318 3782 2551 3846 rescripto
2573 3781 2690 3831 dato
2711 3781 2796 3831 die
2814 3789 2891 3832 22.

672 3860 824 3923 April.
841 3865 977 3913 ¹795.
1000 3877 1029 3913 a
1050 3861 1433 3926 congregatione
1460 3876 1548 3926 pro
1570 3861 1776 3926 negotiis
1796 3858 2027 3911 ecclesiae
2051 3859 2317 3923 gallicanae
2339 3860 2602 3924 deputatu
2641 3859 2902 3922 petebatur

667 3938 915 4002 siquidem
947 3940 1239 3994 inter-alia:
1270 3961 1297 3986 α
1318 3938 1579 4005 supposito
1613 3939 1749 4004 quod
1789 3939 2156 3991 matrimonium
2193 3939 2490 3991 celebratum
2527 3940 2674 3990 tuerit
2713 3939 2901 4002 absque

667 4017 1004 4069 benedictione
1026 4023 1321 4084 sacerdotis,
1346 4022 1432 4084 qui
1454 4023 1572 4071 tunc
1590 4018 1841 4084 (tempore
1859 4019 2135 4070 rebellionis
2156 4020 2398 4082 gallicae)
2433 4018 2602 4069 baberi
2634 4031 2734 4069 non
2758 4022 2894 4081 pote·

668 4100 773 4161 rat,
797 4111 861 4148 au
884 4101 1144 4152 conveniat
1160 4115 1249 4152 nec
1269 4115 1330 4151 ne
1346 4103 1404 4152 ut
1422 4101 1640 4165 praefata
1673 4098 1945 4149 benedictio
1968 4100 2135 4162 postea
2162 4099 2461 4162 suppleatur.
2488 4098 2562 4148 Ad
2590 4098 2720 4148 hanc
2742 4111 2894 4161 quae·

660 4178 869 4227 stionem
904 4177 1001 4227 iam
1040 4179 1158 4229 olim
1196 4181 1496 4243 propositam
1527 4192 1810 4243 responsum
1846 4181 1964 4229 tunc
1995 4178 2089 4227 suit
2111 4177 2300 4240 fideles
2342 4177 2629 4229 hortandos
2656 4190 2764 4227 esse
2797 4181 2892 4241 ue,

659 4268 787 4308 cum
800 4255 1085 4307 sacerdotis
1098 4260 1301 4320 coptam
1321 4258 1769 4322 haberepossunt,
1784 4255 1853 4307 ab
1871 4268 1928 4306 eo
1942 4254 2350 4308 benediccionem
2361 4259 2578 4321 petant,
2599 4260 2695 4321 qut
2714 4259 2896 4307 tamen

664 4335 773 4387 illis
801 4334 1124 4398 declarabit,
1154 4334 1458 4387 huiusmodi
1491 4336 1895 4388 benedictionem
1922 4348 1985 4384 u>
2008 4348 2329 4393 namnum
2363 4349 2535 4387 numu
2569 4348 2892 4389 ozanam.»

660 4414 802 4479 Apud
824 4417 985 4467 Moser
1006 4413 1275 4468 nectarae.
1298 4427 1362 4467 ac
1382 4414 1592 4466 decreta
1612 4428 1746 4465 rom.
1755 4411 1955 4480 pontif.
1980 4428 2030 4464 n.
2048 4417 2131 4465 11.
