3276 5083
652 429 788 503 332
1052 452 1175 502 un.
1218 451 1266 501 1.
1309 449 1482 501 sacr.
1525 449 1784 500 lusan.
1830 449 1910 500 nn
1942 449 2206 500 aarum.
2260 450 2473 502 civiti.

793 571 951 641 Rem
1003 570 1096 642 ita
1164 567 1528 641 identidem
1600 567 1988 665 contingere
2050 569 2282 667 ecquis
2343 569 2666 666 ignorat?
2724 571 2874 646 Hac

650 687 738 758 de
784 710 993 758 causa
1041 685 1422 757 institerunt
1470 684 1851 783 principum
1902 697 2201 758 oratores
2250 684 2431 784 apud
2483 702 2708 784 patres
2759 690 2877 761 tri·

648 801 959 873 dentinos
980 858 996 887 ,
1053 815 1127 873 ut
1178 799 1311 898 ipsi
1361 797 1608 871 vellent
1660 797 2212 897 impedimentum
2260 799 2591 874 dirimens
2631 804 2881 877 consti—

648 932 832 989 tuere
879 915 966 988 ad
1016 914 1568 1013 compescendam
1617 913 1948 988 eiusmodi
1999 913 2289 988 filiorum
2342 914 2634 991 familias
2684 919 2872 993 insa·-

652 1031 830 1104 niam
904 1030 1083 1125 (22).
1159 1029 1383 1115 Quum
1456 1054 1614 1102 vero
1689 1029 1884 1103 iustis
1957 1029 2412 1129 gravibusque
2483 1030 2573 1103 de
2644 1034 2876 1108 causis

651 1145 985 1219 noluerint
1034 1144 1345 1245 precibus
1406 1143 1836 1243 acquiescere
1886 1142 2071 1216 illius
2120 1143 2392 1218 concilii
2453 1160 2679 1244 patres
2720 1205 2736 1233 ,
2800 1148 2876 1220 in

649 1257 1059 1358 quibusdam
1117 1258 1341 1356 regnis
1415 1256 1653 1331 saltem
1710 1256 2133 1357 promulgata
2198 1273 2302 1332 est
2355 1258 2461 1330 lex
2488 1316 2505 1346 ,
2560 1286 2697 1360 qua
2748 1260 2873 1333 filii

649 1372 941 1447 familias
964 1430 980 1460 ,
1021 1366 1141 1474 qui
1175 1370 1573 1446 inconsultis
1600 1427 1617 1457 ,
1658 1370 2224 1471 obstantibusque
2263 1372 2661 1472 parentibus
2681 1430 2700 1461 ,
2739 1400 2879 1449 ma·

655 1490 1040 1564 trimonium
1074 1485 1488 1562 celebrarent
1507 1543 1523 1574 ,
1565 1486 1993 1561 declarantur
2025 1486 2342 1561 civilibus
2378 1488 2641 1561 iuribus
2666 1490 2878 1562 omni-

649 1603 780 1678 bus
828 1620 967 1676 tum
1019 1601 1242 1701 quoad
1302 1600 1804 1675 successionem
1837 1658 1853 1687 ,
1911 1615 2053 1674 tum
2103 1601 2326 1700 quoad
2396 1602 2878 1678 haereditatem

652 1719 993 1805 destituti,
1048 1716 1345 1816 aliisque
1395 1716 1633 1815 poenis
1684 1714 1957 1789 obnoxii
2010 1715 2169 1789 facti
2221 1731 2405 1791 sunt.

795 1833 938 1932 Age
987 1858 1166 1906 nunc
1214 1831 1430 1929 legem
1464 1857 1508 1905 a
1540 1829 1815 1930 politico
1868 1831 2194 1929 regimine
2240 1833 2652 1933 promulgari
2678 1891 2694 1921 ,
2734 1860 2874 1933 qua

649 1948 961 2047 coniugia
1009 1973 1191 2022 mere
1240 1946 1467 2020 civilia
1517 1945 1960 2033 sanciantur;
2013 1945 2196 2020 illico
2248 1972 2383 2021 non
2434 1944 2668 2047 pauci,
2721 1973 2877 2021 cum

654 2065 1007 2139 stultorum
1058 2062 1366 2136 infinitus
1400 2062 1492 2135 sit
1522 2087 1877 2149 numerus,
1929 2087 2006 2136 se
2055 2062 2461 2161 praecipites
2500 2063 2756 2137 dabunt
2787 2064 2878 2136 ad

658 2178 994 2254 eiusmodi
1044 2177 1315 2277 nuptias
1366 2176 1699 2251 ineundas
1733 2176 1985 2275 ingenti
2022 2193 2374 2277 parentum
2407 2178 2775 2254 afflictione
2809 2196 2884 2254 et

655 2292 1014 2368 moestitia.
1071 2291 1414 2389 Coguntur
1478 2291 1922 2366 nihilominus
1986 2291 2324 2365 innumeri
2375 2292 2557 2367 cives
2606 2293 2884 2394 iniquae

652 2409 789 2508 legi
835 2409 933 2481 illi
979 2434 1058 2482 se
1093 2406 1429 2481 subiicere
1451 2464 1469 2495 ,
1516 2432 1695 2507 quae
1733 2408 2033 2507 ipsorum
2069 2406 2447 2482 cervicibus
2479 2408 2876 2509 imponitur,

653 2526 837 2627 quod
890 2551 1086 2600 nemo
1139 2522 1482 2623 negaverit
1528 2523 1954 2624 tyrannidem
2004 2550 2246 2624 sapere
2276 2583 2293 2614 ‚
2354 2524 2557 2601 immo
2606 2552 2763 2601 vero
2810 2541 2884 2600 et

656 2667 811 2716 esse
858 2666 1066 2741 quam
1119 2640 1479 2713 maximam
1505 2640 1685 2735 (23).
2745 2647 2748 2650 '

802 2756 876 2827 vi
914 2771 1258 2856 praeterea
1290 2754 1591 2830 eiusdem
1624 2754 1795 2852 legis
1837 2772 2232 2855 cogerentur
2264 2756 2501 2833 fideles
2535 2775 2883 2859 tamquam

656 2869 993 2967 legitimos
1044 2870 1222 2946 filios
1276 2870 1427 2945 illos
1474 2869 1829 2945 admittere
1852 2928 1869 2959 ‚
1924 2897 2097 2972 quos
2148 2873 2388 2971 religio
2412 2931 2429 2962 ‚
2488 2900 2609 2948 seu
2658 2874 2887 2950 catho-

805 3058 909 3123 (22)
939 3060 1015 3109 cf.
1042 3058 1189 3109 card.
1214 3059 1500 3110 pallavicini
1540 3057 1874 3110 Dell'tstorta
1910 3057 2001 3109 del
2033 3058 2253 3110 concilio
2294 3059 2353 3111 di
2395 3062 2582 3112 henco
2610 3060 2697 3112 lib.
2723 3065 2882 3113 xxu.

657 3153 767 3204 cap.
793 3143 856 3190 ΙΙ.
878 3154 928 3191 n.
955 3146 1029 3192 16.
1051 3140 1138 3190 ubi
1159 3138 1358 3204 legitur:
1388 3159 1413 3183 σι
1430 3138 1513 3190 Gli
1532 3138 1889 3190 ambasciadori
1920 3139 2128 3191 smncesi
2146 3140 2226 3191 nel
2245 3140 2416 3204 giorno
2437 3141 2888 3206 ventesimoquarto

660 3220 714 3271 di
732 3220 906 3285 Luglio
937 3221 1098 3272 secero
1125 3233 1225 3270 una
1242 3220 1443 3271 solenne
1469 3219 1702 3270 richiesta
1716 3218 1764 3269 al
1784 3219 1996 3271 concilio
2018 3233 2105 3285 per
2129 3222 2265 3286 parte
2280 3219 2360 3271 del
2382 3222 2888 3274 re...s’annullasaero

658 3303 674 3351 i
708 3301 964 3366 maritaggi
992 3301 1222 3353 contratti
1255 3299 1335 3350 da’
1354 3298 1561 3364 figliuoli
1588 3299 1643 3349 di
1675 3299 1892 3364 famiglia
1911 3313 2054 3351 senza
2080 3300 2117 3351 il
2148 3300 2537 3352 consentimento
2559 3301 2635 3352 de’
2655 3302 2885 3366 genitori,

657 3394 798 3433 come
819 3395 905 3446 per
926 3382 977 3432 lo
995 3382 1080 3446 plu
1100 3394 1129 3432 e
1146 3380 1353 3432 dannosi
1370 3393 1399 3432 e
1419 3378 1816 3431 disconvenevoli
1838 3380 1935 3431 alle
1956 3379 2199 3444 ramiglie,
2222 3393 2251 3432 e
2273 3381 2479 3432 materia
2495 3380 2663 3432 d’odio
2684 3382 2887 3433 antiche

660 3463 713 3514 dl
748 3474 916 3514 amore
954 3463 1031 3513 tra
1057 3462 1074 3513 i
1093 3463 1361 3513 consorti.»

806 3542 909 3605 (23)
929 3540 1075 3601 Quod
1096 3542 1140 3592 si
1160 3553 1190 3591 a
1212 3540 1447 3605 regimine
1470 3541 1672 3604 politico
1690 3542 1938 3593 sanciente
1953 3542 2236 3606 coniugium
2258 3555 2391 3593 mere
2409 3541 2574 3606 civile,
2587 3543 2669 3594 lex
2685 3555 2887 3607 quoque

654 3621 926 3673 sanciretur
943 3619 1006 3672 de
1021 3619 1250 3673 nullitate
1267 3619 1627 3684 coniugiorum,
1649 3632 1777 3683 quae
1796 3633 1826 3671 a
1846 3620 1962 3672 tiliis
1981 3619 2194 3671 familias
2210 3621 2380 3671 invitis
2404 3622 2689 3685 parentibus
2704 3621 2885 3672 iniren-

658 3703 769 3763 tnr,
792 3714 893 3752 non
925 3699 1038 3751 idco
1070 3699 1238 3751 omnia
1271 3698 1571 3750 evitarentur
1610 3698 1953 3762 incommoda3
1990 3697 2236 3762 siquidem
2267 3699 2502 3751 facillime
2531 3699 2774 3752 eiusmodi
2807 3700 2888 3751 lex

660 3781 795 3832 eludi
829 3782 1017 3846 maaet,
1041 3779 1326 3845 praesertim
1348 3778 1390 3830 si
1411 3778 1734 3830 reclamarent
1753 3791 1853 3829 non
1873 3779 1970 3829 alia
1991 3778 2054 3831 de
2071 3791 2221 3829 causa
2239 3778 2360 3844 ipsis
2377 3781 2603 3844 parentes
2620 3779 2884 3839 obsistere,

657 3873 809 3924 quam
828 3860 964 3925 quod
987 3860 1126 3911 iuxta
1146 3860 1302 3924 legem
1317 3858 1598 3923 coniugium
1621 3858 1867 3910 celebrare
1883 3859 2084 3911 vellent.

807 3943 909 3992 Nec
929 3940 1095 3993 obstat
1113 3939 1263 3992 etiam
1282 3939 1452 3990 invitis
1481 3938 1769 4003 parentibus
1785 3952 1929 4004 posse
1947 3939 2075 3990 filios
2090 3939 2305 3992 familias
2326 3940 2453 3992 inire
2470 3941 2669 4005 nuptias
2686 3939 2749 3990 ad
2771 3951 2886 3990 nor·

656 4033 790 4072 mam
811 4020 1007 4071 concilii
1022 4019 1294 4072 tridentini.
1316 4021 1442 4071 Nam
1465 4031 1544 4070 res
1560 4018 1719 4070 multo
1739 4018 1991 4070 difficilior
2012 4018 2218 4083 accidit,
2246 4021 2298 4071 et
2323 4020 2411 4084 qui
2435 4032 2522 4070 eos
2538 4020 2610 4070 ita
2628 4020 2889 4083 coniunge·

653 4102 766 4152 rent
776 4100 977 4151 minime
990 4100 1282 4164 invenirent,
1297 4098 1339 4150 si
1354 4111 1522 4150 casum
1535 4099 1771 4163 excipias,
1786 4112 1887 4163 quo
1902 4098 1993 4163 ipsi
2007 4111 2174 4149 coram
2188 4099 2403 4164 parocho
2416 4100 2685 4150 reluctante
2697 4110 2892 4148 conm-

665 4192 777 4230 sum
800 4192 864 4230 ex
891 4179 1194 4243 improuiso
1211 4179 1471 4241 elicerent,
1489 4180 1542 4230 et
1556 4179 1678 4230 tunc
1694 4190 1877 4244 poenas
1894 4177 2210 4243 gravissimas
2242 4178 2513 4230 aerumma
2543 4177 2851 4228 incurrerent
2868 4193 2888 4239 ς

661 4259 883 4325 quivero
901 4270 1067 4311 coram
1085 4258 1372 4323 magistram
1392 4257 1608 4311 civiliter
1626 4257 1883 4323 nuberent,
1897 4256 1954 4309 id
1971 4259 2274 4323 praestarent
2292 4256 2358 4309 ad
2374 4257 2495 4321 legis
2517 4256 2887 4322 praescriptum.

661 4343 789 4393 Sane
806 4338 1106 4404 experientia
1124 4338 1340 4391 ostendit
1356 4339 1553 4391 nonnisi
1575 4337 1825 4390 “tissime
1846 4336 1902 4389 id
1921 4337 2228 4403 contingere,
2252 4338 2426 4389 contra
2444 4349 2563 4388 vero
2577 4334 2893 4387 matrimonia

660 4421 828 4478 civilia
846 4420 1028 4485 passim
1045 4418 1269 4473 obtinent
1290 4419 1392 4472 illis
1411 4421 1463 4471 in
1485 4418 1781 4483 regionibus,
1797 4419 1849 4471 in
1862 4418 2154 4484 quibuslex,
2168 4417 2340 4480 deqna
2357 4416 2661 4480 disserimus,
2680 4414 2885 4466 obtinet.
