3276 5083
651 436 788 486 cir.
817 436 906 485 ιν.
928 435 1008 484 ns
1034 435 1272 485 ineunt.
1297 434 1412 483 rao
1439 433 1596 484 mnes
1622 432 1703 483 nr.
1727 433 1918 483 uun.
1942 432 2069 482 ειν.
2093 432 2234 481 aar.
2259 432 2351 482 111.
2513 409 2645 478 391

441 580 591 628 rum
642 555 1016 651 iterumque
1044 551 1137 625 ab
1170 549 1545 626 oratoribus
1594 551 1780 623 vario
1829 548 1958 624 sub
2009 564 2290 649 aspectu
2341 550 2653 646 proposi-

443 685 584 742 tum
632 668 780 742 fuit.

584 783 669 855 At
716 782 943 880 regius
992 782 1141 880 ipse
1190 780 1496 853 minister
1545 779 1741 880 plura
1792 777 2070 878 protulit
2128 777 2502 875 theologica
2547 804 2660 851 ar-

414 915 780 996 gumenta.
820 897 1226 971 Matrimonii
1278 895 1714 983 vocabulum,
1772 895 2031 994 inquit,
2073 891 2411 992 duplicem
2463 919 2661 992 prae-

438 1016 643 1089 sefert
676 1041 977 1089 sensum.
1021 1013 1368 1110 Significat
1399 1013 1579 1084 enim
1616 1010 1833 1110 primo
1867 1009 1993 1083 viri
2021 1034 2102 1083 ac
2123 1008 2427 1082 mulieris
2465 1010 2662 1084 unio-

438 1156 594 1203 nem
643 1147 1030 1231 perpetuam
1087 1145 1289 1228 atque
1336 1127 1740 1225 legitimam3
1783 1152 1862 1199 ac
1896 1124 2049 1197 talis
2099 1139 2204 1198 est
2254 1150 2533 1212 sensu8‚
2592 1125 2662 1196 in

404 1270 578 1344 ¹quo
610 1271 653 1317 a
687 1242 1235 1342 legumlatoribus
1284 1241 1689 1315 matrimonii
1743 1266 1985 1313 nomen
2036 1254 2423 1339 usurpatur.
2480 1239 2663 1313 Alter

435 1374 545 1431 est
588 1385 836 1432 sensus
887 1357 1284 1454 religiosuS,
1343 1356 1463 1428 sed
1515 1356 1629 1427 hic
1681 1371 1786 1428 est
1835 1354 2109 1427 additus
2162 1353 2405 1452 priori,
2465 1370 2665 1455 prout

434 1490 705 1548 constat
769 1499 852 1546 ex
914 1473 1088 1572 ipsis
1149 1471 1578 1545 catechismis
1612 1528 1627 1558 ,
1702 1470 1887 1543 iuxta
1936 1495 2109 1569 quos
2159 1470 2660 1544 matrimonium

438 1604 545 1661 est
568 1605 1088 1673 sacramentum,
1130 1587 1312 1687 quod
1351 1589 1714 1685 coniuqatis
1750 1586 2032 1683 gratiam
2068 1586 2359 1674 confert,
2400 1602 2476 1659 ut
2509 1612 2662 1685 pro-

436 1705 566 1804 prii
619 1721 835 1779 status
883 1703 1327 1801 obligationes
1364 1703 1485 1776 rite
1518 1702 1708 1776 obire
1743 1702 2027 1801 possint.
2073 1703 2214 1775 Iam
2262 1728 2455 1788 vero,
2494 1728 2660 1776 num

435 1846 516 1892 ex
565 1846 647 1893 eo
693 1820 879 1920 quod
929 1818 1356 1893 matrimonio
1404 1818 1583 1892 civili
1636 1802 1969 1891 adiectum
2008 1818 2097 1891 sit
2135 1833 2651 1907 sacramentum,

436 1935 877 2034 consequitur
907 1934 1075 2007 illud
1111 1933 1355 2007 subiici
1392 1933 1742 2007 absolutae
1792 1933 2115 2007 ecclesiae
2167 1932 2661 2008 iurisdictioni?

584 2051 970 2122 Praeterea:
1016 2049 1359 2147 principes
1411 2047 1720 2120 infideles
1771 2048 1840 2119 in
1890 2049 2316 2121 matrimonia
2365 2064 2659 2146 potesta-

437 2178 573 2236 tem
626 2163 997 2236 habebant:
1041 2164 1178 2235 imo
1213 2189 1362 2236 eam
1397 2161 1621 2234 adhuc
1656 2161 1940 2235 retinent
1986 2163 2355 2261 principes,
2396 2164 2513 2262 qui
2550 2189 2660 2237 se-

436 2279 658 2375 parati
712 2292 872 2349 sunt
919 2277 1006 2350 ab
1054 2276 1366 2351 ecclesia.
1410 2277 1783 2349 Eccurnam
1834 2275 2040 2374 igitur
2082 2302 2163 2349 ea
2212 2276 2661 2351 destituentur

439 2392 784 2492 principes
835 2391 1209 2466 catholici?

588 2509 948 2606 Fingamus
983 2508 1217 2605 (liceat
1251 2508 1415 2582 mihi
1457 2535 1818 2610 parumper
1852 2509 2213 2612 hypothesi
2249 2510 2346 2583 uti
2374 2567 2389 2597 ‚
2420 2534 2658 2610 quam-

435 2624 686 2697 tumvis
737 2623 1030 2697 absurda
1079 2624 1291 2698 videri
1343 2626 1607 2724 possit)
1666 2626 1918 2699 nullam
1966 2626 2252 2699 existere
2312 2624 2660 2699 revelatio-

437 2764 589 2811 nem
617 2753 761 2824 ;„et
809 2736 1021 2811 solam
1075 2754 1301 2811 extare
1351 2739 1531 2813 circa
1583 2741 1854 2840 nuptias
1907 2741 2117 2837 legem
2153 2738 2445 2813 civilem.
2481 2740 2656 2839 Sup-

436 2881 768 2953 ponamus
802 2856 1018 2928 Deum
1055 2855 1527 2930 revelationem
1581 2856 1946 2956 impertiri,
1991 2872 2193 2956 atque
2231 2857 2518 2930 edicere:
2564 2857 2656 2929 lis

436 2969 559 3067 qui
598 2969 869 3067 nuptias
904 2970 1150 3043 debitis
1185 2971 1394 3044 animi
1431 2972 1991 3070 dispositionibus
2028 2970 2502 3058 celebrabunt,
2533 2997 2657 3069 ego

439 3082 727 3178 gratiam
775 3084 1141 3171 conferam,
1184 3113 1317 3184 qua
1368 3087 1598 3184 gravia
1649 3087 1894 3161 obeant
1941 3087 2207 3172 officia,
2265 3112 2440 3187 quae
2497 3087 2660 3161 huic

438 3199 616 3270 vitae
665 3198 1028 3272 conditioni
1083 3200 1344 3274 adnexa
1404 3218 1582 3274 sunt.
1644 3202 2001 3299 Fingamus
2051 3201 2352 3274 divinum
2407 3200 2658 3275 revela-

439 3312 643 3388 tionis
693 3329 1032 3387 auctorem
1083 3315 1342 3388 caelum
1395 3334 1725 3416 repetere,
1784 3342 1864 3390 ac
1913 3316 2292 3416 relinquere
2344 3313 2535 3390 hisce
2586 3316 2656 3387 in

440 3428 633 3500 terris
683 3428 1158 3502 sacerdotium.
1218 3430 1285 3499 Si
1342 3430 1733 3504 huiusmodi
1799 3429 2247 3505 sacerdotium
2311 3429 2649 3505 ediceret:

441 3541 648 3614 «Mihi
674 3544 983 3643 quidem,
1016 3544 1184 3618 mihi
1212 3545 1339 3619 soli
1367 3527 1475 3619 ius
1503 3563 1606 3619 est
1631 3546 1888 3621 ferendi
1918 3546 2100 3644 leges
2128 3546 2305 3620 circa
2341 3546 2610 3647 nuptias
2634 3574 2649 3632 ;

434 3656 793 3731 decernere
840 3660 1120 3758 quinam
1173 3659 1437 3734 habiles
1490 3661 1666 3749 sint,
1708 3664 1989 3761 quinam
2024 3662 2385 3749 inhabiles,
2429 3662 2515 3736 ad
2552 3687 2659 3736 me

434 3788 694 3872 spectat
725 3773 1060 3860 iudicare;
1085 3805 1119 3845 n
1153 3776 1210 3849 si
1251 3777 1697 3851 sacerdotium
1726 3778 1896 3851 haec
1919 3778 2248 3876 exigeret,
2292 3777 2544 3876 putatis
2573 3804 2659 3850 ne

430 3888 615 3987 quod
648 3889 980 3964 eiusmodi
1014 3892 1396 3966 exactiones
1433 3893 2068 3993 assumptionesque
2101 3893 2659 3967 admitterentur?

430 4003 759 4076 Nimirum
781 4006 1366 4103 responderemus.
1398 4007 1619 4093 Quum
1650 4009 1825 4083 facta
1852 4009 1978 4082 fuit
2003 4009 2317 4083 revelatio
2343 4009 2428 4082 ad
2454 4034 2655 4108 quam

426 4134 493 4190 st
537 4146 655 4192 nos
704 4134 994 4218 spectare
1043 4122 1407 4219 gloriamur
1442 4179 1460 4208 ‚
1520 4123 1692 4196 nihil
1745 4125 2056 4224 potestati
2106 4124 2490 4224 principum
2540 4123 2660 4197 de-

432 4249 714 4308 tractum
765 4253 891 4309 est,
952 4237 1021 4308 Si
1084 4238 1468 4335 coniugium
1522 4255 1988 4314 consecratum
2015 4256 2144 4336 ‘est
2192 4266 2234 4314 a
2280 4241 2422 4315 Deo
2449 4297 2464 4327 ,
2522 4265 2654 4314 non

430 4346 580 4422 ideo
630 4350 757 4426 hac
806 4351 892 4425 de
941 4379 1148 4427 causa
1200 4355 1589 4452 coniugium
1641 4356 1935 4431 cessavit
1966 4356 2055 4430 ad
2092 4372 2344 4430 statum
2386 4355 2653 4431 civilem
