3276 5083
660 443 800 517 181
1046 466 1177 517 ω.
1213 463 1259 516 1.
1304 464 1477 517 sacr.
1522 467 1567 515 1.
1599 466 1680 515 ns
1714 461 1979 516 nram.
2013 457 2440 514 amantum.

651 602 792 659 tum
827 586 897 657 in
932 580 1267 682 coniugiis
1301 583 1848 669 christianorum,
1882 582 2001 656 sed
2030 577 2210 654 hunc
2229 582 2452 680 ipsum
2472 577 2878 654 contractum

655 700 1080 802 appellarunt
1128 715 1619 774 sacramentum
1649 756 1665 786 ‚
1707 725 1787 771 eo
1819 697 2001 796 quod
2045 692 2451 798 praeseferat
2485 696 2746 768 ratione
2780 697 2882 769 sui

649 817 921 915 signum·
957 817 1194 890 efficax
1230 816 1484 913 gratiae
1506 873 1521 901 ‚
1547 831 1752 913 atque
1781 814 2051 886 unionis
2086 812 2338 885 Christi
2374 836 2528 884 cum
2562 810 2878 885 ecclesia.

792 933 1013 1005 Tertio
1062 932 1331 1006 demum
1383 931 1787 1004 catholicam
1840 927 2193 1002 ecclesiam
2217 912 2363 1001 'sua
2422 926 2760 1000 sentiendi
2821 944 2889 1001 et

646 1048 888 1146 agendi
922 1048 1180 1121 ratione
1212 1047 1711 1120 distinctionem
1749 1059 2160 1119 contractum
2196 1042 2371 1115 inter
2404 1058 2471 1115 et
2505 1067 2886 1115 sacramen-

646 1180 788 1237 tum
807 1163 877 1234 in
905 1158 1228 1248 fidelium,
1252 1189 1373 1237 seu
1398 1162 1887 1261 baptizatorum
1922 1158 2254 1256 coniugiis
2287 1156 2642 1231 excludere
2683 1157 2880 1231 lucu-

647 1278 859 1353 lenter
889 1279 1271 1353 ostenditur
1304 1304 1384 1350 ex
1414 1276 1682 1351 concilii
1738 1275 2080 1348 tridentini
2132 1273 2460 1347 doctrina.
2504 1273 2676 1345 Nam
2722 1298 2883 1346 con-

647 1393 876 1467 cilium
931 1420 1106 1468 sess.
1149 1394 1406 1480 XXIV.,
1441 1393 1537 1464 uti
1581 1391 1894 1491 superius
1943 1391 2238 1463 vidimus
2275 1448 2287 1467 ,
2339 1392 2472 1460 *lusi
2516 1392 2724 1460 edixit
2752 1448 2768 1465 ,
2812 1416 2880 1460 m:

648 1509 1087 1582 1.Christum
1123 1509 1444 1606 passione
1480 1533 1605 1582 sua
1638 1506 1837 1580 nobis
1869 1510 2323 1605 prorum-uisse
2357 1506 2636 1592 gintiam
2664 1564 2676 1588 ,
2712 1532 2884 1600 quar.

647 1621 1020 1698 naturalem
1078 1648 1376 1696 amorem
1432 1623 1814 1722 perficeret,
1859 1639 1927 1696 et
1970 1623 2504 1692 imliffinltmilffln
2560 1624 2880 1692 unitatum

646 1736 939 1833 coniugii
991 1735 1537 1836 protoparentum
1588 1764 1670 1811 ac
1717 1754 2131 1837 posterorum
2171 1740 2616 1808 tunulirmarnt*
2656 1740 2716 1804 ΡΞ.
2760 1736 2876 1804 1*ch

646 1849 977 1927 eiusmodi
1023 1854 1305 1950 gratiam
1335 1909 1350 1940 ‚
1387 1879 1523 1951 qua
1568 1869 1727 1925 sunt
1768 1853 2087 1925 instructa
2135 1852 2444 1936 [Tamusia
2484 1852 2876 1920 christiann-

645 1982 791 2041 rum
822 2027 837 2056 ‚
886 1969 1057 2043 haec
1109 1986 1449 2069 praestare
1490 1968 1846 2042 connubiis
1888 1968 2223 2040 vetis-ilius
2267 1972 2375 2040 mli
2423 1964 2628 2064 μνῑιιῑῡ
2668 1965 2876 2036 *losti-

650 2085 837 2159 tutis.
898 2085 996 2158 Ex
1058 2085 1167 2158 his
1217 2085 1501 2184 proinde
1550 2083 1881 2158 discimus
1929 2105 2419 2157 sacramentum
2478 2085 2876 2157 matrim-unii

647 2198 1001 2274 christiani
1031 2198 1201 2271 nihil
1230 2199 1413 2273 aliud
1446 2224 1599 2272 csse
1634 2225 1839 2298 quam
1877 2221 2283 2271 contractum
2327 2201 2544 2297 {fisum
2584 2201 2880 2269 sanctifi·-

649 2331 874 2389 catum
902 2374 917 2401 ‚
962 2316 1123 2388 dum
1159 2341 1279 2416 per
1313 2339 1721 2388 consensum
1754 2313 1980 2387 verbis
2019 2341 2131 2385 sou
2175 2317 2447 2385 nutibus.
2492 2341 2876 2413 expressum

652 2455 807 2505 ‘eum
843 2431 1315 2506 contrahentes
1347 2431 1738 2504 conficiunt.
1772 2430 1949 2503 Sane
1974 2488 1989 2518 ,
2031 2433 2087 2501 si
2127 2449 2620 2501 saffrfflnuntmn
2660 2459 2692 2501 a
2732 2457 2880 2501 esm-

650 2565 867 2622 tractu
907 2549 1467 2645 distingueretur,
1527 2548 1726 2645 eique
1773 2562 2111 2645 tamquam
2159 2573 2263 2617 rus
2319 2549 2399 2617 [11.
2439 2573 2516 2617 no
2564 2545 2872 2617 distincta

650 2662 1038 2747 accederet,
1078 2678 1154 2734 ut
1178 2662 1347 2735 scite
1382 2659 1853 2733 animadvertit
1885 2665 2067 2735 card.
2099 2665 2460 2737 Htw-[lilius.
2508 2689 2636 2733 non
2672 2661 2876 2733 *lixis*

647 2791 751 2849 set
804 2775 1202 2862 concilium,
1251 2775 1594 2850 Christum
1651 2775 1896 2848 fecisse
1949 2777 2444 2849 matrimonium
2497 2800 2879 2849 sacramen-

648 2908 826 2976 tum,
874 2889 993 2962 sed
1036 2890 1280 2963 secisse
1326 2889 1818 2964 sacramentum
1871 2890 2262 2964 distinctum
2313 2890 2400 2963 ad
2453 2889 2875 2963 sanctifican-

645 3004 808 3091 dum
845 3004 1342 3078 matrimonium
1371 3063 1386 3091 ‚
1430 3005 1785 3105 eidemque
1832 3005 2333 3103 adiungendum
2368 3009 2496 3101 (8).

796 3121 1143 3193 Praeterea
1168 3178 1183 3206 ‚
1223 3136 1302 3192 ut
1343 3120 1651 3220 apposite
1687 3142 1824 3194 rem
1863 3121 2159 3194 declarat
2183 3112 2635 3194 ⁴Bellarminus
2661 3177 2676 3207 ‚
2718 3145 2877 3193 con-

648 3236 815 3333 iugii
863 3253 1355 3309 sacramentum
1406 3236 1673 3310 duobus
1723 3236 1942 3311 modis
1989 3237 2402 3310 considerari
2448 3250 2685 3337 potest.
2732 3236 2876 3310 Uno

644 3352 845 3426 modo
873 3352 1146 3452 quando
1173 3353 1279 3439 fit,
1324 3352 1535 3425 altero
1569 3352 1844 3453 quando
1875 3368 2219 3453 permanet
2245 3368 2599 3453 postquam
2629 3352 2874 3425 factum

643 3483 772 3541 est.
820 3468 941 3542 Est
974 3468 1154 3541 enim
1191 3468 1688 3541 matrimonium
1733 3468 1959 3541 simile
2006 3466 2479 3555 eucharistiae,
2530 3493 2707 3567 quae
2742 3493 2872 3539 non

644 3583 862 3657 solum
913 3583 1075 3656 dum
1126 3583 1240 3669 fit,
1302 3582 1422 3655 sed
1476 3583 1678 3655 etiam
1734 3582 1895 3654 dum
1937 3598 2315 3681 permanet,
2377 3598 2871 3655 sacramentum

644 3715 770 3772 est.
814 3700 988 3772 Dum
1024 3699 1203 3772 enim
1233 3699 1555 3795 coniuges
1587 3697 1858 3783 vivunt,
1902 3724 2166 3798 semper
2198 3725 2424 3771 eorum
2459 3698 2747 3771 societas
2767 3724 2875 3770 sa·-

642 3831 1057 3888 cramentum
1100 3829 1206 3888 est
1248 3814 1499 3887 Christi
1553 3829 1619 3888 et
1665 3812 2013 3887 ecclesiae.
2068 3815 2267 3902 Nam,
2324 3830 2400 3887 ut
2446 3814 2594 3913 ipse
2659 3811 2868 3886 conti·

643 3945 837 4013 nunt,
877 3931 1106 4027 negari
1141 3957 1274 4003 non
1311 3945 1528 4031 potest
1563 3930 1751 4029 ipsos
1780 3930 2098 4027 coniuges
2132 3929 2333 4002 simul
2366 3930 2824 4002 cohabitantes
2848 3984 2864 4012 ‚

642 4044 784 4119 sive
812 4063 1154 4119 externam
1189 4048 1546 4145 coniugum
1576 4047 1961 4121 societatem
1986 4047 2613 4122 et'coniunctionem
2638 4103 2653 4134 ,
2697 4069 2872 4145 quae

642 4160 988 4235 materiale
1037 4178 1141 4234 cst
1185 4163 1566 4262 symbolum
1610 4179 1954 4237 externum
2001 4163 2250 4235 Christi
2290 4179 2354 4235 et
2405 4159 2732 4234 ecclesiae
2771 4162 2875 4231 in·-

642 4274 1108 4350 dissolubilem
1180 4278 1715 4351 coniunctionem
1772 4276 2106 4364 reserenS,
2174 4276 2750 4379 quemadmodum,
2801 4276 2868 4348 in

784 4432 850 4493 (s)
883 4433 1000 4483 Luc.
1022 4429 1104 4481 cit.
