3276 5083
746 480 884 532 mr.
928 482 999 531 u.
1042 481 1120 532 1)ss
1154 475 1470 533 unusne.
1515 483 1655 534 Aur.
1699 484 1744 533 Ι.
1789 481 2045 544 ΩΠΔΕΒΤ.
2090 487 2296 537 omno.
2532 469 2618 536 69

396 596 633 674 minus
672 596 978 671 eiusdem
1015 597 1257 698 placito
1293 599 1549 687 favent,
1591 626 1766 701 quae
1800 601 1871 673 in
1906 602 2242 702 capitibus
2272 604 2627 704 insequen-

398 715 591 789 tibus
625 714 985 801 habentur,
1027 741 1200 813 quae
1231 714 1318 788 de
1351 714 1484 789 alio
1517 716 1791 789 omnino
1826 732 1983 789 sunt
2013 734 2422 814 argumento.
2458 722 2622 794 Nam

402 832 480 904 in
531 857 677 931 cap.
716 831 881 903 XLI.
932 829 1281 930 praebetur
1306 831 1671 905 ‚instructio
1719 831 1991 906 moralis
2042 833 2488 932 coniugibus3
2554 837 2626 908 in

407 970 556 1045 cap.
587 945 782 1016 XLII.
826 944 1043 1041 agitur
1075 943 1161 1015 de
1194 944 1490 1041 coniugii
1542 944 1770 1033 bonis,
1831 945 2000 1034 fide,
2058 948 2244 1047 prole
2298 963 2364 1020 et
2405 974 2628 1021 sacra-

404 1074 659 1144 mento;
704 1059 777 1129 in
818 1057 1049 1129 XLIII.
1097 1057 1504 1157 expromitur
1552 1057 1964 1133 desiderium
2015 1059 2100 1132 de
2125 1060 2501 1135 ‚abolendis
2553 1063 2622 1134 in

402 1188 743 1274 posterum
804 1171 1246 1245 matrimoniis
1310 1172 1744 1247 clandestinis
1769 1232 1785 1259 ‚
1841 1198 2015 1275 quae
2063 1174 2219 1248 licet
2267 1176 2625 1249 concilium

403 1286 758 1386 prohibeat
780 1342 796 1373 ‚
837 1300 1128 1357 attamen
1154 1286 1214 1358 si
1243 1285 1406 1358 fiant
1428 1344 1446 1370 ,
1474 1301 1621 1366 rata
1646 1313 1727 1359 ea
1752 1288 2089 1385 agnoscit;
2133 1288 2204 1360 in
2229 1316 2378 1390 cap.
2401 1291 2620 1363 XLIV:

400 1398 705 1472 *decernit
752 1398 1053 1498 synodus
1103 1399 1636 1474 coniunctionem
1686 1426 1808 1499 per
1856 1401 2265 1475 sacerdotem
2307 1429 2458 1477 cum
2509 1404 2630 1478 be—

410 1513 787 1593 nedictione
820 1539 900 1587 ac
934 1514 1243 1613 precibus
1287 1516 1464 1587 intra
1510 1517 1861 1588 naissarum
1908 1517 2219 1590 solemnia
2268 1519 2337 1589 in
2380 1518 2628 1619 templo

404 1628 772 1703 secundm
825 1629 1138 1729 antiquos
1189 1654 1480 1702 canones
1518 1644 1585 1702 et
1619 1629 2147 1705 ecclesiasticum
2198 1633 2396 1706 ritum
2449 1634 2620 1706 fieri.
2694 1672 2699 1677 ·

405 1744 590 1816 Vetat
652 1759 872 1834 autem
939 1743 1014 1815 in
1075 1768 1224 1842 cap.
1271 1744 1453 1815 XLV.
1513 1769 1599 1816 ne
1645 1745 2133 1842 coniungantur
2178 1747 2511 1846 peregrini
2562 1763 2630 1821 et

406 1858 652 1954 ignoti,
710 1858 846 1931 nisi
900 1856 1217 1954 legitimis
1282 1857 1682 1931 testimoniis
1732 1874 1987 1934 constet
2034 1858 2120 1932 de
2168 1875 2346 1932 statu
2393 1886 2623 1934 eorum

408 1972 654 2060 liberc;
696 1974 770 2046 in
802 1998 953 2073 cap.
985 1973 1199 2044 XLVI.
1232 1972 1527 2072 loquitur
1574 1972 1662 2045 de
1710 1973 2187 2073 impedimento
2225 1975 2629 2072 consangui-

405 2088 674 2161 neitatis
707 2102 773 2160 et
806 2086 1185 2173 affinitatis,
1226 2085 1537 2158 demum
1521 2114 1592 2158 ιιι
1618 2111 1766 2186 cap.
1796 2086 2043 2158 XLVII.
2077 2086 2352 2184 abrogat
2374 2087 2632 2160 ludicra

404 2202 738 2301 quaedam
780 2202 925 2275 fieri
969 2201 1165 2275 solita
1207 2216 1359 2301 post
1409 2202 1944 2325 coniunctionem
2002 2200 2514 2274 sacerdotalem
2544 2201 2630 2274 ab

409 2315 827 2390 adstantibus
857 2319 925 2412 (3
936 2318 1034 2412 4).
1711 2336 1715 2345 ⁴

558 2429 721 2503 Cum
773 2445 988 2504 autem
1048 2429 1230 2503 solae
1278 2430 1415 2503 sint
1462 2453 1633 2529 quas
1683 2424 2156 2528 expendimus
2173 2426 2624 2515 auctoritates,

405 2545 655 2646 quibus
691 2545 915 2619 Canus
949 2546 1256 2619 innititur
1290 2561 1363 2618 ut
1402 2544 1809 2618 demonstret
1848 2543 2017 2617 alios
2069 2543 2437 2616 sententiae
2469 2568 2634 2616 suae

407 2662 780 2760 praeivisse
804 2719 822 2750 ,
863 2687 1080 2761 neque
1105 2662 1295 2762 ipsae
1327 2686 1467 2733 rem
1500 2659 1858 2733 conficiant
1881 2716 1897 2746 ,
1946 2658 2112 2758 quin
2160 2657 2360 2730 etiam
2411 2655 2631 2731 eidem

408 2777 783 2850 contrariae
832 2777 1005 2864 sint,
1026 2800 1031 2804 ·
1053 2791 1278 2877 aperte
1300 2775 1750 2874 consequitur
1791 2775 2013 2874 ipsum
2065 2798 2295 2846 revera
2344 2774 2632 2873 primum

412 2893 688 2966 omnino
731 2891 944 2965 fuisse
976 2892 1049 2964 in
1082 2891 1367 2965 ecclesia
1398 2891 1564 2978 Dei,
1604 2890 1723 2989 qui
1758 2914 1998 2964 novam
2041 2888 2217 2961 hanc
2258 2887 2631 2962 doctrinam

411 3005 735 3080 invexerit
766 3006 851 3080 de
885 3006 1226 3081 sacerdote
1274 3006 1673 3081 sacramenti
1715 3005 2119 3079 matrimonii
2156 3003 2501 3090 ministro,
2531 3028 2632 3076 ac

415 3129 761 3232 propterea
809 3121 896 3194 de
944 3121 1247 3195 inaudita
1295 3121 1617 3195 hactenus
1644 3120 1804 3194 reali
1832 3118 2261 3192 distinctione
2316 3118 2489 3190 inter
2537 3117 2634 3188 ci-

415 3236 612 3311 vilem
664 3237 1068 3313 matrimonii
1120 3252 1526 3311 contractum
1575 3251 1641 3310 et
1681 3249 2165 3310 sacramentum
2210 3233 2278 3304 in
2321 3231 2631 3328 coniugio

413 3351 805 3427 christiano.

1263 3509 1678 3571 ARTICULUS
1715 3509 1788 3569 ll.

1153 3657 1513 3732 Quaestionis
1548 3671 1904 3734 progressus.

557 3809 678 3882 Vix
739 3806 1059 3884 Melchior
1115 3808 1338 3883 Canus
1403 3834 1641 3884 novam
1696 3835 1885 3884 suam
1938 3801 2335 3881 sententiam
2396 3827 2635 3906 propo-

410 3940 637 3998 suerat
692 3924 778 3996 de
839 3924 1180 3998 sacerdote
1245 3925 1622 4025 nuptiarum
1688 3924 2204 4022 christianarum
2273 3920 2624 4005 ministro,

414 4037 634 4139 deque
687 4038 1115 4114 distinctione
1160 4040 1330 4113 inter
1378 4052 1785 4112 contractum
1820 4054 1887 4110 et
1920 4047 2440 4124 sacramentum,
2482 4056 2631 4107 cum

415 4148 772 4227 nonnullos
797 4148 940 4240 ‚uti
971 4154 1081 4241 fit,
1113 4150 1294 4228 illico
1327 4148 1435 4227 sui
1471 4152 1700 4254 placiti
1733 4148 2247 4251 adstipulatores
2290 4150 2638 4224 nancisce-

416 4282 598 4340 retur
622 4327 638 4355 ,
695 4267 1036 4370 plerisque
1082 4283 1301 4342 tamen
1352 4267 1570 4342 eidem
1635 4265 2264 4342 contradicentibus.
2314 4265 2478 4338 Nam
2530 4261 2632 4335 vel

560 4427 663 4490 (24)
692 4427 770 4478 Gt.
794 4430 929 4480 Acca
947 4427 1134 4482 concil.
1162 4427 1400 4480 nerduini
1423 4429 1543 4480 tom.
1566 4429 1652 4480 lx.
1667 4427 1764 4480 col.
1785 4434 1909 4480 2⁰1⁰
1925 4440 2028 4491 seq.
