3276 5083
708 423 847 492 186
1075 443 1201 493 m.
1242 442 1288 492 ι.
1332 441 1505 493 sscr.
1546 442 1593 491 1.
1635 439 1726 491 ns
1751 440 2012 491 turma.
2044 441 2471 493 memento.

698 562 913 648 duxit,
968 559 1297 636 adiiciens
1355 587 1389 629 α
1434 573 1925 634 sacramentum
1974 584 2108 633 non
2151 585 2305 634 esse
2354 561 2488 635 nisi
2539 562 2705 662 quid
2761 590 2922 640 con-

697 675 936 750 tractui
986 674 1433 750 accessorium
1458 732 1476 761 ‚
1532 672 1620 748 ab
1670 697 1885 772 eoque
1932 672 2311 772 separabile
2342 677 2574 771 (11).»
2600 676 2792 764 Quae
2820 696 2923 754 ta·

700 817 855 865 men
903 789 1205 865 doctrina
1237 790 1416 889 salsa
1448 787 1786 863 declarata
1819 804 1922 862 est
1952 815 1996 861 a
2028 815 2293 864 summo
2320 790 2645 866 Pontifiee
2660 850 2679 879 ‚
2717 809 2922 895 atque

699 922 774 981 ut
820 905 977 981 talis
1027 906 1365 981 damnata.
2652 980 2653 983 ,

841 1023 1123 1097 Demum
1171 1048 1325 1095 cum
1374 1021 1659 1095 ecclesia
1716 1047 2083 1121 numquam
2151 1022 2445 1119 coegerit
2467 1081 2482 1109 ,
2539 1041 2659 1097 aut
2718 1044 2919 1122 cogat

699 1138 788 1211 ad
848 1163 1000 1213 sese
1047 1137 1362 1236 deinceps
1413 1135 1649 1211 saltem
1700 1136 2249 1211 communiendos
2299 1136 2768 1214 benedictione
2813 1166 2922 1213 sa-

701 1249 1018 1327 cerdotali
1061 1277 1177 1325 eos
1193 1308 1212 1337 ,
1255 1251 1371 1349 qui
1415 1275 1838 1350 quacumque
1860 1276 1943 1323 ex
1967 1275 2175 1325 causa
2197 1249 2427 1326 illicite
2450 1253 2920 1328 contrahentes

702 1391 850 1440 eam
885 1391 1017 1440 non
1054 1365 1449 1466 receperint,
1482 1390 1587 1437 ex.
1628 1391 1730 1462 gr.
1763 1389 1914 1452 eos,
1963 1365 2109 1464 qui,
2159 1364 2450 1465 parocho
2498 1365 2870 1442 reluctante
2893 1426 2910 1454 ‚

701 1497 818 1556 aut
841 1481 956 1554 ubi
983 1479 1365 1578 indulgetur
1389 1481 1476 1553 ad
1502 1479 1795 1554 valorem
1822 1481 2202 1580 nuptiarum
2227 1481 2300 1553 in
2324 1482 2660 1579 coniugiis
2694 1484 2919 1558 mixtis

699 1618 922 1671 coram
955 1595 1261 1669 ministro
1296 1595 1668 1669 acatholico
1689 1652 1705 1682 ,
1746 1611 2252 1683 contraxerunt,
2286 1595 2657 1671 luculenter
2686 1614 2917 1672 osten-

700 1708 833 1796 dit,
889 1733 965 1782 se
1012 1709 1342 1784 invectam
1394 1710 1569 1783 hanc
1615 1710 2110 1784 distinctionem
2141 1717 2145 1721 ’
2172 1711 2345 1784 inter
2393 1728 2796 1786 contractum
2846 1730 2918 1785 et

704 1841 1196 1899 sacramentum
1236 1824 1435 1925 plane
1467 1851 1601 1901 non
1636 1851 2022 1924 agnoscere.
2065 1826 2208 1900 Hac
2239 1828 2420 1900 enim
2456 1827 2524 1899 in
2553 1826 2916 1925 hypothesi

704 1940 893 2014 iuxta
931 1940 1351 2015 adversarios
1401 1941 1729 2017 nubentes
1763 1967 1898 2016 non
1936 1942 2349 2042 recepissent
2387 1957 2872 2016 sacramentum
2888 2000 2907 2027 ‚

701 2053 1006 2155 adeoque
1053 2055 1182 2130 etsi
1232 2080 1348 2131 eos
1396 2056 1687 2154 coniugii
1741 2056 1835 2129 ita
1880 2054 2111 2129 illicite
2153 2056 2329 2129 inter
2372 2082 2447 2131 se
2486 2056 2638 2130 initi
2679 2057 2915 2157 poeni-

703 2185 916 2257 teret,
973 2169 1291 2243 deberent
1339 2186 1560 2244 tamen
1610 2170 1681 2242 in
1731 2186 2125 2271 perpetuum
2170 2170 2393 2269 gratia
2450 2171 2917 2246 sacramentali

703 2286 877 2386 ipsis
926 2287 1095 2361 adeo
1145 2286 1525 2362 necessaria
1587 2311 1854 2373 carere;
1921 2286 2105 2386 quod
2169 2286 2442 2386 quidem
2493 2286 2920 2385 pientissima

703 2419 915 2478 mater
944 2402 1231 2477 ecclesia
1264 2429 1627 2502 numquam
1663 2404 1733 2474 in
1768 2403 1929 2476 filiis
1969 2403 2114 2477 suis
2149 2416 2505 2503 pateretur.
2531 2402 2602 2474 Si
2638 2402 2919 2503 proinde

703 2517 993 2593 ecclesia
1040 2518 1142 2593 eis
1191 2517 1476 2615 denegat
1514 2516 2042 2593 benedictionem
2061 2577 2077 2607 ,
2118 2545 2243 2593 nec
2281 2544 2398 2593 eos
2439 2518 2620 2617 cogit
2652 2519 2739 2592 ad
2771 2544 2918 2592 eam

704 2633 838 2707 sibi
877 2633 1393 2732 comparandam
1417 2689 1433 2718 ,
1491 2633 1646 2706 ideo
1695 2650 1833 2720 est,
1870 2634 2070 2733 'quod
2120 2635 2271 2736 ipsa
2320 2660 2441 2734 pro
2490 2651 2670 2709 certo
2719 2633 2920 2707 habet

705 2748 806 2821 sic
853 2747 1319 2821 contrahentes
1367 2773 1556 2833 vere,
1605 2747 1763 2820 licet
1803 2748 2110 2846 indigne,
2156 2766 2648 2824 sacramentum
2689 2775 2920 2824 susce-

706 2861 891 2962 pisse
915 2918 931 2948 ,
988 2860 1251 2936 sublato
1301 2878 1522 2936 autem
1570 2862 1789 2951 obice,
1845 2890 1979 2964 quo
2030 2866 2337 2965 impediti
2370 2882 2527 2941 sunt
2558 2867 2918 2967 quominus

702 2976 987 3049 fructum
1038 3001 1161 3049 seu
1209 2976 1515 3050 effectum
1566 2979 1968 3053 sacramenti
2012 2981 2464 3080 susciperent,
2515 3007 2755 3080 nempe
2783 2980 2920 3052 vim

705 3092 1150 3179 sacramenti,
1208 3117 1381 3192 quae
1429 3092 1804 3180 reviviscit,
1858 3107 2277 3169 sacramento
2323 3095 2567 3193 iugiter
2612 3121 2921 3195 perseve-

704 3224 892 3283 rante
915 3265 932 3296 ,
989 3222 1182 3309 prout
1231 3210 1536 3310 exposuit
1576 3209 2041 3285 Bellarminus.

846 3325 1057 3422 Igitur
1102 3339 1400 3424 spectata
1430 3324 1525 3396 rei
1563 3340 1828 3412 natura,
1869 3326 2295 3426 antiquitatis
2338 3352 2546 3401 sensu
2581 3328 2911 3427 inspecto,

703 3440 1158 3538 ecclesiaeque
1206 3439 1537 3513 sentiendi
1581 3457 1650 3513 et
1687 3441 1929 3539 agendi
1972 3442 2231 3540 ratione
2269 3467 2562 3542 expensa
2586 3501 2603 3530 ‚
2650 3442 2920 3516 conclu-

700 3554 939 3631 damus
987 3580 1263 3628 necesse
1307 3571 1450 3642 est,
1509 3556 1578 3627 in
1627 3557 1963 3655 coniugiis
2009 3557 2527 3632 christianorum
2570 3557 2915 3659 insepara-

702 3671 907 3745 bilem
941 3671 1141 3771 plane
1182 3695 1334 3743 esse
1375 3671 1699 3743 rationem
1740 3689 2116 3747 contractus
2141 3689 2208 3746 et
2230 3673 2671 3759 sacramenti3
2719 3690 2920 3772 atque

704 3786 954 3861 idcirco
978 3803 1380 3860 evanescant
1403 3802 1663 3885 oportet
1696 3805 1935 3862 cuncta
1956 3788 2255 3863 exitialia
2279 3787 2719 3874 consectaria,
2745 3812 2920 3887 quae

701 3902 902 3975 unice
951 3902 1110 3976 huic
1159 3901 1640 4005 separabilitati
1693 3920 1759 3977 et
1808 3904 2219 3979 distinctioni
2271 3907 2644 3980 innituntur
2666 3962 2682 3991 ‚
2727 3920 2796 3977 et
2834 3930 2917 3976 ex

702 4039 782 4090 ea
824 4017 1182 4117 profluunt.

749 4189 762 4196 ,
846 4131 1089 4206 Contra
1133 4158 1290 4207 vero
1341 4161 1421 4208 ex
1468 4135 1809 4209 vindicata
1859 4136 2163 4209 doctrina
2205 4135 2337 4211 hae
2377 4135 2465 4209 de
2505 4132 2921 4234 inseparabi-

701 4249 888 4322 litate
912 4305 928 4334 ,
971 4274 1251 4347 pronum
1292 4267 1396 4323 est
1428 4249 1851 4324 corollarium
1888 4250 2164 4337 inferre,
2205 4252 2383 4352 quod
2422 4250 2491 4323 in
2529 4252 2682 4351 ipsa
2717 4249 2918 4322 huius

846 4399 946 4475 (ιι)
977 4398 1053 4449 ct.
1088 4400 1370 4450 Damnatto
1401 4400 1450 4450 et
1472 4400 1760 4463 prohibitio
1780 4401 1870 4451 eto,
1896 4401 1980 4452 cit.
