3276 5083
766 470 906 520 cu.
939 468 986 517 ι.
1028 468 1109 516 ιιι
1156 465 1419 518 uma.
1460 466 1686 518 civius
1735 466 2003 516 nunu.
2049 467 2188 515 Αιιτ.
2235 467 2305 515 ιι.
2515 443 2651 514 217

434 602 686 666 tractus
709 645 726 675 ,
792 584 1098 684 adeoque
1149 583 1418 656 nonnisi
1483 583 1848 682 improprie
1897 609 2019 681 per
2065 582 2426 656 divortium
2489 583 2659 657 solvi

429 707 767 778 dicuntur.
811 699 896 772 At
928 698 988 771 si
1023 696 1456 797 hypothesim
1505 697 1709 769 etiam
1760 695 2296 770 adversariorum
2346 697 2663 771 concede-

434 844 659 894 remus
683 874 700 904 ,
748 815 809 890 si
851 841 935 889 ex
977 814 1207 887 eorum
1258 812 1625 912 principio,
1683 826 1908 910 atque,
1950 827 2026 885 ut
2056 811 2191 884 dici
2230 810 2434 899 solet,
2463 838 2663 910 argu-

432 950 657 1009 mento
713 932 802 1005 ad
855 932 1172 1004 hominem
1205 942 1475 1002 utamur
1495 986 1511 1014 ‚
1557 927 1626 1000 id
1663 941 1842 1001 certo
1876 926 2244 1000 adversarii
2299 928 2490 1001 fateri
2543 927 2663 999 de-

432 1049 627 1133 bent,
661 1043 977 1141 coniugia
1009 1069 1190 1116 mere
1224 1040 1448 1115 civilia
1470 1098 1486 1126 ‚
1525 1053 1759 1139 utpote
1801 1066 1981 1114 mere
2006 1040 2239 1113 civiles
2275 1056 2656 1114 contractus

431 1161 712 1236 dissolvi
773 1185 1001 1259 posse.
1060 1158 1386 1230 Nimirum
1446 1156 1601 1229 licet
1665 1155 2165 1229 matrimonium
2217 1156 2414 1229 civile
2463 1182 2664 1229 verus

431 1292 614 1350 esset
676 1290 1058 1350 contractus
1093 1330 1109 1359 ‚
1184 1298 1317 1345 non
1386 1287 1569 1345 esset
1624 1287 1848 1343 tamen
1898 1271 2285 1343 necessaria
2342 1269 2664 1369 qualitate

436 1391 785 1518 praeditus
849 1387 1504 1473 indissolubilitatis‚
1564 1385 1869 1484 adeoque
1917 1412 1999 1458 ex
2052 1412 2179 1459 sua
2222 1388 2374 1484 ipsa
2426 1401 2664 1460 natura

438 1504 931 1577 matrimonium
992 1502 1190 1575 civile
1239 1502 1680 1601 proprietates
1739 1499 1971 1574 deiicit
2028 1500 2433 1631 matrimonii
2492 1501 2666 1574 chri-

438 1619 679 1705 stiam,
721 1617 1036 1690 nimirum
1082 1616 1769 1690 indissolubilitatem.

576 1733 747 1809 Velit
792 1732 957 1806 nolit
1004 1731 1222 1805 civilis
1273 1731 1668 1817 auctoritas,
1714 1730 2051 1829 impedire
2098 1732 2374 1805 minime
2420 1732 2665 1832 poterit

435 1848 751 1934 divortia,
792 1873 968 1946 quae
990 1873 1032 1919 a
1058 1846 1316 1920 ratione
1349 1845 1515 1919 meri
1550 1852 1928 1919 contractus
1971 1845 2192 1920 civilis
2235 1863 2476 1945 sponte
2508 1873 2666 1945 pro-

434 1963 715 2036 cedunt:
760 1962 895 2035 imo
929 1961 1130 2033 etiam
1166 1960 1456 2059 ipsamet
1495 1976 1771 2056 cogetur
1819 1958 2023 2032 aliam
2066 1961 2364 2059 proferre
2404 1959 2615 2057 legem
2640 2016 2657 2045 ,

434 2103 570 2177 qua
603 2076 932 2151 eiusmodi
978 2076 1263 2149 divortia
1308 2073 1605 2171 legitima
1655 2075 2054 2150 efficiantur.
2100 2078 2176 2147 ln
2218 2092 2501 2173 utroque
2549 2101 2664 2147 au-

440 2208 570 2263 tem
619 2217 782 2264 casu
822 2189 1096 2264 evidens
1130 2206 1272 2275 est,
1312 2188 1928 2265 indissolubitatem
1963 2190 2317 2264 christiani
2368 2188 2661 2286 coniugii

439 2303 821 2378 labefactari
871 2321 1080 2406 atque
1122 2304 1391 2382 omnino
1440 2329 1771 2379 corruere.

581 2417 855 2491 Sublato
908 2418 1111 2515 igitur
1160 2433 1361 2517 atque
1427 2418 1699 2493 omnino
1752 2419 2076 2492 subverso
2127 2418 2458 2517 principio
2518 2416 2666 2491 reli-

435 2533 626 2631 gioso
651 2593 667 2621 ,
734 2533 916 2634 quod
970 2533 1239 2609 unicum
1265 2561 1581 2634 ‚vereque
1650 2534 1941 2610 solidum
2007 2534 2512 2608 fundamentum
2561 2549 2667 2608 est

435 2649 1049 2725 indissolubilitatis
1084 2651 1458 2747 coniugalis
1479 2708 1495 2738 ‚
1528 2651 1870 2750 quodnam
1897 2648 2081 2724 aliud
2117 2649 2480 2724 substituet
2511 2650 2665 2723 fun-

435 2763 823 2837 damentum
873 2767 1237 2837 auctoritas
1282 2764 1501 2838 civilis
1523 2821 1540 2851 ‚
1582 2791 1759 2863 quae
1793 2765 2185 2838 abstrahere
2210 2791 2285 2837 se
2304 2764 2478 2837 velle
2512 2789 2665 2863 pro-

435 2894 717 2952 testatur
763 2905 806 2952 a
856 2878 1179 2976 religione
1227 2879 1297 2951 in
1345 2880 1491 2953 suis
1544 2880 1807 2977 legibus
1875 2879 2244 2954 condendis
2293 2879 2473 2953 circa
2522 2904 2665 2952 ma-

440 2991 866 3066 trimonium?
902 2992 1197 3066 Profecto
1246 3019 1379 3067 non
1432 2993 1616 3066 aliud
1668 3008 1939 3093 praeter
1987 2994 2202 3091 legem
2247 2993 2616 3067 naturalem
2640 3051 2657 3081 ,

437 3124 555 3180 aut
599 3107 1005 3181 voluntatem
1059 3133 1182 3181 seu
1240 3109 1696 3183 auctoritatem
1757 3137 1950 3183 suam
2004 3136 2125 3207 per
2172 3109 2383 3206 legem
2448 3109 2668 3181 mani-

440 3221 771 3295 festatam.
831 3223 1034 3296 Porro
1091 3238 1447 3322 utrumque
1497 3223 1827 3298 eiusmodi
1892 3224 2398 3298 fundamentum
2463 3221 2665 3296 labile

440 3352 576 3422 est,
632 3363 711 3410 ac
763 3352 945 3411 tanto
994 3338 1259 3413 effectui
1314 3338 1742 3436 producendo
1800 3365 2078 3437 prorsus
2130 3337 2453 3436 ineptum.

594 3450 854 3523 Etenim
922 3451 1139 3549 primo
1210 3451 1427 3550 impar
1491 3469 1595 3526 est
1675 3451 2253 3527 indissolubilitati
2328 3450 2663 3548 coniugali

443 3561 886 3637 stabiliendae
960 3566 1067 3639 lex
1139 3567 1464 3640 naturalis
1511 3624 1527 3654 ‚
1606 3594 1782 3667 quae
1850 3567 2201 3666 multiplici
2274 3567 2668 3665 interpreta-

444 3677 608 3750 tioni
664 3677 948 3752 obnoxia
995 3697 1138 3767 est;
1203 3697 1405 3780 atque
1461 3708 1612 3754 cum
1674 3708 1868 3756 nemo
1927 3683 2098 3754 iuter
2154 3681 2462 3755 homines
2518 3680 2665 3754 eius

438 3792 768 3891 interpres
819 3793 1190 3868 infallibilis
1244 3795 1331 3868 sit
1377 3812 1443 3869 et
1492 3796 1919 3869 authenticus
1955 3855 1970 3883 ‚
2036 3794 2426 3895 praesertim
2488 3796 2666 3869 circa

434 3907 819 3996 articulum,
873 3937 1073 4009 quem
1127 3911 1607 4009 expendimus,
1651 3911 1782 3985 hoc
1816 3912 1966 4010 ipso
2002 3927 2195 3986 nutat
2241 3911 2387 3984 eius
2438 3927 2669 3984 auoto-

441 4022 629 4095 ritas.
665 4022 924 4097 Crescit
970 4051 1129 4098 vero
1179 4025 1544 4099 difficultas
1592 4052 1674 4098 ex
1724 4026 2234 4127 disceptatione,
2276 4051 2451 4126 quae
2499 4026 2670 4098 inter

437 4136 887 4236 philosophos
938 4139 1067 4212 hac
1116 4166 1321 4238 super
1372 4167 1445 4215 re
1489 4141 1669 4238 viget
1701 4159 1768 4214 et
1802 4142 1968 4215 iuris
2005 4139 2331 4215 naturalis
2379 4140 2660 4241 peritos,

432 4251 552 4348 qui
604 4251 674 4322 in
724 4253 951 4325 varias
1002 4251 1252 4325 abeunt
1298 4255 1693 4344 sententias,
1750 4255 1904 4328 aliis
1956 4255 2450 4329 affirmantibus
2479 4314 2493 4341 ‚
2550 4279 2667 4325 ne-

434 4363 756 4455 gantibus
806 4364 985 4452 aliis,
1027 4391 1106 4438 ex
1142 4364 1285 4462 lege
1337 4385 1612 4442 naturae
1662 4369 1929 4468 exposci
1974 4369 2303 4443 eiusmodi
2346 4366 2666 4443 connubii
