3276 5083
645 331 784 403 tot
1026 351 1149 403 m.
1193 353 1240 402 1.
1282 351 1455 403 sacr.
1496 351 1758 402 Atreu.
1801 352 1881 402 nr.
1917 351 2182 403 uram.
2224 350 2438 402 e1v1u.

639 470 917 544 teriores
958 468 1234 569 quidem
1274 467 1483 541 animi
1525 466 2010 566 dispositiones
2056 467 2142 541 ad
2178 469 2303 541 rite
2344 469 2886 568 suscipiendum

625 601 1128 661 'sacramentum
1169 583 1314 658 sola
1346 583 1552 680 exigit
1584 583 1895 657 conseien
1904 584 2022 671 tia,
2064 599 2132 656 at
2164 583 2251 656 ad
2287 583 2633 683 ponendos
2666 603 2888 660 actus

637 717 945 776 externos
996 700 1204 797 cogit,
1260 726 1413 773 cum
1463 724 1636 797 opus
1688 714 1793 772 est
1823 755 1838 785 ‚
1897 699 2244 772 sanctione
2306 715 2577 772 externa
2626 700 2888 775 catho-

634 815 768 890 lica
814 815 1173 889 auctoritas
1216 817 1392 909 (85).

779 928 963 1001 Nihil
1011 929 1367 1003 adiicimus
1402 929 1489 1001 de
1535 928 1995 1001 conformitate
2035 944 2152 1001 aut
2190 928 2619 1002 difformitate
2668 931 2879 1028 prin-

595 1064 605 1073 ·
634 1044 961 1144 cipiorum
1004 1042 1452 1140 legislationis
1487 1041 1789 1115 liberalis
1825 1068 1979 1115 cum
2015 1041 2426 1139 obligatione
2456 1068 2595 1142 qua
2627 1042 2874 1145 civilia

633 1161 1141 1258 obstringuntur
1188 1157 1517 1256 gubernia
1549 1157 1636 1230 ad
1679 1156 2017 1255 cogendos
2067 1158 2250 1232 cives
2291 1174 2368 1231 ut
2410 1173 2596 1232 actus
2639 1175 2872 1233 exter-

633 1301 759 1349 nos
808 1275 1013 1347 edant
1060 1298 1232 1373 quos
1268 1272 1355 1346 ab
1398 1271 1573 1371 ipsis
1622 1272 1926 1371 exposcit
1958 1270 2193 1368 religio
2230 1288 2446 1347 status
2471 1331 2487 1361 ‚
2527 1274 2690 1373 quia
2727 1273 2869 1349 hac

632 1392 719 1465 de
760 1417 834 1464 re
876 1388 1041 1463 satis
1090 1388 1386 1461 diximus
1413 1446 1429 1476 ‚
1477 1413 1632 1462 eum
1675 1403 2139 1461 exenteremus
2184 1388 2590 1489 principium
2639 1389 2718 1460 de
2780 1391 2866 1462 li-

635 1507 875 1578 bertate
907 1505 1355 1588 conscientiae,
1390 1530 1511 1577 seu
1545 1504 1632 1576 de
1667 1501 1972 1576 libertate
2007 1505 2303 1602 pessime
2335 1504 2539 1578 etiam
2574 1505 2855 1602 agendi.

774 1620 915 1691 vll.
973 1618 1297 1707 Additur,
1338 1619 1520 1719 quod
1556 1620 1616 1691 si
1651 1645 1885 1692 verum
1929 1636 2111 1694 esset
2157 1619 2657 1693 matrimonium
2692 1645 2860 1694 con-

632 1734 808 1808 trahi
850 1761 892 1807 a
924 1733 1273 1808 catholicis
1309 1759 1443 1807 non
1478 1757 1681 1833 posse
1703 1790 1719 1820 ,
1761 1734 1927 1833 quin
1964 1732 2077 1807 ille
2112 1749 2299 1807 aetus
2319 1761 2441 1832 per
2470 1735 2861 1808 benedictio-

629 1876 776 1923 nem
804 1849 1266 1922 sacerdotalem
1287 1849 1373 1922 ad
1399 1847 1682 1947 gradum
1709 1849 2111 1923 sacramenti
2146 1850 2490 1937 evehatur,
2524 1849 2594 1922 id
2617 1877 2855 1924 verum

629 1981 809 2039 esset
847 1964 1159 2039 omnibus
1193 1964 1262 2035 in
1296 1963 1500 2038 locis:
1542 1979 1612 2036 at
1642 1989 1800 2038 vero
1836 1963 2269 2037 tridentinum
2303 1989 2437 2037 non
2471 1964 2652 2060 viget
2701 1965 2861 2037 ubi-

628 2106 800 2180 que,
840 2106 919 2153 ac
953 2104 1149 2179 porro
1192 2077 1474 2174 intelligi
1526 2078 1762 2177 nequit
1811 2077 2147 2176 quomodo
2192 2103 2300 2151 res
2327 2136 2343 2165 ‚
2385 2079 2457 2150 in
2493 2105 2628 2178 qua
2667 2080 2859 2179 apud

627 2194 817 2292 ipsos
867 2191 1233 2266 catholicos
1284 2190 1571 2264 habetur
1614 2191 1932 2279 varietas,
1989 2191 2321 2289 pertineat
2354 2191 2440 2264 ad
2476 2192 2718 2290 dogma
2741 2193 2857 2266 vel

628 2308 712 2384 ad
767 2307 1196 2408 disciplinam
1244 2306 1695 2380 universalem
1719 2364 1734 2393 ‚
1793 2323 1860 2380 et
1914 2306 2251 2406 quomodo
2302 2306 2854 2380 anticatholicum

628 2447 783 2496 esse
832 2422 1049 2521 possit
1095 2419 1165 2491 in
1215 2445 1419 2517 regno
1469 2419 1828 2519 subalpino
1861 2478 1877 2507 ‚
1936 2419 2115 2520 quod
2159 2419 2321 2493 alibi
2358 2435 2460 2494 est
2492 2421 2691 2521 plane
2744 2448 2859 2496 ea·

628 2534 973 2610 tholicum.
1038 2532 1447 2634 Reponimus
1496 2534 1712 2635 primo
1780 2551 2109 2609 oratorem
2160 2534 2463 2608 omittere
2511 2561 2593 2610 ea
2638 2537 2850 2611 verba

628 2651 983 2726 debuisse:
1018 2678 1141 2748 per
1178 2651 1674 2723 benedictionem
1705 2651 2172 2723 sacerdotalem
2192 2706 2210 2735 ,
2252 2667 2327 2724 ut
2359 2652 2635 2750 saepius
2670 2651 2853 2724 dixi-

626 2790 803 2837 mus.
860 2763 1118 2837 Deinde
1169 2763 1762 2838 animadvertimus
1789 2822 1804 2850 ,
1864 2765 2322 2839 auctoritatem
2383 2765 2709 2840 ecelesiae
2772 2768 2846 2839 in

628 2878 895 2976 legibus
950 2877 1245 2952 ferendis
1294 2878 1899 2953 matrimonialibus
1919 2938 1934 2967 ‚
1967 2895 2169 2980 atque
2200 2883 2268 2952 in
2297 2881 2424 2954 hac
2450 2883 2848 2956 nominatim

626 2994 774 3093 lege
799 3053 816 3083 ,
858 2994 1193 3094 pertinere
1226 2995 1311 3068 ad
1348 2994 1590 3092 dogma
1613 3053 1628 3082 ‚
1680 2996 1982 3095 adeoque
2030 3023 2235 3070 unam
2271 2995 2400 3070 hac
2434 2996 2520 3071 de
2556 3023 2628 3070 re
2662 2998 2844 3098 apud

768 3253 869 3317 (85)
897 3253 975 3304 ct‘.
1007 3252 1209 3304 Civile&
1229 3252 1478 3304 cattoltca
1503 3253 1554 3303 in
1578 3253 1671 3302 art.
1695 3254 1784 3315 qui
1805 3252 2118 3304 inscribitur:
2153 3253 2210 3303 11
2235 3257 2415 3317 potere
2440 3258 2671 3306 coatltoo
2692 3254 2835 3306 della

623 3331 797 3384 chiesa
827 3346 878 3382 n.
903 3335 1030 3383 cxl.
1047 3330 1278 3382 seconde
1303 3335 1435 3382 serie
1456 3333 1557 3382 vol.
1581 3333 1714 3381 vm.
1742 3337 1815 3382 14.
1838 3331 2075 3383 Novemb.
2098 3336 2233 3383 1854.
2255 3333 2308 3383 in
2330 3347 2430 3397 quo
2452 3333 2665 3397 perbelle
2682 3334 2838 3383 totum

618 3411 714 3463 hoc
729 3412 1068 3475 argumentum
1088 3412 1333 3462 evolvitur
1354 3411 1590 3462 adversus
1614 3410 1871 3462 modernas
1887 3411 2116 3462 theorias

767 3490 845 3541 ct.
870 3489 1017 3541 etism
1049 3492 1322 3554 Taparclliz
1347 3494 1534 3554 Saqylo
1562 3493 1805 3541 teoretico
1827 3490 1884 3541 di
1907 3490 2092 3541 diruto
2110 3490 2362 3542 naturale
2384 3492 2484 3542 vol.
2507 3494 2570 3543 11.
2590 3492 2711 3543 diss.
2728 3494 2834 3543 vn.

613 3572 793 3622 Drino
819 3569 1270 3635 spectate.cap.11.
1290 3571 1494 3621 sociem
1516 3573 1790 3621 cristiana.
1814 3570 1860 3634 §.
1885 3573 1946 3620 11.
1971 3584 2020 3620 n.
2049 3574 2183 3621 1432.
2205 3570 2285 3620 ed.
2309 3584 2433 3622 rom.
2459 3578 2595 3622 1855.
2621 3571 2706 3621 ubi
2727 3584 2840 3623 eum

617 3650 714 3702 sibi
745 3650 1078 3715 proposuisset
1108 3650 1473 3701 difficultatem:
1506 3670 1531 3694 «ι
1546 3653 1619 3701 La
1640 3651 1804 3701 chiesa
1820 3651 1849 3700 e
1870 3663 1969 3700 una
1986 3649 2169 3700 societa
2186 3650 2484 3714 spirituale.
2506 3654 2717 3715 Dunque
2736 3664 2835 3701 non

616 3731 684 3782 hs
704 3731 849 3782 alcun
870 3730 1041 3782 diritto
1063 3732 1139 3782 sul
1163 3732 1448 3782 materiale»
1469 3745 1622 3795 respa
1646 3733 1743 3781 «Se
1760 3745 1844 3795 per
1859 3731 2055 3781 sociem
2065 3731 2347 3794 spirituale
2367 3732 2632 3782 intendono
2650 3731 2842 3782 sociata

616 3807 674 3859 di
701 3812 907 3874 spiriti,
941 3810 989 3860 la
1027 3823 1274 3874 premessa
1308 3809 1337 3860 e
1377 3810 1526 3873 salsa3
1560 3823 1613 3861 se
1644 3811 1725 3874 poi
1757 3810 2024 3862 intendono
2069 3809 2253 3860 societ&
2290 3798 2467 3860 diretta
2507 3824 2538 3859 a
2571 3810 2668 3861 fine
2704 3810 2839 3875 spiri·

599 3889 759 3953 tusle,
780 3888 809 3939 e
831 3890 954 3940 salsa
977 3890 1027 3940 la
1050 3903 1379 3954 conseguenza
1398 3909 1422 3934 υ
1446 3889 1580 3953 quod
1604 3889 1782 3940 deinde
1804 3890 1912 3941 ruse
1931 3889 2132 3940 evolvit.

762 3970 826 4020 Et
842 3969 942 4019 vol.
964 3972 1004 4020 1.
1028 3969 1152 4020 diss.
1178 3973 1261 4020 tv.
1285 3983 1392 4033 cap.
1417 3973 1502 4020 lv.
1523 3973 1615 4020 art.
1634 3972 1701 4020 11.
1717 3969 1763 4034 §.
1786 3972 1826 4019 l.
1848 3983 1899 4018 n.
1918 3976 2025 4020 888.
2051 3988 2076 4011 «
2092 3970 2161 4019 Le
2183 3982 2304 4032 pene
2321 3969 2552 4032 adunque
2570 3969 2621 4019 in
2644 3969 2708 4020 ιε]
2731 3982 2843 4019 csso

613 4061 828 4113 possono
849 4049 1105 4114 adopt-arsi
1122 4051 1295 4100 contro
1318 4048 1333 4099 i
1355 4049 1584 4100 violatori
1604 4048 1735 4099 della
1756 4048 1991 4112 religione
2012 4062 2042 4100 a
2065 4049 2385 4112 proportione
2402 4048 2532 4099 della
2552 4050 2693 4113 colpe
2706 4086 2723 4111 ,
2747 4061 2845 4099 non

614 4127 695 4193 gia
726 4141 811 4193 per
835 4128 947 4179 rarli
971 4127 1067 4193 pii,
1097 4141 1129 4179 o
1159 4128 1393 4180 credenti
1413 4141 1511 4193 per
1526 4127 1718 4191 serm,
1752 4141 1834 4179 ms
1871 4127 2048 4193 perche
2078 4141 2176 4179 non
2209 4129 2407 4179 turbino
2432 4129 2481 4178 la
2502 4128 2682 4179 sociale
2711 4126 2845 4178 unita

615 4209 866 4272 religiosa,
899 4208 1140 4259 elemento
1168 4208 1603 4273 importantissimo
1623 4208 1676 4260 di
1697 4209 1928 4274 pubblica
1948 4207 2156 4271 felicita,
2180 4221 2212 4260 o
2233 4209 2360 4260 colla
2388 4209 2549 4260 saisita
2572 4208 2699 4261 delle
2731 4208 2836 4259 dot·

614 4289 742 4343 trine
762 4302 794 4340 o
813 4288 943 4342 collo
960 4288 1195 4340 scandalo
1214 4288 1343 4353 degli
1365 4290 1597 4353 esempi.»

3151 4737 3177 4792 n
3141 4401 3179 4666 Τῆ-τέ’,
