3276 5083
583 452 723 502 cn.
749 450 838 500 lv.
864 452 947 503 DE
971 449 1211 503 Aneun-
1237 452 1353 501 PRO
1381 452 1539 502 Luc-13
1566 454 1647 505 nt
1674 452 1864 506 unu.
1888 453 2018 503 clv.
2041 454 2184 504 ΔΜ.
2210 454 2304 504 111.
2462 434 2600 507 397

378 570 751 658 innuimus,
786 571 1227 670 proprietates
1263 569 1665 670 praecipuas
1700 570 2047 645 constituit
2080 570 2417 669 coniugii,
2461 577 2604 646 uni-

381 702 581 761 tatem
629 686 888 763 scilicet
929 702 996 761 et
1038 687 1717 772 indissolubilitatem;
1759 687 2011 789 quibus
2053 687 2238 761 nulla
2280 715 2603 789 umquam

376 819 672 903 potestas
715 803 1039 902 derogare
1076 802 1290 877 valuit
1338 803 1637 877 humana
1670 806 1850 900 (79).
1884 804 2191 878 Indidem
2226 821 2604 882 contractus

342 919 970 994 *divino-naturalis
1022 919 1348 1017 originem
1402 919 1812 995 matrimonii
1865 920 2215 996 constituit
2267 922 2337 995 in
2388 925 2606 997 omni-

372 1034 503 1109 bus
549 1035 736 1108 Adae
778 1035 1100 1135 posteris,
1144 1060 1267 1109 nec
1301 1062 1342 1108 a
1377 1033 1522 1132 lege
1556 1035 1855 1109 humana
1890 1037 2181 1136 positiva
2236 1039 2593 1138 dependet.

376 1152 612 1249 Leges,
656 1177 834 1252 quae
867 1151 1189 1250 deinceps
1230 1151 1300 1224 in
1344 1151 1661 1224 societate
1710 1152 1890 1226 circa
1939 1154 2324 1252 coniugium
2363 1155 2605 1230 consti-

376 1281 557 1339 tutae
597 1281 755 1339 sunt
779 1323 795 1353 ,
838 1292 1205 1365 numquam
1249 1267 1474 1365 ipsum
1519 1266 1849 1365 attingere
1898 1267 1968 1339 in
2021 1294 2148 1342 sua
2196 1285 2437 1344 natura
2487 1297 2604 1370 po-

375 1394 647 1453 tuerunt
682 1438 698 1466 ,
762 1380 883 1454 sed
935 1379 1156 1454 solum
1205 1380 1512 1455 eiusdem
1571 1380 1868 1479 coniugii
1919 1382 2198 1457 effectus
2248 1384 2315 1456 in
2368 1384 2604 1460 ordine

373 1495 461 1569 ad
531 1494 941 1568 societatem.
1003 1496 1178 1569 Sane
1227 1522 1381 1569 cum
1448 1521 1824 1571 consensus
1877 1497 2128 1572 efficiat
2190 1514 2603 1574 contractum

373 1610 829 1706 coniugalem,
861 1609 1065 1683 ethic
1091 1610 1382 1710 pendeat
1422 1610 1510 1683 ab
1559 1611 1786 1685 animo
1819 1612 2356 1686 contrahentium
2382 1670 2398 1702 ,
2439 1640 2602 1714 quo-

284 1784 293 1789 .
371 1726 574 1801 modo
625 1741 854 1826 posset
895 1725 1233 1799 humanus
1276 1724 1622 1823 legislator
1659 1726 1842 1799 hunc
1881 1743 2294 1801 contractum
2331 1729 2462 1802 sibi
2500 1757 2603 1803 ar..

373 1870 610 1941 rogare
639 1901 657 1931 ,
715 1868 867 1916 cum
928 1841 1015 1916 ab
1066 1842 1368 1916 interiori
1417 1841 1781 1917 voluntatis
1832 1858 1985 1917 actu
2036 1844 2355 1942 pendeat,
2400 1861 2603 1945 atque

376 1959 446 2030 in
488 1973 820 2056 potestate
871 1958 961 2031 sit
1009 1959 1301 2055 partium
1338 1957 1408 2030 in
1444 1959 1897 2032 eonscientiae
1931 1958 2114 2045 foro,
2158 1959 2303 2033 sive
2336 1959 2408 2031 in
2441 1985 2601 2034 con-

377 2071 698 2145 cubinatu
725 2129 741 2158 ,
801 2072 946 2147 sive
994 2072 1066 2143 in
1115 2097 1274 2145 vero
1323 2072 1752 2145 matrimonio
1803 2072 2047 2169 degere
2103 2076 2249 2168 (80)
2276 2073 2313 2144 i>

517 2186 685 2259 Cum
722 2186 927 2283 igitur
951 2186 1261 2259 Christus
1297 2186 1478 2260 hunc
1512 2186 2152 2260 divino-naturalem
2187 2204 2597 2262 contractum

372 2302 460 2376 ad
507 2302 903 2401 dignitatem
953 2301 1352 2375 sacramenti
1405 2301 1623 2375 evexit
1670 2328 1793 2400 per
1852 2302 2293 2378 adiectionem
2343 2303 2599 2401 gratiae

376 2443 567 2506 suae,
602 2417 772 2491 nihil
800 2417 978 2491 circa
1002 2418 1149 2491 eius
1177 2417 1482 2491 intimam
1517 2418 1897 2491 immutavit
1918 2434 2262 2506 naturam,
2293 2419 2598 2519 adeoque

373 2560 527 2609 cum
562 2534 733 2608 nihil
770 2534 838 2607 in
877 2533 1006 2608 hac
1042 2561 1113 2607 re
1145 2533 1407 2608 dederit
1440 2560 1760 2635 umquam
1814 2534 2124 2635 potestati
2171 2534 2553 2635 principum
2572 2591 2589 2623 ,

377 2676 501 2724 nec
525 2649 733 2723 ullam
770 2649 1113 2750 principes
1141 2649 1210 2721 in
1236 2676 1391 2723 eum
1427 2650 1697 2751 penitus
1733 2649 2116 2735 habuerint,
2157 2666 2275 2723 aut
2306 2649 2602 2724 habeant

376 2781 771 2863 potestatem
812 2780 1076 2865 praeter
1109 2763 1321 2851 illam,
1363 2790 1540 2864 quae
1574 2763 1798 2837 adhuc
1823 2764 1895 2835 in
1922 2764 2093 2863 ipsis
2126 2780 2232 2838 est
2252 2790 2334 2838 ac
2367 2790 2597 2864 perse-

372 2896 592 2966 verat;
650 2896 857 2953 restat
889 2896 963 2953 ut
998 2879 1251 2953 nullam
1290 2878 1491 2953 aliam
1526 2895 1782 2980 partem
1818 2878 1951 2953 sibi
1986 2905 2300 2977 arrogare
2333 2880 2598 2979 possint

377 2993 509 3064 nisi
559 3019 731 3080 eam,
787 3020 963 3092 quae
1012 2994 1279 3093 attingit
1327 2994 1607 3068 effectus
1658 2994 2022 3068 exteriores
2072 3011 2140 3068 et
2184 2994 2443 3068 civiles.

517 3189 616 3251 (79)
649 3187 791 3246 Quod
827 3190 1078 3252 perspicue
1108 3190 1347 3252 expressit
1376 3189 1495 3239 Pius
1524 3192 1609 3238 vl.
1635 3189 1685 3238 in
1709 3189 1813 3238 suis
1835 3187 2012 3238 litteris
2033 3187 2097 3238 ad
2125 3187 2406 3252 episcopum
2426 3187 2601 3251 Agriae

369 3269 497 3319 datis
521 3268 709 3320 11.1ul.
741 3273 871 3320 1789.
895 3270 945 3318 in
968 3269 1147 3333 quibus
1169 3269 1432 3332 praemissa
1454 3268 1623 3318 divina
1657 3269 1954 3319 matrimonii
1991 3267 2316 3331 institutione,
2340 3268 2409 3318 ita
2439 3281 2604 3332 prose·

375 3350 722 3414 quitum-Quo
741 3350 998 3401 manifeste
1019 3355 1168 3414 putet,
1184 3349 1556 3400 mtrimonium
1571 3350 1650 3400 vel
1673 3351 1722 3399 in
1741 3350 1847 3412 ipso
1866 3350 1999 3399 statu
2023 3351 2254 3409 naturae,
2273 3362 2333 3399 ac
2356 3361 2473 3399 sane
2492 3350 2607 3404 ante

373 3431 532 3481 multo
554 3444 703 3495 quam
724 3431 786 3481 ad
810 3432 1007 3495 proprie
1029 3431 1149 3481 dicti
1170 3431 1463 3481 sacramenti
1483 3431 1771 3493 dignitatem
1789 3430 2099 3493 eveheretur,
2116 3429 2189 3479 sic
2205 3429 2442 3480 divinitus
2461 3429 2598 3480 insti-

376 3512 537 3560 tutum
564 3523 696 3573 esse,
721 3512 777 3559 ut
804 3524 971 3560 secum
1008 3511 1183 3560 asserat
1214 3513 1502 3574 perpetuum
1534 3509 2020 3573 indissolubilemque
2049 3523 2256 3570 nexum,
2285 3509 2372 3572 qni
2396 3507 2602 3573 proinde

373 3590 510 3639 nulla
529 3590 665 3641 civili
687 3593 791 3654 lege
812 3592 938 3642 solvi
962 3593 1127 3654 queat.
1143 3593 1318 3654 ltaque
1334 3591 1451 3641 licet
1464 3590 1905 3643 sacramentiratio
1926 3604 1956 3639 a
1979 3589 2292 3641 matrimonio
2308 3589 2497 3653 seiungi
2513 3602 2598 3639 va-

372 3670 496 3732 leat,
530 3671 668 3721 velut
698 3673 822 3721 inter
859 3671 1111 3734 infideles,
1135 3670 1299 3721 adhuc
1320 3673 1485 3721 tamen
1505 3671 1556 3720 in
1578 3670 1665 3720 tali
1682 3670 2023 3732 matrimonio,
2055 3668 2296 3732 siquidem
2325 3680 2496 3719 verum
2527 3668 2604 3721 est

374 3751 740 3801 matrimonium
753 3790 768 3816 ‚
790 3755 1004 3815 perstare
1027 3751 1189 3814 debet,
1206 3753 1506 3815 omninoque
1527 3754 1712 3815 perstat
1729 3753 1993 3815 perpetuus
2011 3750 2094 3800 ille
2115 3763 2287 3810 nexus,
2304 3749 2390 3812 qui
2403 3763 2433 3799 a
2448 3749 2606 3812 prima

370 3831 558 3895 origine
576 3830 748 3881 divino
776 3832 882 3882 iure
900 3834 1213 3882 niatrimonio
1242 3832 1310 3882 ita
1336 3832 1593 3894 adhaeret,
1617 3835 1676 3882 ut
1697 3831 1820 3881 nulli
1839 3830 2003 3881 subsit
2020 3830 2155 3881 civili
2181 3829 2458 3894 potestati.»

523 3914 625 3976 (80)
655 3915 728 3963 De
746 3914 840 3963 hoc
859 3916 1144 3977 argumento
1166 3915 1272 3964 tuse
1294 3914 1418 3964 etex
1444 3914 1664 3976 professo
1691 3925 1893 3975 agemus
1913 3911 1962 3960 in
1984 3912 2139 3963 attero
2170 3910 2315 3961 libro.
2336 3912 2564 3961 ceterum
2581 3946 2598 3974 ,

371 3994 412 4044 si
432 3994 514 4043 cui
542 3994 707 4043 minus
724 3993 939 4043 arrideat
963 3994 1081 4043 haec
1103 3996 1361 4057 sententia,
1377 4007 1526 4056 quam
1549 3996 1714 4057 postea
1734 3991 2067 4054 excutiemus,
2091 3991 2141 4041 in
2161 3993 2390 4055 promptu
2410 4003 2601 4055 semper

374 4077 449 4125 est
471 4075 747 4138 responsio,
769 4073 905 4137 quod
925 4087 1011 4137 per
1024 4074 1324 4124 evectionem
1340 4075 1620 4124 contractus
1640 4072 1914 4135 coniugalis
1928 4071 1988 4122 ad
2009 4072 2296 4135 dignitatem
2309 4070 2602 4122 sacramenti

372 4167 401 4205 a
423 4156 622 4208 Christo
644 4156 855 4219 tactam3
884 4155 980 4206 hoe
1000 4155 1109 4217 ipso
1127 4155 1497 4206 matrimonium
1531 4156 1892 4204 sacramentum
1912 4166 1941 4203 a
1962 4151 2266 4217 principibus
2297 4152 2604 4204 subtractum

374 4247 404 4283 a
426 4236 621 4286 christo
640 4237 734 4298 sit,
763 4250 822 4286 ac
845 4235 1088 4299 principes
1110 4235 1196 4298 qui
1217 4235 1504 4298 profitentur
1528 4234 1811 4296 religionem
1838 4234 2181 4296 christianam,
2206 4246 2384 4283 novam
2409 4231 2602 4282 relatio·

366 4326 474 4364 nem
496 4329 611 4379 erga
630 4315 887 4367 ecclesiam
911 4314 1090 4364 habere
1107 4351 1123 4377 ,
1152 4327 1279 4377 quae
1301 4327 1398 4364 non
1418 4313 1538 4363 sinit
1554 4327 1638 4363 eos
1660 4312 1711 4362 in
1729 4312 1941 4375 coniugii
1964 4312 2218 4363 vinculum
2239 4311 2568 4376 antiquaiura
2581 4346 2598 4372 ,

371 4393 412 4442 si
435 4408 560 4456 quae
581 4410 798 4459 unquam
821 4396 1122 4456 habuerunt,
1146 4407 1437 4445 conservare
1450 4430 1467 4456 ,
1490 4393 1615 4443 utin
1634 4392 1860 4456 pluribus
1881 4392 2018 4454 aliis,
2043 4393 2098 4444 ut
2118 4407 2210 4444 suo
2232 4393 2342 4444 ioco
2363 4392 2600 4444 dicemus.
