3276 5083
706 449 845 497 cn.
887 447 975 497 vr.
1018 448 1098 496 nn
1131 447 1332 498 metr.
1375 448 1596 500 coma.
1640 451 1716 499 ετ
1759 450 1935 501 sica.
1974 451 2117 501 nr.
2168 455 2212 503 1.
2432 429 2570 505 18¹²

364 562 638 643 articuli
667 562 1102 663 inscriptione
1135 564 1640 640 enunciavimus
1658 604 1689 651 ς·
1715 565 2028 639 nimirum
2055 567 2125 639 in
2157 570 2580 647 matrimonio

366 679 669 754 fidelium
692 735 708 765 ,
740 676 858 751 ubi
885 702 1020 752 non
1044 677 1328 752 habetur
1360 695 1845 755 sacramentum
1864 738 1881 766 ,
1921 706 2140 780 neque
2172 698 2578 760 contractum

365 792 736 891 legitimum
786 790 1048 865 haberi.

423 972 432 984 .
512 909 679 983 Nam
714 907 774 980 si
809 907 881 980 in
914 908 1269 983 connubiis
1301 908 1720 998 christianis,
1758 910 2088 987 celebrato
2123 914 2579 1003 matrimonio,

366 1022 553 1098 nulla
601 1037 912 1123 superest
954 1022 1292 1098 distinctio
1333 1010 1531 1099 realis
1571 1024 1745 1100 inter
1789 1041 2199 1101 contractum
2245 1044 2311 1103 et
2357 1050 2581 1104 sacra-

361 1153 665 1213 mentum
691 1194 710 1224 ,
765 1136 934 1212 adeo
980 1152 1056 1211 ut
1101 1148 1589 1212 sacramentum
1637 1155 1705 1213 et
1751 1155 2128 1215 contractus
2185 1141 2333 1217 sint·
2367 1169 2578 1217 unum

363 1253 683 1353 idemque
702 1307 721 1340 ,
768 1252 1041 1327 emnino
1087 1254 1393 1353 sequitur
1425 1253 1521 1326 ibi
1564 1279 1699 1329 non
1740 1253 1975 1329 haberi
2024 1270 2437 1331 contractum
2484 1256 2584 1333 le-

364 1370 673 1466 gitimum
703 1394 831 1442 seu
861 1367 1158 1442 validum
1177 1426 1193 1457 ,
1224 1369 1341 1442 ubi
1375 1396 1508 1444 non
1543 1369 1828 1443 habetur
1858 1388 2374 1445 sacramentum.
2409 1372 2580 1450 Hinc

370 1484 516 1558 fere
557 1509 1122 1583 supervacaneum
1169 1483 1383 1558 videri
1435 1500 1666 1583 posset
1720 1485 2026 1584 pluribus
2085 1485 2254 1560 adeo
2311 1488 2581 1589 compi-2

368 1624 564 1673 cuam
611 1598 955 1672 veritatem
1004 1598 1370 1672 adstruere.

513 1712 846 1799 Quoniam
874 1726 1096 1787 tamen
1134 1713 1254 1813 qui
1292 1714 1701 1789 novitatibus
1739 1715 2039 1803 student,
2081 1741 2447 1816 numquam
2470 1714 2583 1796 ἅθπ

365 1828 594 1900 sinunt
623 1826 1082 1955 perniciosam
1123 1827 1495 1902 doctrinam
1535 1828 1926 1917 obtrudere,
1967 1829 2152 1904 iuxta
2191 1856 2431 1930 quam,
2477 1845 2579 1905 et-

367 1940 570 2014 iamsi
617 1939 690 2013 in
741 1940 1075 2039 coniugiis
1131 1941 1518 2023 christianis
1577 1969 2001 2045 quacumque
2047 1944 2134 2021 de
2182 1970 2390 2021 causa
2446 1970 2581 2025 non

365 2055 716 2129 habeatur·
739 2071 1230 2129 sacramentum
1253 2114 1269 2144 ,
1327 2073 1547 2132 teneat
1594 2058 2034 2134 nihilominus
2083 2060 2579 2141 matrimonium

367 2170 444 2243 in
492 2170 748 2244 ratione
791 2187 1172 2247 contractus
1220 2172 1539 2269 legitimi,
1577 2199 1824 2271 operae
1855 2174 2142 2271 pretium
2191 2200 2344 2251 esse
2389 2173 2581 2249 duci-

365 2310 528 2359 mus
542 2339 561 2372 ,
603 2284 771 2384 ipsis
816 2285 947 2360 hoc
983 2286 1184 2362 etiam
1222 2286 1551 2385 effugium
1596 2289 2001 2387 praeripere.
2059 2289 2255 2375 Quod
2303 2288 2578 2389 quidem

365 2397 565 2473 facile
597 2398 674 2472 fit
703 2414 840 2472 tum
888 2426 971 2473 ex
1014 2400 1250 2475 intima
1282 2401 1378 2475 rei
1416 2418 1687 2487 natura,
1729 2417 1869 2476 tum
1909 2427 1991 2475 ex
2030 2401 2335 2477 doctrina
2374 2402 2581 2477 ecele÷

361 2514 547 2604 siae,
597 2530 737 2590 tum
778 2514 1073 2617 denique
1115 2543 1198 2590 ex
1241 2516 1555 2616 analogia
1595 2545 1748 2596 cum
1786 2518 2222 2594 sacramentis
2270 2516 2575 2618 reliquis<

505 2632 684 2705 Sane
717 2646 958 2706 natura
990 2633 1144 2732 ipsa
1166 2632 1290 2721 rei,
1321 2659 1458 2734 qua
1498 2633 1585 2710 de
1624 2633 1870 2732 agitur,
1902 2635 2204 2734 exposcit
2236 2650 2314 2711 ut
2350 2633 2580 2716 nullus

363 2747 640 2845 agnosci
688 2746 930 2822 debeat
976 2747 1318 2846 legitimus
1360 2775 1485 2826 seu
1523 2749 1792 2826 validus
1830 2766 2208 2828 contractus
2246 2751 2425 2828 iuter
2463 2777 2583 2826 nu·

361 2860 598 2940 bentes
612 2918 632 2950 ,
679 2860 800 2935 ubi
849 2888 982 2936 non
1031 2861 1318 2937 habetur
1363 2889 1788 2964 quacumque
1823 2890 1906 2938 ex
1945 2890 2156 2940 causa
2202 2890 2583 2950 sacramen-,2

365 2993 505 3054 tum
527 3032 566 3064 ,,
591 2978 653 3051 si
702 2993 1194 3058 sacramentum
1242 2978 1647 3054 matrimonii
1688 2978 1786 3051 nil
1827 2978 2013 3052 aliud
2052 2978 2142 3053 sit
2177 3005 2382 3078 quam
2423 3004 2584 3062 con—

364 3108 616 3172 tractus
641 3092 979 3189 legitimus
1006 3092 1135 3166 sub
1158 3092 1403 3168 debitis
1430 3092 1926 3167 conditionibus
1951 3093 2361 3168 celebratus:
2392 3094 2581 3193 atqui

367 3232 450 3280 ex
510 3207 713 3282 dictis
771 3207 1108 3281 eiusmodi
1168 3222 1274 3282 est
1328 3207 1736 3284 matrimonii
1802 3223 2325 3286 sacramentum:
2389 3227 2579 3305 ergo,

363 3320 434 3395 si
475 3347 614 3398 non
660 3319 946 3404 habetur
985 3337 1478 3398 *sacramentum
1501 3378 1517 3408 ,
1568 3347 1788 3421 neque
1836 3336 2212 3396 contractus
2266 3320 2574 3410 habetur,

364 3435 654 3521 Quando
701 3437 984 3536 proinde
1031 3452 1519 3512 sacramentum
1559 3458 1695 3512 non
1736 3438 1847 3525 fit,
1892 3437 2042 3513 ideo
2090 3430 2231 3526 est,
2277 3437 2440 3538 quia
2480 3437 2581 3516 fa·—

365 3566 522 3624 ctus
567 3577 699 3626 non
747 3569 853 3628 est
895 3568 1274 3628 contractus
1313 3553 1685 3650 legitimus3
1734 3551 2096 3653 alioquin
2078 3578 2211 3628 iam
2254 3568 2436 3634 esset
2468 3579 2582 3628 sa·-

368 3682 817 3741 cramentum:
871 3691 1032 3766 ergo
1081 3684 1379 3768 spectata
1427 3668 1664 3743 intima
1712 3685 1950 3743 natura
1998 3669 2133 3756 rei,
2182 3667 2415 3743 haberi
2465 3694 2582 3744 ne-

365 3781 518 3882 quit
566 3799 941 3859 contractus
988 3783 1106 3858 ubi
1159 3809 1291 3857 non
1340 3784 1624 3858 habetur
1672 3800 2189 3859 sacramentum.

375 3975 388 3985 ,
509 3898 833 3974 Rursum:
883 3918 1371 3975 sacramentum
1412 3900 1762 4000 speciatim
1804 3899 2143 3987 consistit,
2189 3924 2312 3972 seu
2353 3898 2586 4000 nequit

366 4013 634 4113 concipi
668 4014 851 4114 quod
885 4013 1046 4089 hinc
1078 4015 1352 4115 quidem
1389 4013 1519 4102 sit,
1560 4013 1748 4088 illinc
1782 4041 1917 4089 non
1944 4013 2033 4088 sit
2058 4029 2578 4100 sacramentum,

365 4152 486 4201 seu
511 4154 595 4201 ex
621 4143 810 4228 parte
834 4127 947 4216 sit,
968 4154 1049 4201 ex
1073 4145 1262 4228 parte
1281 4153 1441 4204 vero
1463 4155 1596 4203 non
1616 4129 1731 4217 sit;
1754 4142 2241 4204 sacramentum
2267 4127 2446 4202 enim
2471 4142 2588 4202 aut

368 4242 697 4342 integrum
729 4245 820 4318 sit
855 4259 1115 4344 oportet
1138 4271 1217 4319 ac
1240 4245 1606 4346 perfectum
1633 4244 1707 4317 in
1733 4269 1891 4332 sua,
1923 4269 2124 4346 quam
2145 4258 2421 4332 vocant,
2450 4242 2585 4317 sor-

368 4357 526 4432 mali
557 4359 814 4434 ratione
834 4417 850 4448 ,
884 4375 998 4433 aut
1020 4358 1277 4434 nullum
1303 4377 1407 4437 est
1431 4359 1725 4438 omnino.
1752 4361 1954 4454 Porro
1980 4358 2260 4438 materia
2275 4357 2585 4456 proxima
